5017 6142
396 451 525 517 149

394 639 445 703 t‘
527 639 668 704 enti.
754 639 857 704 27.
928 637 1540 707 Casti-ametabuntur
1637 647 1841 709 autem

391 730 417 790 t
465 725 477 738 “
655 725 850 791 Aser:
908 729 966 791 et
1018 726 1318 810 princeps
1375 727 1652 809 filiorum
1705 728 1873 793 Aser
1934 729 2054 795 erit
2109 728 2330 814 Paqiel

390 809 571 891 filius
632 808 895 876 chran.
984 810 1087 877 28.
1153 811 1243 877 Et
1303 813 1607 879 exercitus
1666 814 1833 895 eius,
1895 817 2327 898 numeratique

395 916 605 960 eorum
618 945 634 975 ,
709 916 903 961 unum
978 902 1038 961 et
1107 898 1524 982 quadraqinta
1601 899 1807 964 millia
1872 904 1928 965 et
1989 901 2327 984 quinqentsi.

395 981 501 1048 29.
573 980 808 1047 Tribus
883 982 1027 1046 item
1115 982 1479 1065 Nephthali:
1555 989 1613 1047 et
1683 985 1976 1069 princeps
2047 985 2328 1067 filiorum

398 1065 759 1150 Nepbtbali,
803 1065 1013 1133 Abira
1040 1067 1217 1148 filius
1256 1064 1468 1135 Euan.
1554 1069 1657 1135 30.
1722 1067 1811 1134 Et
1851 1072 2151 1138 exercitus
2190 1072 2328 1138 eius

392 1152 824 1234 numeratique
920 1172 1161 1233 eorum,
1251 1155 1382 1220 tria
1472 1174 1515 1218 a
1593 1155 2041 1239 quinquaqinta
2117 1159 2326 1226 millia

392 1242 580 1320 atque
619 1238 1073 1320 quadrinqenti.
1161 1239 1264 1304 31.
1330 1238 1555 1306 Omnes
1596 1243 1906 1307 numerati
1944 1242 2016 1307 in
2056 1246 2325 1310 exercitu

392 1322 578 1396 Dan,
649 1328 884 1388 centum
924 1324 1132 1390 millia
1191 1329 1247 1390 et
1299 1326 1751 1410 quinquaqinta
1812 1332 2034 1410 septem
2098 1331 2324 1411 millia,

390 1411 574 1491 atque
612 1407 914 1473 sexcenti:
944 1411 1243 1491 postremi
1272 1411 1740 1491 proficiscentur
1761 1432 1886 1494 per
1919 1414 2149 1481 vexilla
2180 1437 2319 1482 sua.

390 1494 497 1558 32.
565 1491 690 1559 Isti
752 1498 899 1558 sunt
951 1496 1262 1560 numerati
1327 1496 1607 1577 filiorum
1671 1498 1882 1564 Israel
1932 1520 2056 1581 per
2117 1502 2325 1568 domos

379 1584 646 1659 patrum
685 1598 968 1660 suorum,
1016 1600 1226 1646 omnes
1280 1584 1587 1648 numerati
1627 1583 1738 1663 qui
1777 1588 1952 1649 erant
1987 1585 2059 1650 in
2099 1588 2325 1654 castris

376 1685 504 1747 per
536 1670 781 1729 turmas
820 1684 975 1729 suas
988 1716 1002 1741 ‚
1048 1671 1327 1731 sexcenta
1369 1668 1500 1733 tria
1539 1669 1747 1735 mdlia
1790 1674 1968 1751 atque
2008 1672 2325 1757 quinqenti

385 1751 859 1833 quinquaqinta.
952 1750 1053 1817 33.
1148 1749 1468 1819 Caeterum
1542 1753 1792 1819 Levitae
1863 1775 1984 1820 non
2069 1759 2324 1840 fuerunt

382 1837 699 1900 numerati
742 1837 901 1902 inter
937 1838 1105 1920 filios
1143 1836 1352 1903 Israel
1787 1860 1895 1904 um
1926 1849 2323 1927 praeceperat

387 1920 622 1987 Iehova
703 1920 887 1988 Mosi.
978 1923 1080 1988 34.
1158 1923 1249 1987 Et
1321 1923 1596 2005 fecerunt
1664 1925 1791 2007 filii
1872 1925 2078 1992 Israel
2138 1930 2321 1995 iuxta

379 2007 597 2072 omnia
647 2027 805 2088 quae
842 2007 1166 2092 praecepit
1209 2007 1439 2074 Iobova
1498 2008 1706 2076 Mosi:
1760 2012 1852 2076 sic
1905 2016 2323 2081 castrametati

382 2098 538 2157 sunt
564 2112 686 2175 per
722 2094 956 2160 vexilla
995 2114 1117 2159 sua
1132 2144 1147 2174 ,
1197 2095 1408 2176 sicque
1429 2096 1695 2178 profecti
1725 2101 1870 2161 sunt
1912 2099 2170 2182 quisque
2200 2121 2323 2182 per

378 2177 680 2259 familias
717 2197 889 2260 suas,
917 2200 1042 2262 per
1080 2180 1329 2245 ἅοηιαηι
1359 2186 1619 2262 patrum
1659 2202 1931 2247 suorum.

563 2347 621 2412 1.
678 2347 765 2412 Ec
813 2348 1098 2431 loquutus
1136 2355 1230 2416 est
1284 2349 1529 2416 Iehova.
1616 2350 1800 2418 Haec
1843 2351 2143 2418 ordinum
2190 2354 2320 2422 dis·

383 2432 662 2498 tributio
726 2434 947 2499 valere
1021 2435 1245 2501 debuit
1313 2435 1396 2501 ad
1453 2438 1904 2503 contentiones
1969 2440 2320 2508 tollendas:

384 2518 543 2603 quia
598 2519 729 2584 nisi
783 2520 965 2584 Deus
1030 2522 1170 2603 ipse
1224 2542 1415 2585 suum
1478 2522 1836 2606 quibusque
1891 2523 2166 2608 gradum
2224 2549 2324 2593 as·

383 2606 746 2687 signasset,
805 2614 879 2669 ut
928 2606 1224 2691 ingenita
1286 2614 1387 2671 est
1448 2606 1824 2675 hominibus
1889 2610 2184 2690 ambiti0,
2243 2613 2322 2680 de

384 2688 640 2754 honore
703 2692 876 2755 inter
930 2712 1000 2756 se
1056 2700 1430 2758 certassent.
1518 2693 1837 2758 Familiae
1891 2694 2131 2761 Ruben
2186 2699 2319 2781 pri-

380 2775 702 2859 mogeniti
767 2797 970 2860 grave
1032 2777 1266 2843 fuisset
1330 2777 1573 2842 honore
1637 2799 1755 2843 suo
1820 2779 2078 2846 cedere:
2147 2785 2316 2866 quod

382 2862 443 2926 si
487 2881 764 2944 poenam
808 2863 931 2927 sibi
976 2862 1294 2927 inflictam
1340 2883 1544 2946 aequo
1584 2865 1802 2929 animo
1845 2866 2178 2946 subiisset,
2237 2892 2320 2935 ex

381 2967 515 3028 quo
578 2947 974 3031 ignominiae
1031 2947 1337 3013 damnata
1399 2958 1568 3028 erat,
1635 2949 1874 3015 reiecta
1926 2951 2160 3018 fuisset
2237 2956 2318 3020 ab

381 3032 537 3096 aliis
601 3033 672 3096 in
739 3032 1039 3098 ultimum
1120 3034 1351 3099 locum.
1438 3033 1583 3099 Iam
1653 3036 1733 3100 de
1809 3037 2320 3105 concubinarum

383 3117 545 3182 filiis
603 3125 817 3182 motae
871 3128 1090 3184 essent
1152 3118 1325 3184 lites:
1394 3120 1547 3202 quia
1610 3130 2119 3189 consentaneum
2187 3147 2319 3191 non

379 3209 737 3286 putassent
784 3204 898 3285 qui
950 3225 1033 3268 ex
1077 3205 1219 3270 Lea
1262 3215 1328 3270 et
1370 3204 1622 3270 Rachel
1665 3208 1807 3271 nati
1851 3217 2069 3287 erant,
2128 3232 2323 3294 supe-

379 3289 623 3353 riorem
659 3288 791 3354 illis
834 3289 1043 3355 locum
1089 3289 1262 3355 dare.
1331 3290 1434 3356 Ad
1473 3291 1649 3367 haec,
1687 3302 1765 3357 ut
1798 3294 2069 3376 quisque
2102 3297 2321 3361 multi·

380 3374 618 3438 tudine
672 3382 739 3438 et
792 3375 978 3457 copia
1027 3374 1361 3441 bominum
1405 3377 1794 3460 praestabat,
1852 3376 2143 3445 duxisset
2199 3380 2320 3447 sibi

376 3459 527 3523 fieri
570 3459 898 3537 iniuriam,
944 3462 1070 3526 nisi
1114 3461 1277 3526 alios
1321 3461 1753 3543 praecederet.
1844 3463 1948 3529 Ita
1991 3487 2319 3550 nunquam

377 3544 505 3609 filii
584 3543 855 3610 Simeon
917 3567 987 3610 se
1050 3546 1170 3612 sub
1237 3546 1553 3612 vexillum
1631 3548 1870 3614 Ruben
1937 3552 2078 3634 cogi
2149 3554 2324 3636 passi

377 3630 680 3695 fuissent.
770 3630 1015 3695 Iterum
1097 3632 1293 3697 etiam
1364 3633 1742 3716 disceptatio
1803 3643 2031 3700 exorta
2095 3635 2327 3704 fuisset

377 3715 561 3779 inter
602 3715 770 3780 filios
814 3715 1133 3800 Ephraim
1193 3724 1260 3782 et
1301 3717 1625 3784 Manasse.
1713 3719 1856 3786 Has
1899 3742 2054 3806 ergo
2099 3742 2324 3790 omnes

376 3799 612 3865 turbas
657 3801 840 3867 Deus
883 3802 1082 3867 semel
1125 3806 1540 3886 compescuit,
1583 3806 1674 3869 ita
1721 3803 2046 3889 dispositis
2081 3807 2324 3874 ordini-

378 3887 541 3965 bus,
608 3895 680 3950 ut
745 3887 1020 3970 quisque
1087 3908 1272 3953 suam
1339 3889 1611 3955 classem
1677 3901 2073 3974 agnosceret.
2159 3894 2328 3960 Iuda

378 3973 645 4037 tametsi
692 3982 962 4055 quartus
1007 3981 1149 4037 erat
1192 3975 1371 4039 Leae
1415 3975 1621 4053 filius,
1681 3977 1964 4060 primum
2008 3980 2322 4045 vexillum

379 4058 649 4122 honoris
692 4078 888 4123 causa
932 4056 1149 4137 duxit,
1212 4068 1286 4123 ut
1328 4062 1458 4125 iam
1502 4061 1773 4145 incipiat
1816 4063 2093 4145 quodam
2139 4086 2322 4147 prae-

376 4142 565 4208 ludio
621 4144 860 4207 sanciri
915 4145 1296 4209 vaticinium
1356 4146 1570 4213 Iacob.
1660 4146 1848 4213 Duae
1903 4170 2057 4214 vero
2113 4151 2323 4217 tribus

371 4227 727 4294 adiunctae
786 4238 944 4294 sunt
1000 4250 1165 4312 quae
1223 4251 1294 4296 se
1353 4231 1627 4298 libenter
1690 4232 2085 4300 subiicerent
2147 4236 2323 4304 illius

370 4315 675 4396 imperio,
719 4314 1022 4381 Issachar
1066 4326 1130 4379 et
1178 4316 1497 4381 Zebulon:
1558 4319 1709 4401 quia
1751 4319 2073 4403 originem
2129 4322 2323 4388 duce-

370 4401 547 4465 bant
590 4420 625 4462 a
679 4399 830 4464 filiis
896 4400 1204 4486 ancillae,
1272 4422 1462 4483 quam
1529 4404 1672 4469 Lea
1734 4405 1798 4468 in
1867 4427 2058 4471 suum
2109 4406 2322 4473 locum

372 4484 825 4551 substituerat.
916 4485 1312 4570 Quanquam
1378 4498 1596 4554 autem
1669 4490 1906 4555 Ruben
1977 4513 2014 4556 a
2080 4494 2321 4575 primo-

372 4570 689 4655 genitura
742 4569 1098 4638 exciderat:
1160 4584 1232 4636 ut
1290 4581 1508 4638 tamen
1565 4576 1843 4658 posteris
1892 4575 2135 4659 aliquid
2179 4579 2323 4644 reli-

371 4677 586 4738 quum
629 4666 799 4721 esset
842 4658 1087 4738 solatii,
1145 4659 1427 4724 secundo
1481 4660 1727 4725 vexillo
1778 4663 2142 4743 praefectus
2187 4676 2319 4729 est:

370 4742 553 4806 duae
596 4741 802 4807 tribus
858 4742 1229 4824 adiunctae,
1289 4765 1455 4826 quae
1499 4745 1581 4810 ob
1624 4747 2144 4813 coniunctionem
2192 4772 2319 4815 non

373 4826 653 4891 moleste
726 4827 979 4892 ferrent
1045 4828 1165 4894 sub
1229 4829 1406 4895 illius
1475 4831 1672 4897 ductu
1738 4833 2050 4912 militare,
2116 4836 2321 4902 tribus

375 4911 656 4978 Simeon
698 4914 920 4979 fratris
954 4916 1211 4995 uterini,
1248 4924 1315 4979 et
1350 4915 1560 4982 tribus
1605 4916 1775 4990 Gad,
1811 4940 1974 5000 quae
2017 4919 2321 4985 similiter

371 5020 465 5062 ex
512 4998 747 5063 ancilla
792 5000 967 5064 Leae
1012 5003 1352 5085 progenita
1389 5012 1548 5067 erat.
1629 5002 1771 5068 Iam
1813 5013 1887 5069 ut
1930 5003 2056 5070 duo
2099 5007 2321 5089 populi

368 5085 620 5148 fierent
663 5106 744 5149 ex
790 5106 918 5151 uno
953 5087 1164 5170 capite
1206 5086 1466 5169 Ioseph,
1510 5087 1639 5152 Dei
1674 5090 2090 5155 autoritatem
2126 5091 2322 5157 inter-

370 5168 614 5236 cedere
670 5172 984 5253 oportuit:
1043 5173 1281 5254 alioqui
1339 5195 1445 5237 res
1492 5174 1780 5239 venisset
1835 5175 1904 5239 in
1962 5185 2320 5243 certamen:

369 5255 536 5338 quia
594 5266 661 5319 et
714 5256 932 5322 odiosa
987 5277 1104 5340 per
1149 5279 1217 5323 se
1278 5268 1422 5324 erat
1471 5259 1927 5343 inaequalitas,
1987 5270 2054 5327 et
2110 5263 2320 5328 videri

370 5349 638 5425 poterat
693 5339 923 5407 domus
989 5342 1120 5424 illa,
1181 5365 1312 5409 non
1377 5345 1517 5411 sine
1584 5345 1856 5410 aliarum
1923 5349 2320 5415 contumelia

1923 644 2327 710 iuxtaewm

1794 455 2196 523 REDI'I'US
2241 458 2368 524 AD
2411 456 2955 530 HISTORIAM.

4243 465 4370 534 150

2428 647 2497 711 in
2564 647 2839 716 sublime
2902 648 3147 715 extolli.
3225 649 3414 716 Adde
3461 649 3632 733 quod
3678 650 3801 716 filii
3861 651 4169 719 Manasse
4222 655 4368 721 iure

2429 741 2703 799 naturae
2777 736 3028 820 priores
3107 756 3441 819 nunquam
3508 736 3590 801 ad
3654 737 4016 820 parendum
4078 738 4368 806 fuissent

2428 817 2709 897 adducti,
2753 821 2886 886 nisi
2925 821 3377 903 interpositum
3420 821 3654 887 fuisset
3694 823 3969 889 coeleste
4010 822 4361 891 decretum.

2429 902 2779 970 Caeterum
2844 928 2973 970 non
3030 906 3245 987 potuit
3307 906 3536 972 melius
3602 907 3824 993 colligi
3879 911 4205 977 exereitus
4249 910 4364 976 ille

2428 1008 2623 1072 quam
2678 1012 2759 1055 ex
2817 992 2969 1056 filiis
3021 991 3303 1057 Rachel:
3359 992 3510 1075 quia
3562 994 3821 1076 propior
3861 993 3993 1059 illis
4029 1004 4170 1062 erat
4207 1016 4363 1063 con-

2427 1076 2854 1160 sanguinitas.
2944 1076 3048 1141 De
3133 1077 3418 1160 primatu
3505 1078 3698 1142 etiam
3784 1090 4053 1162 quartae
4138 1081 4363 1148 classis

2425 1161 2592 1226 acris
2635 1161 2845 1242 potuit
2878 1182 3019 1227 esse
3050 1160 3408 1227 dimicatio:
3452 1162 3603 1245 quia
3637 1163 3933 1247 iniquum
3969 1176 4113 1231 erat
4145 1167 4361 1233 filium

2426 1245 2703 1311 ancillae
2766 1248 3071 1312 constitui
3129 1246 3385 1326 ducem,
3445 1257 3639 1331 atque
3692 1250 3784 1313 ita
3840 1250 4156 1333 praeferri
4198 1252 4363 1336 legi-

2425 1331 2584 1396 timo
2618 1332 2753 1396 filio
2790 1333 2997 1406 Leae,
3057 1342 3124 1398 et
3166 1332 3353 1398 alteri
3396 1333 3530 1397 filio
3575 1332 3913 1415 Rachelis‚
3972 1338 4356 1419 praesertim

2424 1437 2625 1499 quum
2682 1417 2874 1483 unice
2921 1416 3196 1483 dilectus
3248 1418 3479 1483 fuisset
3535 1418 3885 1484 Beniamin
3942 1441 3982 1485 a
4030 1421 4361 1488 communi

2424 1501 2717 1567 omnium
2763 1510 2945 1585 patre
2987 1502 3199 1569 Iacob.
3289 1502 3529 1569 Valere
3578 1503 3838 1586 quidem
3897 1504 3979 1570 ad
4038 1505 4359 1574 tollendas

2423 1608 2650 1652 omnes
2692 1588 2869 1654 rixas
2911 1589 3070 1653 satis
3112 1608 3432 1671 superque
3477 1587 3697 1654 debuit
3738 1589 3916 1656 solus
3957 1592 4083 1657 Dei
4128 1602 4360 1659 nutus:

2423 1693 2651 1738 verum
2694 1674 2846 1756 quia
2887 1672 3271 1752 liberaliter,
3326 1683 3391 1738 et
3426 1681 3696 1756 paterno
3742 1676 3949 1758 magis
4005 1696 4198 1760 quam
4255 1697 4362 1742 re-

2423 1757 2529 1841 gio
2572 1778 2754 1823 more
2796 1778 3023 1843 regere
3066 1758 3341 1835 volebat,
3386 1779 3608 1824 eorum
3652 1769 3805 1827 voto
3848 1762 4066 1844 potius
4108 1762 4360 1828 obtem-

2421 1845 2675 1926 peravit
2730 1865 2920 1926 quam
2970 1844 3216 1910 invitos
3272 1852 3545 1928 cogeret.
3634 1844 3982 1911 Caeterum
4038 1848 4190 1931 quia
4233 1849 4362 1914 hu·

2422 1949 2615 1994 mano
2650 1928 2916 1994 arbitrio
2952 1950 3086 1994 non
3119 1938 3419 2014 poterant
3461 1929 3678 1994 dirimi
3711 1933 4084 2013 certamina,
4115 1934 4360 2000 iterum

2421 2014 2488 2079 in
2548 2016 2681 2080 fine
2722 2015 2951 2097 eapitis
3008 2013 3244 2080 dicitur
3300 2015 3530 2080 Mosen
3592 2015 3758 2080 nihil
3817 2018 4026 2102 egisse
4088 2019 4219 2085 nisi
4274 2039 4361 2085 ex

2420 2098 2551 2165 Dei
2605 2099 2931 2165 mandato.
3020 2098 3235 2165 Simul
3293 2112 3515 2165 tamen
3557 2100 3924 2167 obedientia
3977 2104 4198 2188 populi
4243 2125 4360 2169 no·

2420 2193 2633 2264 tatur,
2690 2183 2856 2269 quod
2902 2185 3078 2250 Mosi
3120 2185 3373 2269 placide
3421 2185 3762 2268 obsequuti
3818 2188 3983 2255 sint:
4036 2191 4187 2272 quia
4231 2189 4357 2256 hoc

2421 2269 2612 2335 modo
2675 2272 2892 2335 testati
2959 2279 3115 2336 sunt
3178 2292 3248 2337 se
3313 2271 3547 2337 Mosen
3608 2292 3954 2354 agnoscere
4011 2295 4240 2342 verum
4291 2282 4361 2339 et

2419 2355 2677 2422 fidelem
2712 2356 2839 2422 Dei
2875 2356 3276 2423 ministrum:
3312 2356 3472 2421 haec
3507 2355 3681 2420 enim
3717 2357 4032 2423 modestia
4067 2360 4360 2425 sincerae

2421 2462 2581 2526 erga
2635 2442 2847 2507 Deum
2907 2442 3172 2524 pietatis
3225 2441 3565 2508 individua
3607 2450 3708 2507 est
3748 2462 3995 2520 comes,
4052 2453 4128 2509 ut
4171 2443 4360 2527 quid·

2421 2526 2577 2610 quid
2623 2549 2662 2592 a
2704 2526 2992 2610 probatis
3050 2528 3191 2593 eius
3245 2526 3564 2592 ministris
3605 2527 3676 2592 in
3720 2526 4009 2595 medium
4063 2530 4362 2611 affertur,

2421 2623 2801 2678 reverenter
2841 2612 3118 2697 populus
3162 2612 3464 2696 excipiat.

3016 2950 3363 3018 NUMER.
3410 2950 3608 3018 OAP.
3652 2952 3779 3018 III.

2599 3123 2656 3188 1.
2701 3123 2845 3189 Hae
2894 3128 3042 3188 sunt
3143 3123 3517 3188 enerationes
3578 3121 3843 3189 Aharon
3903 3128 3961 3189 et
4015 3122 4220 3189 Mosis
4283 3142 4362 3189 av

2425 3229 2546 3291 quo
2595 3209 2884 3291 loquutus
2934 3214 3023 3274 est
3123 3208 3309 3273 ehova
3360 3208 3446 3272 ad
3500 3207 3718 3274 Mosen
3771 3210 3842 3274 in
3891 3214 4086 3274 monte
4145 3208 4357 3275 Sinai.

2424 3296 2484 3360 2.
2533 3295 2706 3360 Haec
2746 3300 2953 3360 autem
2994 3299 3142 3359 sunt
3177 3294 3431 3358 nomina
3468 3292 3747 3374 liliorum
3788 3294 4080 3360 Abaron:
4108 3296 4360 3378 primo-

2418 3382 2667 3465 qenitus
2711 3379 2959 3459 Nadab,
3002 3384 3056 3444 et
3082 3377 3316 3458 Abihu,
3363 3378 3645 3444 Eleazar
3665 3384 3721 3444 et
3743 3380 4049 3445 Ithamar.
4110 3381 4169 3446 3.
4216 3380 4359 3447 Ista

2421 3471 2573 3531 sunt
2623 3467 2877 3531 nomina
2924 3464 3201 3546 liliorum
3265 3462 3530 3529 Aharon
3581 3466 3965 3530 sacerdotum
4015 3472 4358 3547 unctorum

2422 3572 2685 3634 quorum
2703 3555 3155 3617 consecraverat
3176 3569 3436 3614 ntanum
3470 3555 3539 3615 ut
3571 3552 3909 3616 sacerdotio
3928 3551 4356 3634 funqerentur.

2422 3637 2482 3701 4.
2533 3636 2825 3701 Mortuus
2867 3641 2957 3701 est
2996 3640 3200 3700 autem
3244 3635 3474 3700 Nadab
3517 3641 3577 3700 et
3618 3635 3836 3701 Abihu
3877 3655 4085 3701 coram
4108 3635 4360 3717 Ichana,

2424 3722 2675 3805 quando
2722 3721 3061 3786 obtulerunt
3112 3724 3315 3804 iqnem
3370 3725 3689 3786 externtom
3743 3741 3950 3786 coram
4005 3721 4235 3787 Ieliova
4288 3723 4361 3786 in

2424 3809 2657 3874 deserto
2713 3806 2931 3872 Sinai:
2982 3812 3038 3872 et
3088 3806 3218 3888 lilii
3266 3827 3390 3871 non
3438 3805 3694 3888 fuerunt
3747 3807 3864 3886 eis,
3909 3826 3984 3872 ac
4016 3808 4358 3873 sacerdotio

2420 3895 2675 3977 functus
2716 3898 2807 3959 est
2845 3888 3128 3957 Eleazar
3167 3897 3224 3957 et
3267 3891 3554 3956 Ithamar
3595 3911 3801 3956 coram
3845 3891 4140 3958 Aharone
4169 3898 4358 3974 patre

2422 4000 2552 4045 suo.
2655 3976 2715 4043 5.
2779 3978 3103 4059 Loquutus
3156 3982 3246 4043 est
3296 3982 3500 4042 autem
3552 3976 3784 4042 Iebova
3837 3977 3923 4041 ad
3967 3977 4214 4058 Mosen,
4259 3978 4357 4043 di-

2423 4065 2637 4130 cendo:
2700 4064 2756 4128 6.
2815 4063 3341 4146 Appropinquare
3401 4062 3508 4144 fac
3557 4062 3785 4127 tribum
3840 4062 4022 4141 Levi,
4083 4070 4139 4128 et
4192 4068 4363 4129 stare

2419 4151 2631 4233 facias
2670 4169 2809 4214 eam
2847 4168 3057 4213 coram
3092 4148 3387 4213 Aharone
3417 4148 3738 4227 sacerdote,
3782 4153 3850 4213 ut
3891 4149 4240 4213 ministrent
4280 4150 4357 4214 ei.

2425 4238 2483 4302 7.
2530 4234 2619 4300 Et
2659 4234 3013 4300 custodiant
3051 4234 3397 4299 custodiam
3429 4234 3581 4313 eius,
3625 4236 3680 4298 et
3710 4233 4057 4300 custodiam
4078 4235 4359 4299 universi

2422 4325 2624 4386 coetus
2664 4339 2870 4386 coram
2912 4318 3307 4384 tabernaculo
3347 4319 3649 4397 ecclesiae,
3691 4324 3760 4382 ut
3790 4324 4206 4399 exsequantur
4226 4320 4357 4384 cul·

2424 4412 2557 4472 tum
2578 4404 2975 4471 tabernaculi.
3043 4404 3099 4469 8.
3150 4402 3514 4469 Oustodiant
3532 4423 3767 4486 quoque
3808 4404 4017 4468 omnia
4059 4405 4356 4471 utensilia

2422 4491 2807 4557 tabernaculi
2846 4489 3146 4569 ecclesiae,
3190 4490 3647 4570 custodiamque
3695 4488 3976 4570 filiorum
4020 4490 4244 4570 Israel,
4289 4494 4359 4554 ut

2421 4581 2842 4659 exsequantur
2880 4575 3112 4641 cultum
3153 4575 3548 4641 tabernaculi.
3626 4575 3684 4640 9.
3731 4573 3844 4639 Da
3885 4576 4142 4656 inquam
4176 4574 4357 4640 Levi-

2420 4669 2521 4729 tas
2554 4664 2682 4746 ipsi
2702 4661 2964 4726 Alimon
2999 4665 3055 4725 et
3091 4661 3251 4742 filiis
3293 4661 3459 4726 eius:
3500 4660 3653 4740 dati,
3696 4660 3833 4725 dati
3877 4681 4156 4741 namque
4200 4668 4356 4725 sunt

2423 4750 2523 4814 illi
2576 4769 2618 4814 a
2668 4747 2826 4829 filiis
2878 4746 3106 4811 Israel.
3197 4747 3295 4811 10.
3343 4746 3607 4811 Aharon
3661 4750 3866 4810 autem
3907 4751 3963 4810 et
4005 4745 4177 4826 filios
4218 4744 4354 4809 eius

2410 4835 2770 4915 praeficies,
2823 4833 3278 4913 custodientque
3332 4832 3744 4898 sacerdotium
3800 4850 4017 4895 suum.-
4069 4835 4354 4895 externus

2419 4940 2585 5071 {tta
2617 4916 4355 5097 qizfflziffawzassffl‘ffiffiffi

2423 5091 2678 5156 Levitas
2720 5111 2752 5155 e
2792 5088 2993 5154 medio
3029 5088 3311 5170 filiorum
3356 5086 3570 5153 Israel
3619 5087 3741 5152 loco
3797 5105 3997 5149 omnis
4042 5103 4352 5183 primoqe7

2420 5178 2545 5242 niti
2588 5177 2751 5259 quod
2792 5175 2996 5255 aperit
3035 5174 3288 5240 vulvam
3326 5195 3368 5239 a
3406 5173 3566 5255 liliis
3608 5170 3840 5235 Israel:
3894 5175 4185 5251 eruntque
4228 5191 4354 5234 mei

2422 5263 2693 5328 Levitae.
2782 5261 2880 5325 13.
2927 5258 3144 5325 Meum
3185 5279 3453 5341 namque
3500 5263 3590 5323 est
3630 5274 3803 5322 omne
3833 5255 4318 5353 primoqenitwm
4333 5280 4353 5319 :

2421 5369 2462 5414 a
2539 5350 2640 5414 die
2715 5367 2838 5429 quo
2901 5346 3195 5428 percussi
3276 5364 3449 5411 omne
3504 5343 3991 5425 primoqenitum
4050 5361 4120 5405 m
4184 5346 4357 5407 terra
