5017 6142
404 427 529 497 189

403 637 479 683 ac
499 615 738 683 fertilis
772 623 966 680 terra.
1032 613 1259 698 Neque
1282 613 1459 680 enim
1496 614 1737 681 multos
1773 613 2019 681 incolas
2065 612 2183 680 alit
2218 621 2350 681 ste·

405 702 549 768 rilis
589 700 792 787 regio.
879 699 975 766 Et
1015 721 1100 766 ex
1142 699 1484 766 hominum
1531 700 1762 786 vigore
1804 699 1952 768 colli
2004 700 2135 764 'tur
2177 699 2347 767 loco·

406 808 552 854 rum
576 786 949 853 salubritas.
1004 784 1166 851 Ideo
1201 787 1271 851 in
1308 796 1524 853 terrac
1558 786 1851 854 bonitate
1873 793 1941 853 et
1991 805 2148 871 argo
2183 785 2353 850 fruc-

407 882 594 940 tuum
652 879 979 957 proventu
1028 870 1319 938 maxime
1369 872 1636 939 insistit.
1724 870 2120 955 Quanquam
2181 871 2351 937 forte

405 959 740 1026 Israelitas
806 956 1102 1025 consulto
1158 959 1598 1042 praemonitos
1652 979 1795 1027 esse
1858 956 2070 1023 voluit
2149 957 2350 1036 Deus,

407 1066 559 1113 cum
618 1043 854 1111 validis
899 1050 968 1109 et
1008 1042 1296 1110 robustis
1338 1042 1635 1110 hostibus
1678 1044 1817 1108 fore
1859 1044 2224 1128 negotium:
2265 1062 2353 1107 ne

407 1130 624 1198 subito
659 1150 884 1195 eorum
930 1134 1284 1212 conspectu
1328 1129 1543 1195 territi
1587 1128 1964 1196 deficerent.
2048 1126 2183 1194 Sed
2228 1127 2351 1195 hoc

407 1215 1012 1370 wipuuffiffi
1053 1223 1141 1365 ult
1162 1214 1248 1281 ad
1285 1224 1531 1366 tterram
1568 1215 2011 1299 occupandam
2048 1234 2160 1280 eos
2202 1211 2352 1279 dul-

526 1322 567 1369 ο
611 1320 677 1367 et
719 1322 768 1367 u
1032 1322 1071 1366 a
1122 1320 1293 1367 icere
1327 1351 1342 1367 .

578 1386 683 1454 23.
744 1386 836 1452 Et
877 1387 1303 1454 ascenderunt.
1368 1385 1521 1452 Non
1568 1385 1693 1450 fuit
1737 1383 1999 1469 quidem
2035 1383 2167 1450 illis
2210 1402 2350 1449 rec-

407 1481 548 1539 tum
585 1475 716 1539 iter
737 1492 970 1539 versus
1004 1470 1381 1537 meridiem:
1416 1470 1528 1537 sed
1566 1491 1685 1556 per
1718 1470 1894 1536 latus
1928 1469 2352 1536 meridionale

408 1560 682 1645 profecti
753 1570 912 1623 sunt
975 1555 1181 1624 donec
1238 1558 1547 1624 venirent
1613 1556 1847 1623 Rehob
1897 1566 1964 1622 et
2032 1555 2349 1636 Hamath,

406 1644 735 1730 superatis
788 1643 1142 1710 montibus.
1231 1642 1619 1710 celebratur
1677 1653 1898 1707 tamen
1953 1642 2129 1707 inter
2186 1639 2350 1706 alias

407 1732 606 1798 urbes
643 1726 934 1810 Hebron,
977 1730 1050 1795 in
1084 1749 1214 1813 qua
1245 1728 1706 1813 peregrinatus
1739 1728 1952 1794 fuerat
1989 1726 2349 1793 Abraham.

408 1816 501 1883 Et
554 1815 887 1901 probabile
943 1823 1044 1881 est
1086 1824 1221 1881 tres
1264 1814 1432 1881 filios
1475 1813 1781 1900 gigantis,
1828 1813 1942 1897 qui
1988 1812 2096 1880 hic
2138 1813 2350 1878 nomi-

409 1911 688 1982 nantur,
728 1900 892 1967 urbe
934 1899 1050 1966 illa
1093 1900 1332 1985 potitos
1376 1921 1538 1967 esse.
1627 1897 2022 1982 Quanquam
2066 1897 2350 1965 nonnul·

407 1985 492 2054 lis
547 1984 809 2053 videtur
859 1985 1329 2070 appellativum
1388 2005 1629 2051 nomen
1678 2006 1818 2051 esse
1860 1985 2067 2063 Enac,
2123 1992 2190 2049 et
2231 2004 2352 2068 per

410 2072 755 2158 enallagen
781 2073 1045 2138 numeri
1062 2071 1346 2157 positum
1370 2091 1511 2137 esse
1535 2089 1655 2155 pro
1689 2071 1754 2156 gi
1804 2070 2088 2136 antibus.
2156 2068 2353 2136 Certe

406 2157 701 2225 Enakim
760 2156 916 2223 alibi
975 2168 1292 2223 vocantur
1348 2157 1667 2242 gigantes.
1821 2177 1894 2223 ec
1937 2155 2204 2222 dubium
2250 2164 2353 2221 est

408 2245 568 2329 quin
612 2243 686 2309 hi
731 2251 868 2309 tres
910 2264 1187 2327 quorum
1229 2244 1306 2308 fit
1348 2242 1626 2322 mentio,
1681 2261 1955 2325 procera
1988 2250 2239 2307 statura
2283 2248 2354 2306 et

404 2330 694 2398 robustis
728 2328 1108 2413 corporibus
1144 2326 1585 2395 formidabiles
1617 2327 1892 2395 fuerint:
1934 2326 2109 2411 quod
2151 2326 2350 2392 etiam

404 2437 494 2482 ex
571 2414 741 2482 libro
806 2414 1091 2480 Iehosua
1153 2413 1503 2499 colligitur.
1626 2411 1918 2479 Perinde
1981 2412 2187 2498 igitur
2248 2419 2352 2477 est

402 2522 486 2569 ac
519 2502 577 2568 si
614 2499 876 2580 diceret,
921 2500 1149 2567 urbem
1194 2510 1352 2566 tunc
1395 2499 1595 2566 fuisse
1628 2518 1995 2584 possessam
2029 2498 2111 2565 ab
2133 2497 2346 2564 homi·

403 2584 605 2654 nibus
658 2585 984 2654 bellicosis
1051 2593 1121 2653 et
1184 2585 1475 2652 famosae
1535 2584 1886 2669 potentiae.
1993 2584 2345 2651 Caeterum

402 2694 493 2742 ex
527 2674 658 2738 fine
694 2672 927 2757 capitis
956 2671 1234 2756 liquebit
1268 2674 1456 2739 Anac
1489 2670 1693 2737 fuisse
1727 2671 2065 2755 proprium
2100 2689 2345 2736 nomen

401 2758 569 2824 viri:
627 2758 812 2826 ouius
869 2771 1087 2825 tamen
1150 2756 1402 2825 soboles
1448 2776 1790 2842 corporum
1836 2755 2186 2823 altitudine
2229 2777 2343 2820 ex·

399 2844 653 2913 celluit.
743 2841 1090 2910 Laudatur
1134 2851 1361 2928 postea
1415 2851 1713 2911 vetustas
1755 2862 1875 2926 per
1918 2842 2347 2925 comparatio-

398 2951 559 2997 nem
577 2980 593 3010 ,
660 2930 830 3014 quod
891 2929 1142 2997 scilicet
1196 2927 1457 2996 condita
1511 2928 1711 2994 fuerit
1769 2927 2039 2995 Hebron
2087 2933 2341 3010 septem

399 3016 601 3082 annis
644 3024 796 3082 ante
839 3014 1054 3097 Soan,
1118 3036 1316 3083 unam
1362 3034 1445 3080 ex
1489 3015 1855 3099 praecipuis
1897 3013 2166 3080 urbibus
2208 3011 2343 3078 Ae·

540 3103 620 3183 ti,
668 3112 737 3168 et
788 3101 976 3169 cuius
1016 3122 1211 3186 saepe
1252 3103 1329 3168 fit
1370 3099 1619 3167 mentio
1662 3102 1728 3166 in
1776 3101 2119 3185 scriptura.
2178 3098 2342 3164 Pno-

400 3123 542 3255 ffi
585 3187 936 3273 scriptores
979 3187 1193 3254 'fanin
1238 3187 1601 3253 nominant.
1691 3184 1839 3254 Sita
1874 3193 1974 3252 est
2012 3195 2234 3252 autem
2271 3186 2344 3250 in

401 3294 536 3340 nno
581 3295 664 3340 ex
707 3285 956 3358 septem
994 3272 1432 3341 celeberrimis
1466 3272 1603 3339 Nili
1638 3272 1822 3338 ostiis
1856 3269 2028 3355 quod
2065 3273 2146 3340 ab
2183 3271 2345 3337 urbo

400 3360 781 3427 Tanitieum
829 3359 1085 3427 dicitur.
1170 3358 1315 3426 Iam
1352 3379 1553 3442 quum
1598 3377 1722 3423 sua
1765 3341 2155 3441 antiquitate
2199 3357 2344 3442 glo-

400 3445 561 3512 riati
612 3445 865 3512 fuerint
912 3467 1072 3531 prae
1122 3445 1376 3513 cunctis
1419 3442 1724 3530 gentibus
1760 3444 2095 3530 Aegyptii,
2141 3461 2345 3529 appa-

398 3540 508 3597 ret
553 3539 797 3598 terram
840 3531 1159 3598 Chanaan
1203 3530 1425 3597 statim
1462 3550 1504 3596 a
1546 3527 1793 3597 diluvio
1836 3531 2035 3597 fuisse
2077 3529 2346 3615 populo-

396 3615 2047 3788 3312,ssssfflfszssm...‘}z¹;5¹.{.¹{;¹}33..f⁰2‘32‘23?5
2084 3614 2347 3786 3325}

398 3810 589 3856 mum
654 3789 876 3856 sedem
922 3790 1228 3856 fixissent
1288 3809 1567 3873 quorum
1610 3788 1681 3853 in
1727 3788 1999 3855 arbitrio
2045 3796 2184 3853 crat
2230 3786 2349 3853 eli·

398 3896 580 4026 fere.
667 3874 749 3941 In
810 3875 1244 3962 appellatione
1304 3873 1496 3940 vallis
1550 3874 1793 3941 Eschol
1864 3872 2155 3941 notanda
2241 3894 2347 3940 ro-

425 3983 464 4028 e

464 3962 636 4046 psis:
695 3963 790 4029 sic
844 3962 1021 4027 enim
1079 3969 1305 4046 postea
1364 3961 1579 4026 vocari
1638 3961 1850 4046 coepit
1892 3959 1977 4028 ab
2020 3960 2205 4027 Israe
2231 3960 2348 4027 itis
2392 4018 2393 4021 ,

398 4047 484 4114 ob
543 4049 927 4113 memoriam
982 4046 1263 4132 insignis
1326 4045 1514 4129 botri,
1566 4067 1761 4130 quem
1805 4045 1957 4113 inde
2011 4047 2212 4114 fuisse
2251 4044 2346 4111 al·

396 4133 613 4286 Rittium
677 4143 908 4201 narrat
972 4134 1229 4201 Moses:
1295 4131 1492 4217 idque
1548 4133 1852 4260 continuo
1916 4141 2067 4218 post
2128 4132 2349 4217 expri-

872 4510 1005 4578 Ex
1045 4509 1404 4579 NUMER„
1446 4509 1648 4578 OAP.
1683 4507 1885 4576 XIII.

580 4647 665 4714 26
687 4646 756 4736 ¹).
799 4647 1058 4714 Reversi
1094 4649 1246 4712 sunt
1275 4644 1356 4711 ab
1388 4646 1776 4730 expkranda
1807 4652 1978 4712 terra
2007 4651 2154 4730 post
2192 4667 2352 4730 qua-

400 4733 705 4818 drayinta
758 4734 910 4801 die-3.
998 4733 1099 4799 27.
1171 4730 1446 4814 Profecti
1509 4751 1649 4816 erqo
1703 4737 1880 4814 sunt,
1950 4737 2005 4797 et
2059 4738 2353 4799 venemnt

399 4819 495 4884 ad
551 4818 774 4887 Mosen
815 4824 872 4885 et
913 4818 1209 4899 Aluum»,
1266 4821 1325 4884 et
1367 4819 1454 4884 ad
1508 4819 1868 4884 universum
1922 4824 2152 4885 coetum
2190 4818 2351 4893 filio-

399 4925 556 4971 rum
602 4905 842 4986 Israel,
897 4906 969 4970 in
1022 4905 1328 4971 desmm
1375 4903 1599 4970 Paron
1642 4905 1711 4970 in
1759 4904 1990 4971 Gades.-
2033 4911 2090 4971 et
2128 4905 2351 4970 retule-

399 4996 563 5056 runt
603 4992 696 5057 eie
733 5011 884 5071 rem,
926 4995 1107 5075 atque
1143 4991 1433 5056 universo
1464 4991 1676 5070 coetui,
1719 4992 2225 5074 ostenderuntque
2257 4992 2353 5058 eis

398 5075 684 5159 fructum
749 5081 971 5144 terrae.
1068 5076 1173 5143 28.
1251 5075 1698 5143 Narravcrtmt
1751 5096 1894 5161 erqo
1947 5079 2006 5143 ei
2058 5082 2116 5143 et
2169 5077 2347 5144 dixe-

400 5168 590 5229 runt.-
651 5162 1060 5230 Pervenimus
1112 5164 1198 5229 ad
1253 5166 1487 5229 terram
1539 5163 1624 5228 ad
1681 5183 1872 5246 quam
1930 5163 2166 5230 misisti
2207 5182 2352 5230 nos:

584 5352 644 5423 1)
678 5352 839 5409 Hebr.
873 5351 943 5408 25
978 5370 1131 5423 seqq.

1800 422 2210 493 REDITUS
2255 424 2384 491 AD
2428 422 2977 494 HISTORIAM⁴

4279 433 4407 502 190

2453 614 4400 700 etcerteaftluitlacteetmelle:etipseestfmetuseius.

2451 700 2559 767 29.
2629 701 2786 767 Nisi
2841 702 3007 783 quod
3059 701 3248 784 sorbis
3293 707 3387 767 est
3414 700 3694 784 populus
3734 702 3848 783 qui
3889 702 4103 768 incolit
4151 723 4308 787 eam,
4345 711 4405 772 et

2452 786 2639 853 urbes
2690 787 2972 853 munitae
3026 792 3205 868 sunt,
3259 791 3315 853 et
3369 807 3640 871 maynae
3686 788 4056 854 admodum:
4110 809 4185 857 ac
4233 790 4402 873 filios

2452 871 2637 938 Enoc
2671 871 2953 938 vidinms
2984 871 3136 939 illio.
3225 871 3329 938 30.
3375 870 3636 938 Amalec
3675 871 3911 939 habitat
3946 875 4014 939 in
4058 879 4228 941 terra
4278 897 4401 943 me-

2451 959 2748 1024 ridiana.-
2783 958 3121 1025 Hiuhaeus
3158 963 3382 1031 autem,
3418 962 3474 1023 et
3493 956 3853 1039 IebusaeuS,
3888 964 3946 1024 d
3966 961 4402 1030 Amorrhaeus

2451 1042 2808 1110 mamam
2868 1049 3133 1111 montes:
3212 1042 3632 1110 chananaeos
3696 1064 3842 1110 vero
3914 1045 4153 1112 habitat
4213 1050 4400 1116 iuxta

2451 1148 2630 1194 nme
2684 1134 2739 1194 et
2792 1129 2882 1195 ad
2931 1131 3148 1212 ripam
3207 1128 3527 1196 Iordanis,
3616 1128 3719 1196 31.
3788 1130 4018 1197 Tacere
4071 1153 4213 1199 vero
4250 1134 4401 1217 fecit

2460 1213 2645 1282 Calah
3048 1216 3136 1282 ad
3191 1213 3448 1294 Mosen,
3508 1220 3567 1280 et
3605 1215 3800 1282 dioeit:
3841 1215 4246 1285 Ascendendo
4286 1240 4396 1286 as-

2454 1301 2791 1367 cendamus
2839 1307 2895 1367 et
2928 1301 3395 1383 possideamus.-
3436 1320 3586 1365 nam
3619 1302 4044 1384 praevalendo
4072 1307 4402 1386 praeveh-

2454 1385 2662 1452 bimas
2702 1390 2915 1453 contra
2957 1406 3111 1453 eam.
3199 1385 3304 1452 32.
3346 1384 3438 1451 At
3489 1387 3620 1452 viri
3660 1387 3769 1470 qui
3812 1389 4216 1455 merant
4255 1409 4398 1457 cum

2453 1492 2540 1552 eo,
2597 1472 2921 1538 dixerunt.-
2982 1472 3131 1537 Non
3174 1472 3525 1554 poterimus
3577 1473 3906 1539 ascendere
3946 1479 4156 1540 contra
4185 1494 4396 1558 popu-

2451 1558 2585 1624 lum
2628 1558 2826 1638 illum,
2871 1558 3026 1641 quia
3055 1558 3281 1641 fortior
3321 1561 3411 1623 est
3439 1556 3634 1624 nobis.
3722 1557 3825 1624 33.
3870 1557 3961 1624 Et
3997 1559 4400 1628 detraxerim}

2451 1647 2675 1795 m·
2730 1729 2931 1795 Terra
2974 1643 3327 1812 ΒΡἙΥἪ
3370 1644 4399 1813 ὑναῗτείυἱηοκεῇτξοῖαέῗζναέἶέηἶί

2452 1829 2623 1896 eam,
2645 1818 2818 1880 terra
2860 1819 2951 1881 est
2995 1835 3154 1898 quae
3195 1816 3502 1881 consumit
3535 1814 3911 1883 habitatores
3954 1836 4132 1882 suos.-
4173 1823 4229 1883 et
4269 1838 4398 1885 om-

2451 1901 2557 1964 πίε
2604 1899 2879 1983 populus
2937 1920 3117 1984 quem
3170 1900 3447 1967 vidimus
3499 1902 3569 1966 in
3622 1901 3825 1967 medio
3881 1903 4393 1985 cisami-omae

2452 1989 2732 2052 staturae
2765 1990 2928 2051 sunt.
3015 1986 3118 2052 34.
3164 1984 3372 2067 Atque
3408 1985 3540 2051 illic
3578 1987 3860 2054 vidimus
3903 1990 4189 2074 yiqantes
4217 1988 4396 2071 filios

2452 2069 2654 2149 Enac,
2690 2093 2723 2138 e
2751 2071 3124 2156 qiqantilm.
3195 2071 3288 2137 Et
3311 2070 3561 2154 fuimus
3594 2073 3755 2138 sicut
3787 2073 4057 2141 locustae
4091 2075 4160 2139 in
4196 2075 4395 2142 oculis

2450 2158 2701 2236 nostri-5,
2745 2156 2838 2222 sic
2877 2157 3123 2240 fumus
3166 2157 3238 2222 in
3278 2156 3473 2224 oculis
3512 2177 3743 2224 eorum.

2623 2327 2726 2394 26.
2775 2327 3036 2395 Reversi
3075 2334 3237 2394 sunt.
3326 2326 3671 2395 Laudatur
3715 2327 4050 2396 duodecim
4095 2333 4392 2399 virorum

2451 2414 2808 2481 strenuitas
2868 2423 2935 2479 et
2990 2412 3104 2479 dili
3190 2415 3330 2479 ntia
3348 2466 3362 2493 ,
3420 2416 3531 2497 qui
3576 2416 3813 2499 exiguo
3851 2423 4142 2500 tempore
4186 2426 4392 2484 totam

2450 2510 2697 2567 terram
2736 2520 2773 2565 a
2811 2499 3069 2567 deserto
3159 2500 3231 2564 in
3275 2520 3481 2584 usque
3524 2498 3606 2566 ad
3652 2521 3852 2581 mare,
3897 2509 3965 2567 et
3999 2513 4211 2567 totum
4254 2503 4394 2569 Ior-

2449 2586 2638 2651 danis
2682 2595 2965 2652 tractum
3013 2586 3482 2652 lustraverint:
3546 2595 3615 2652 et
3654 2586 3914 2669 quidem
3967 2587 4035 2652 in
4081 2588 4392 2655 maximis

2448 2670 2805 2753 caloribus,
2881 2690 3083 2755 quum
3163 2691 3332 2738 uvae
3412 2681 3947 2739 maturescerent.
4049 2673 4391 2740 Hactenus

2448 2779 2605 2843 ergo
2641 2778 2884 2824 munus
2928 2757 3050 2823 sibi
3096 2756 3470 2824 iniunctum
3501 2757 3781 2824 fideliter
3825 2758 4170 2842 exsequuti
4212 2768 4387 2825 suut.

2445 2843 2527 2910 In
2586 2842 2796 2910 relatu
2855 2844 3049 2909 etiam
3109 2842 3274 2908 nihil
3335 2866 3373 2909 a
3458 2866 3528 2911 re
3595 2843 3902 2912 videntur
3959 2843 4178 2929 probis
4221 2844 4389 2910 viris

2448 2931 2758 2997 alienum.
2814 2929 2988 2996 Iussi
3022 2929 3285 2995 fuerant
3318 2949 3358 2994 a
3454 2950 3566 2996 ose
3608 2929 4017 2997 considerare
4039 2940 4251 2995 terrae
4286 2930 4389 2994 in-

2447 3016 2623 3083 colas
2640 3066 2656 3095 ,
2721 3015 3008 3082 fortesne
3050 3024 3270 3081 essent
3312 3034 3397 3081 an
3443 3014 3718 3095 debiles,
3765 3014 4000 3082 deinde
4057 3037 4139 3081 an
4190 3014 4387 3082 urbes

2448 3110 2669 3170 essent
2725 3102 3050 3167 munitae:
3116 3100 3283 3166 nihil
3333 3101 3461 3167 nisi
3520 3122 3748 3168 verum
3812 3110 3879 3167 et
3923 3102 4047 3168 sibi
4092 3121 4387 3186 comper-

2450 3197 2593 3255 tum
2639 3194 2930 3253 narrant.
3013 3185 3313 3270 Denique
3358 3207 3583 3252 eorum
3629 3187 3918 3253 narratio
3962 3186 4132 3254 nihil
4174 3188 4387 3270 primo

2448 3273 2695 3341 intuitu
2744 3273 3035 3341 continet
3079 3271 3587 3356 reprehensione
3631 3272 3920 3358 dignum.
4006 3272 4257 3339 Verum
4303 3293 4389 3338 ex

2448 3367 2764 3428 contextu
2812 3358 2967 3425 licet
3018 3358 3253 3424 elicere
3271 3413 3286 3436 ,
3348 3357 3604 3437 decem,
3662 3359 3898 3442 quibus
3943 3359 4201 3425 animus
4243 3366 4388 3423 erat

2448 3445 2762 3532 populum
2796 3448 3115 3524 avertere,
3158 3442 3377 3510 odiose
3410 3441 3492 3509 de
3535 3444 3887 3512 obstaculis
3930 3445 4022 3511 sic
4065 3443 4386 3528 loquutos,

2448 3540 2524 3600 ut
2565 3530 2733 3597 nihil
2786 3531 3009 3596 minus
3052 3530 3501 3615 praestiterint
3543 3549 3738 3614 quam
3794 3528 3974 3615 quod·
4007 3534 4389 3614 speraverat

2448 3619 2689 3685 Moses.
2778 3615 2918 3683 Nec
2974 3636 3130 3683 vero
3190 3616 3296 3683 hic
3339 3616 3514 3682 aliud
3561 3615 3774 3684 adbuc
3816 3617 4067 3683 crimen
4110 3616 4181 3681 in
4223 3614 4387 3700 ipsis

2450 3703 2864 3789 coarguitur,
2927 3702 3053 3769 nisi
3109 3702 3277 3787 quod
3339 3702 3627 3787 maligne
3670 3714 3737 3767 et
3779 3700 4232 3768 fraudulenter
4270 3701 4386 3767 ob-

2449 3791 2621 3857 iecta
2665 3789 3132 3874 desperatione,
3176 3789 3489 3874 populum
3529 3810 3568 3852 a
3612 3796 3827 3855 terrae
3871 3807 4132 3855 accessu
4177 3794 4384 3853 retra-

2450 3876 2694 3943 xerint.
2782 3873 3108 3957 Quamvis
3161 3895 3317 3960 ergo
3374 3885 3594 3958 aperte
3638 3893 3769 3942 non
3815 3873 4064 3939 fuerint
4106 3872 4383 3952 mentiti,

2451 3962 2657 4031 defuit
2713 3960 3072 4029 sinceritas.
3159 3960 3362 4026 Forte
3420 3961 3613 4025 etiam
3672 3980 3802 4027 non
3845 3959 4236 4043 exprimitur
4292 3965 4390 4023 to-

2455 4060 2564 4115 tus
2606 4068 2831 4115 eorum
2890 4065 3135 4113 sermo:
3179 4048 3329 4130 quia
3372 4046 3532 4112 satis
3576 4045 3809 4112 habuit
3854 4045 4072 4113 Moses
4115 4065 4384 4129 perver-

2454 4156 2601 4202 sum
2664 4134 2965 4200 affectum
3026 4132 3097 4198 in
3161 4151 3238 4198 eo
3298 4140 3545 4211 notare,
3594 4130 3765 4215 quod
3825 4138 4037 4197 terrae
4080 4129 4387 4197 laudibus

2454 4220 2905 4306 exceptionem
2968 4217 3367 4298 addiderint,
3426 4238 3590 4302 quae
3642 4217 3868 4302 populi
3912 4217 4162 4283 animos
4207 4225 4387 4283 metu

2455 4308 2805 4392 frangeret.
2893 4304 3087 4371 Unde
3143 4305 3342 4370 etiam
3394 4303 3726 4389 colligitur
3785 4303 3966 4370 utilis
4010 4300 4383 4379 admonitio,

2454 4393 2623 4459 nihil
2669 4391 2840 4475 apud
2886 4390 3104 4455 Deum
3149 4392 3461 4474 proficere
3493 4398 3794 4457 versutos
3837 4389 4182 4475 sophistas,
4227 4388 4387 4455 dum

2452 4480 2767 4545 flexuosis
2797 4475 3179 4560 ambagibus
3204 4475 3500 4541 fraudem
3532 4487 3752 4560 tegere
3774 4482 4113 4543 conantur.
4161 4474 4386 4555 Quare

2456 4564 2514 4631 si
2558 4564 2702 4631 Deo
2748 4562 3049 4647 cupimus
3093 4561 3353 4647 probari
3399 4569 3697 4627 nostrum
3740 4581 4125 4639 sermonem,
4170 4558 4385 4624 danda

2454 4658 2558 4717 est
2615 4668 2812 4734 opera
2855 4661 2927 4714 ut
2969 4647 3249 4731 obliquis
3292 4646 3580 4731 strophis
3622 4646 3842 4716 valere
3883 4646 4114 4723 iussis,
4173 4643 4383 4709 omni-

2453 4757 2580 4819 que
2625 4736 2865 4802 reiecto
2906 4735 3076 4812 fuco,
3119 4732 3501 4818 simpliciter
3537 4739 3604 4799 et
3646 4753 3728 4798 ex
3768 4733 3989 4800 animo
4023 4731 4381 4813 loquamur.

2451 4821 2690 4888 Fidem
2745 4841 2900 4905 ergo
2958 4828 3380 4904 praestruunt
3437 4819 3658 4886 decem
3719 4817 4194 4904 exploratores,
4253 4832 4382 4897 quo

2451 4907 2720 4973 liberius
2778 4904 3014 4972 deinde
3064 4904 3314 4971 fallant.
3404 4905 3610 4984 Bona,
3661 4904 3981 4987 inquiunt,
4027 4910 4203 4965 terra
4246 4906 4382 4965 est:

2454 4993 2583 5059 uisi
2636 4991 2808 5075 quod
2864 4992 3049 5058 fortis
3105 5000 3203 5057 est
3262 4991 3561 5075 populus.
3651 4988 3825 5072 Quid
3883 4988 4004 5053 hoc
4059 4984 4234 5051 aliud
4281 4993 4383 5051 est

2453 5099 2650 5163 quam
2706 5078 2979 5144 minime
3034 5077 3432 5163 sperandum
3470 5098 3611 5143 esse
3655 5083 3734 5140 ut
3778 5076 4081 5140 fruantur
4123 5069 4385 5136 Israeli-

2452 5172 2560 5231 tae
2616 5164 2740 5231 Dei
2799 5164 3146 5241 beneficio,
3206 5162 3398 5245 idque
3446 5163 3716 5227 minime
3766 5180 3905 5226 esse
3949 5155 4380 5222 tentandum?

2451 5249 2704 5317 Eodem
2764 5270 2959 5316 sensu
3015 5249 3329 5315 detonant
3403 5248 3689 5331 plurium
3743 5247 4038 5330 gentium
4097 5244 4382 5322 nomina,

2454 5336 2536 5402 ad
2574 5345 2886 5402 terrorem
2930 5334 3325 5420 augendum.
3397 5333 3752 5415 Postquam
3791 5331 3965 5396 enim
4022 5329 4385 5395 retulerunt
