5017 6142
472 447 597 513 457

475 634 642 715 duli,
700 656 784 701 ex
842 634 1214 720 cognitione
1258 643 1480 702 tamen
1536 657 1575 702 o
1622 655 1809 703 erum
1852 635 1983 703 Dei
2027 636 2160 702 illis
2204 644 2423 702 extor-

475 722 661 807 queri
716 720 889 787 hanc
955 721 1451 789 confessionem.
1619 743 1805 787 erum
1865 726 2016 806 quia
2073 722 2238 788 nihil
2292 721 2424 788 illis

475 806 740 893 profuit,
786 807 982 887 scire,
1028 814 1277 891 quanta
1319 817 1495 874 esset
1538 806 1668 874 Dei
1711 807 2064 888 fortitudo,
2110 807 2424 874 discernit

476 916 585 961 eos
627 894 823 959 Iosue
866 892 947 959 ab
989 893 1324 973 Israelitis,
1367 894 1602 977 quibus
1647 894 2039 978 peculiarem
2084 894 2425 961 scientiam

475 977 794 1057 attribuit,
839 999 1076 1063 nempe
1119 1000 1285 1063 quae
1327 991 1599 1065 generet
1642 981 1886 1047 serium
1925 981 2053 1045 Dei
2098 980 2423 1045 timorem.

475 1065 571 1133 Ut
613 1074 1005 1149 cognoscant
1048 1076 1297 1150 gentes,
1341 1065 1583 1149 inquit:
1630 1076 1705 1132 tu
1748 1087 1907 1132 vero
1952 1064 2184 1132 timeas
2208 1067 2423 1131 Deum

475 1163 683 1218 tuum.
772 1150 952 1236 Ergo
1006 1149 1162 1217 dum
1218 1150 1429 1218 lucem
1474 1151 1764 1218 tenebris
1808 1152 1947 1218 suis
1990 1151 2278 1218 obruunt
2322 1152 2423 1216 in·

474 1236 754 1316 creduli,
821 1237 1149 1303 discamus
1222 1258 1307 1303 ex
1372 1236 1891 1304 consideratione
1956 1259 2230 1322 operum
2293 1237 2424 1304 Dei

475 1325 790 1408 proficere
854 1323 924 1388 in
994 1324 1230 1388 timore
1294 1323 1454 1389 eius.
1542 1321 1752 1389 Addit
1770 1375 1786 1401 ,
1852 1324 2108 1390 cunctis
2174 1321 2423 1403 diebus,

475 1410 639 1562 911ηὲξῖ
679 1408 891 1561 grazia
949 1407 1030 1474 de
1088 1430 1217 1493 qua
1270 1427 1446 1475 nunc
1502 1409 1726 1491 agitur
1783 1410 1853 1475 in
1910 1410 2132 1495 plures
2176 1418 2421 1476 aetates

524 1499 535 1510 ’
641 1514 715 1562 sa
824 1498 890 1559 ‘t.

1230 1836 1535 1906 CAPUT
1577 1836 1661 1903 V.

648 2010 702 2074 1.
762 2007 920 2075 Fuit
975 2014 1183 2076 autem
1237 2029 1427 2091 quum
1469 2009 1797 2076 audissent
1835 2028 2042 2075 omnes
2080 2028 2255 2093 reyes
2296 2012 2421 2075 Ae-

471 2093 788 2160 morrhaei
827 2096 942 2178 qui
982 2101 1163 2162 erant
1201 2099 1384 2160 trans
1417 2096 1756 2162 Iordanem
1795 2096 1882 2160 ad
1923 2095 2318 2174 Occidentem,
2364 2099 2424 2160 et

471 2201 962 2349 mm
908 2181 1311 2333 affixit
1334 2182 2423 2349 t‘fwfitmqmw

471 2353 839 2431 transirent,
906 2353 1311 2436 liquefactum
1369 2353 1500 2435 fuit
1561 2373 1668 2419 cor
1731 2373 1979 2431 eorum,
2042 2336 2237 2436 neque
2294 2353 2423 2435 fuit

468 2438 750 2521 amplius
790 2440 860 2505 in
901 2440 994 2506 eis
1033 2439 1301 2521 spiritus
1342 2461 1386 2506 a
1424 2439 1591 2521 facie
1627 2440 1905 2522 filiorum
1927 2439 2155 2507 Israel.
2221 2439 2281 2505 2.
2320 2438 2420 2505 Eo

372 2546 385 2560 ·
471 2531 739 2607 tempore
799 2525 969 2591 discit
1024 2524 1257 2592 Iehova
1319 2526 1406 2590 ad
1459 2524 1754 2591 Iosuam:
1819 2524 1955 2591 Fac
2016 2524 2131 2590 tibi
2192 2525 2421 2593 cultros

474 2616 700 2690 acutos,
735 2614 791 2677 et
823 2611 1053 2677 iterum
1082 2611 1449 2678 circumcide
1475 2610 1648 2693 filios
1669 2611 1878 2678 Israel
1896 2611 2182 2678 secundo.
2235 2611 2296 2677 3.
2329 2609 2421 2676 Et

470 2698 616 2781 fecit
677 2696 804 2763 sibi
860 2699 1048 2764 Iosue
1100 2696 1329 2765 cultros
1385 2703 1596 2764 acutos
1609 2748 1625 2778 ,
1691 2697 2190 2780 circumciditque
2248 2696 2419 2778 filios

474 2783 686 2850 Israel
719 2783 790 2848 in
820 2783 967 2850 colle
988 2784 1488 2866 praeputiorum.
1554 2783 1616 2849 4.
1661 2782 1836 2850 Haec
1868 2788 2072 2850 autem
2105 2787 2195 2849 est
2222 2803 2417 2851 causa

473 2891 585 2937 cur
616 2869 1072 2937 circumciderit
1091 2869 1309 2936 Iosua.
1393 2869 1735 2936 Universa-3
1764 2868 2040 2953 populus
2076 2870 2186 2951 qui
2220 2887 2418 2954 cyres-

473 2976 583 3022 eus
632 2955 844 3038 fuerat
882 2975 960 3021 ex
1003 2955 1313 3039 Aeqypto,
1371 2955 1639 3021 masculi
1678 2975 1889 3022 omnes
1928 2955 2057 3021 viri
2098 2954 2417 3022 bellatores

473 3041 705 3108 monui
754 3046 933 3108 erant
971 3042 1044 3107 iu
1094 3041 1328 3108 deserto
1368 3043 1439 3107 in
1481 3042 1706 3108 itinere
1732 3046 2144 3124 posteaquam
2184 3041 2417 3125 eyn-essi

472 3132 651 3194 erant
694 3147 772 3193 ex
812 3127 1112 3211 Aeyypto.
1201 3126 1260 3193 5.
1320 3127 1493 3194 Nam
1546 3128 1952 3194 circum
2001 3126 2215 3209 fuerat
2254 3131 2417 3194 totus

461 3213 743 3296 populus
782 3213 894 3295 qui
926 3233 1210 3297 cyressus
1246 3218 1353 3292 est,
1396 3218 1463 3278 at
1491 3218 1683 3279 totum
1714 3213 2039 3297 populum,
2081 3214 2193 3295 qui
2224 3218 2417 3279 natus

469 3301 679 3384 fuerat
711 3300 784 3364 in
822 3300 1062 3366 decerto
1097 3298 1168 3364 in
1205 3300 1446 3378 itinere,
1479 3304 1817 3381 postquam
1857 3299 2088 3384 eyressi
2126 3303 2306 3366 erant
2336 3318 2416 3364 ex

471 3387 783 3471 Aoqypto,
847 3404 971 3450 non
1025 3385 1554 3452 circumciderant.
1643 3386 1704 3451 6.
1762 3383 1939 3453 Nam
1990 3384 2418 3470 quadrayinta

472 3473 660 3540 annis
712 3470 1187 3538 ambulaverunt
1235 3472 1364 3554 filii
1413 3471 1621 3537 Israel
1658 3491 1784 3553 per
1838 3471 2145 3537 desertum
2159 3520 2175 3549 ,
2231 3472 2418 3538 donec

471 3562 931 3626 consumeretur
970 3557 1268 3624 universa
1317 3577 1469 3643 qens
1523 3558 1806 3623 virorum
1861 3555 2250 3635 bellatorium
2305 3557 2418 3637 qui

577 3644 702 3711 essi
740 3644 996 3726 fuerant
1036 3664 1116 3710 ex
1158 3648 1465 3728 Aeyypto‚
1522 3644 1634 3726 qui
1675 3664 1801 3708 non
1841 3642 2180 3709 audierant
2214 3662 2416 3709 vocem

515 3730 766 3810 ehovae,
808 3729 1034 3812 quibus
1073 3729 1396 3796 iuraverat
1437 3728 1668 3794 Iehova
1710 3728 1875 3812 quod
1915 3748 2041 3795 non
2081 3727 2419 3795 ostenderet

471 3822 703 3883 terram
758 3816 834 3881 de
888 3834 1015 3896 qua
1069 3815 1399 3881 iuraverat
1450 3814 1685 3881 Iehova
1900 3816 1912 3828 ’
2081 3834 2298 3880 eorum
2350 3834 2417 3881 se

466 3903 767 3969 daturum
807 3899 943 3966 illis
982 3906 1215 3967 terram
1249 3901 1538 3981 fluentem
1572 3900 1725 3966 lacte
1757 3905 1811 3966 et
1845 3899 2034 3966 melle.
2102 3899 2160 3967 7.
2208 3899 2418 3967 Filios

468 3990 682 4069 itaque
733 4005 941 4053 eorum
995 4006 1150 4069 quoe
1203 3986 1527 4054 substituit
1575 3988 1646 4052 in
1699 3986 1898 4053 locum
1953 3986 2238 4070 ipsorum
2292 3988 2415 4052 cir-

469 4072 767 4141 cumcidit
805 4071 1023 4152 Iosue,
1081 4072 1236 4155 quia
1276 4073 1701 4139 incircumcisi
1752 4077 1960 4138 erant:
2016 4091 2208 4154 neque
2248 4073 2416 4138 enim

468 4180 571 4226 eos
632 4158 1103 4258 circumciderat
1150 4159 1221 4223 in
1274 4159 1511 4225 itinere.
1614 4158 1674 4224 8.
1749 4159 1954 4240 Quum
2022 4163 2230 4257 autem
2287 4159 2416 4241 fuit

468 4266 831 4397 arcum
889 4263 1543 4430 ᾱαοῒθῖθνθέηᾳνεηίαν.
1616 4264 1974 4396 ”ganam
2023 4244 2266 4429 ἲελιέυοῖι
2302 4264 2416 4397 Ἦ

470 4417 770 4484 Iosuam:
812 4414 1021 4483 Hodie
1075 4415 1314 4481 devolvi
1369 4414 1772 4500 opprobrium
1813 4418 2088 4500 Aeyypti
2129 4437 2169 4481 a
2222 4415 2412 4482 vobis.

458 4501 559 4655 61¹?
614 4502 852 4571 vocavit
904 4522 1120 4569 nomen
1174 4502 1290 4568 loci
1348 4502 1530 4569 illius
1578 4501 1825 4587 Gilqaz,
1885 4522 2081 4585 usque
2134 4502 2201 4567 in
2254 4501 2417 4569 hunc

508 4608 646 4655 sena

640 4760 697 4824 1.
743 4758 901 4826 Fluit
940 4764 1142 4827 autem
1177 4779 1371 4842 quum
1405 4760 1748 4827 audissent.
1814 4759 1968 4825 Huc
2005 4777 2212 4841 usque
2242 4759 2413 4842 apud

463 4868 576 4914 eos
619 4845 832 4912 valuit
876 4847 1123 4932 agnitio
1168 4843 1598 4912 formidabilis
1620 4846 1746 4912 Dei
1790 4846 2140 4929 potentiae,
2185 4854 2261 4911 ut
2301 4865 2410 4929 pa-

462 4953 623 4999 vore
668 4932 930 4999 attoniti
977 4931 1361 4998 deficerent:
1421 4951 1652 4997 verum
1697 4933 1950 4998 animos
1994 4950 2221 4997 eorum
2281 4951 2414 4997 non

462 5019 651 5085 flexit
685 5019 770 5085 ad
812 5016 1254 5102 quaerendum
1301 5018 1459 5083 mali
1502 5017 1882 5084 remedium.
1954 5016 2415 5100 Liquefactum

464 5126 624 5190 ergo
668 5103 793 5170 fuit
834 5125 945 5171 cor
985 5124 1248 5182 eorum,
1294 5102 1448 5188 quia
1491 5103 1761 5170 consilio
1805 5112 1872 5168 et
1915 5103 2168 5169 viribus
2214 5102 2409 5170 desti·

464 5191 595 5257 tuti
640 5211 709 5257 se
752 5210 887 5255 non
930 5198 1309 5256 moverunt:
1354 5189 1469 5257 sed
1514 5188 1722 5273 quoad
1767 5189 2265 5271 contumaciam,
2305 5210 2414 5256 ea·

470 5278 618 5345 dem
662 5296 920 5360 semper
964 5275 1239 5341 durities
1282 5297 1392 5342 eos
1449 5275 1862 5343 constrinxit.
1951 5274 2042 5340 Et
2083 5274 2215 5340 iam
2261 5274 2413 5341 alibi

464 5362 750 5433 vidimus
793 5362 887 5429 sic
932 5372 1181 5427 terrore
1224 5361 1591 5428 exanimari
1636 5359 2034 5428 incredulos:
2087 5369 2158 5425 ut
2191 5367 2413 5427 tamen

1677 446 2422 517 COMMENTARIUS
2465 446 2567 514 IN
2611 444 2892 514 IOSUE
2937 445 3137 514 OAP.
3190 447 3266 513 V.

4333 449 4461 514 458

2526 656 2658 702 non
2702 634 3004 702 desinant
3045 635 3189 702 Deo
3232 635 3572 703 reluctari:
3630 636 3725 701 sic
3779 635 4149 717 concidere,
4209 643 4284 702 ut
4341 657 4463 704 sua

2523 719 2769 787 ferocia
2824 721 3077 788 coelum
3131 721 3225 786 im
3313 729 3474 788 tant.
3563 722 3744 807 Ergo
3802 732 4019 788 metus
4076 721 4186 807 qui
4229 721 4312 787 ad
4356 744 4462 790 ca·

2526 806 2815 872 vendum
2862 827 2972 874 eos
3030 744 3368 873 stimuffle
3412 806 3753 887 debuerat,
3815 808 3982 873 nihil
4044 807 4222 874 aliud
4264 829 4463 892 quam

2524 893 2911 978 praecipites
2955 893 3109 978 egit.
3177 893 3429 959 Verum
3475 893 3793 960 divinitus
3836 894 4051 959 territi
4094 895 4361 960 fuerunt
4395 895 4465 960 in

2524 978 2749 1063 populi
2807 978 3117 1064 gratiam,
3186 1000 3314 1064 quo
3372 979 3737 1063 expeditior
3791 989 3961 1046 esset
4027 980 4331 1048 victoria:
4399 987 4466 1047 et

2524 1066 2949 1131 animosiores
3008 1076 3229 1131 essent
3283 1065 3623 1132 Israelitae
3685 1085 3891 1148 quum
3956 1063 4252 1133 viderent
4314 1087 4464 1134 cum

2524 1150 2822 1216 hostibus
2863 1152 2993 1216 iam
3037 1150 3263 1218 fractis
3307 1159 3375 1216 et
3428 1150 3870 1217 semimortuis
3920 1150 4058 1218 fore
4104 1151 4464 1237 negotium,
4513 1208 4520 1215 .

2524 1244 2720 1320 atque
2763 1236 2860 1302 ita
2900 1257 3127 1302 eorum
3168 1236 3538 1303 infirmitati
3579 1237 3871 1321 pepercit
3889 1237 4094 1316 Deus,
4139 1257 4215 1305 ac
4257 1237 4312 1304 si
4354 1236 4457 1303 ob-

2524 1321 2794 1389 staculis
2851 1323 3116 1389 remotis
3159 1322 3336 1388 viam
3392 1322 3827 1406 patefecisset:
3890 1324 4042 1407 quia
4098 1323 4246 1407 plus
4305 1324 4465 1389 satis

2525 1407 2765 1492 alioqui
2824 1407 3039 1473 timidi
3098 1419 3165 1474 et
3222 1408 3399 1493 pigri
3443 1421 3649 1475 erant.
3736 1408 4016 1474 Summa
4071 1410 4276 1493 igitur
4330 1417 4463 1475 est:

2522 1494 2904 1578 priusquam
2947 1494 3375 1579 confligerent
3415 1494 3635 1561 hostes
3677 1494 3877 1561 fuisse
3922 1494 4052 1560 iam
4086 1502 4463 1579 prostratos,

2524 1580 2677 1665 quia
2718 1580 3018 1646 miraculi
3061 1581 3236 1646 fama
3283 1580 3582 1646 timorem
3624 1580 4006 1646 incusserat.

2693 1666 2755 1732 2.
2809 1665 2909 1732 Eo
2949 1671 3232 1748 tempore.
3319 1665 3603 1731 Videtur
3660 1666 3948 1731 maxime
4002 1665 4355 1733 absurdum
4399 1673 4467 1732 et

2525 1750 2818 1837 prodigio
2863 1751 3095 1830 simile,
3139 1751 3697 1819 circumcisionem
3741 1751 3991 1817 tamdiu
4024 1752 4227 1819 fuisse
4261 1751 4463 1818 inter-

2522 1837 2820 1905 missam:
2901 1839 3283 1922 praesertim
3360 1838 3512 1922 quia
3584 1835 3982 1922 quotidianis
4059 1838 4464 1905 documentis

2523 1924 2892 1990 admonitos
2953 1923 3330 2009 diligentius
3394 1923 3584 1990 solito
3648 1923 3986 1990 attendere
4050 1923 4317 1991 decebat
4380 1923 4464 1990 ad

2520 2010 2795 2077 colenda
2838 2009 3099 2094 pietatis
3143 2007 3472 2076 exercitia.
3560 2008 3948 2094 Symbolum
3993 2018 4136 2076 erat
4177 2009 4464 2093 adoptio-

2522 2096 2628 2163 nis
2686 2095 2861 2161 unde
2911 2095 3047 2162 illis
3100 2094 3427 2179 obtigerat
3487 2093 3805 2161 liberatio.
3909 2094 4109 2162 Certe
4165 2094 4322 2161 dum
4382 2095 4464 2162 ad

2521 2191 2818 2248 extrema
2880 2180 3126 2248 redacti
3181 2182 3301 2248 sub
3356 2178 3708 2265 tyrannide
3761 2181 4142 2266 gemebant,
4208 2200 4465 2265 semper

2520 2266 3072 2335 circumciderunt
3106 2288 3257 2333 suos
3291 2265 3548 2333 liberos.
3606 2267 3699 2331 Et
3731 2267 3974 2333 scimus
4007 2287 4203 2351 quam
4238 2287 4468 2334 severe

2520 2354 2811 2420 minetur
2854 2353 3067 2432 Deus,
3112 2352 3171 2417 si
3214 2352 3359 2437 quis
3401 2361 3703 2419 octavum
3748 2351 3918 2419 diem
3961 2360 4352 2435 praetereat,
4397 2374 4468 2419 se

2521 2440 2802 2506 ultorem
2862 2439 3016 2506 fore.
3104 2437 3298 2520 Quod
3355 2439 3413 2505 si
3467 2461 3514 2504 n
3598 2439 3769 2503 lecta
3816 2437 4047 2505 fuisset
4100 2439 4469 2506 observatio

2521 2526 2592 2592 in
2646 2527 2986 2611 Aegypto,
3050 2525 3206 2609 quia
3260 2534 3416 2592 tunc
3470 2460 3678 2592 viiferi
3733 2531 3992 2608 poterat
4046 2524 4175 2590 Dei
4239 2524 4468 2592 foedus

2523 2610 2998 2696 quodammodo
3053 2609 3418 2677 obsoletum
3433 2661 3450 2689 ,
3514 2609 3730 2694 magis
3787 2610 4174 2678 excusabilis
4239 2610 4468 2677 fuisset

2522 2697 2852 2784 segnities.
2919 2696 3113 2764 Nunc
3156 2717 3311 2764 vero
3352 2716 3556 2780 quum
3598 2696 3680 2762 de
3722 2696 3979 2781 integro
4024 2695 4297 2780 affulget
4339 2696 4471 2762 Dei

2521 2783 2772 2855 veritas
2813 2781 2895 2848 ad
2938 2781 3405 2850 stabiliendum
3448 2781 3705 2863 foedus,
3763 2802 4086 2866 quaenam
4131 2781 4468 2849 excusatio

2522 2870 2649 2936 nisi
2692 2868 2983 2936 vicissim
3036 2875 3360 2935 testentur
3403 2889 3476 2936 se
3521 2868 3650 2934 Dei
3688 2889 3831 2935 esse
3881 2866 4242 2953 populum?
4332 2867 4467 2934 De-

2519 2955 2727 3023 fensio
2768 2975 2963 3039 quam
3008 2954 3294 3022 afferunt
3334 2953 3728 3038 interpretes
3772 2974 4037 3038 prorsus
4077 2953 4312 3020 frivola
4347 2963 4464 3020 est.

2519 3043 2766 3109 Fateor
2819 3038 3079 3108 assidue
3134 3040 3338 3107 fuisse
3392 3041 3464 3106 in
3522 3039 3861 3124 procinctu
3878 3090 3896 3121 ,
3951 3050 4209 3123 semper
4266 3039 4468 3106 fuisse

2517 3128 2804 3195 incertos
2862 3126 3124 3211 quando
3180 3125 3601 3210 migrandum
3657 3125 3842 3191 foret.
3930 3125 4184 3191 Verum
4282 3146 4466 3210 erpe-

2517 3234 2662 3280 ram
2718 3212 2874 3279 inde
2926 3211 3146 3296 colligi
3202 3211 3345 3279 dico
3360 3262 3378 3293 ,
3441 3211 3692 3277 nullam
3745 3211 3877 3278 illis
3932 3210 4133 3277 fuisse
4189 3146 4466 3278 ligerum

2521 3299 2726 3366 diem:
2786 3298 2941 3383 quia
2982 3297 3248 3366 crudele
3291 3298 3526 3364 fuisset
3568 3306 3829 3363 teneros
3872 3295 4085 3364 foetus
4130 3296 4467 3363 circumci-

2520 3386 2692 3465 dere,
2738 3384 2897 3451 dum
2940 3382 3133 3468 paulo
3177 3391 3327 3468 post
3367 3381 3692 3450 movenda
3734 3391 3925 3449 erant
3966 3389 4200 3450 castra.
4281 3382 4468 3449 Nihil

2517 3473 2691 3537 enim
2736 3471 2903 3537 tanti
2937 3490 3081 3536 esse
3116 3468 3360 3550 debuit,
3401 3475 3478 3535 ut
3503 3490 3730 3536 secure
3763 3475 4263 3536 contemnerent
4295 3468 4466 3552 quod

2517 3556 2765 3626 dictum
2807 3557 3023 3623 fuerat
3057 3555 3399 3622 Abrahae:
3437 3554 3658 3622 anima
3700 3576 3866 3639 quae
3907 3553 4289 3622 circumcisa
4332 3574 4469 3621 non

2512 3645 2731 3722 fuerit,
2777 3641 3119 3710 excidetur
3153 3661 3190 3707 e
3231 3641 3473 3725 populo
3515 3661 3634 3706 suo
3677 3638 3877 3727 (Gen.
3926 3639 4027 3717 17,
4075 3639 4203 3727 14).
4271 3638 4468 3722 Quod

2516 3731 2576 3796 si
2617 3727 2981 3815 periculum
3024 3734 3195 3794 esset
3237 3726 3490 3807 mortis,
3530 3727 3852 3810 optimum
3896 3734 3967 3793 et
4008 3726 4280 3793 unicum
4324 3735 4469 3791 erat

2516 3813 2994 3899 compendium,
3038 3811 3415 3880 recumbere
3457 3814 3528 3878 in
3573 3819 3916 3896 paternam
3951 3810 4084 3877 Dei
4128 3811 4470 3896 providen-

2516 3903 2699 3981 tiam,
2747 3901 2858 3985 qui
2901 3908 3076 3967 certe
3117 3920 3351 3984 passus
3393 3918 3528 3964 non
3572 3906 3764 3979 esset,
3807 3897 4169 3964 infantibus
4202 3895 4468 3964 exitiale

2519 4008 2662 4055 esse
2716 4007 2907 4053 suum
2965 3992 3409 4072 praeceptum.
3511 3983 3819 4069 Denique
3872 3984 4136 4051 omissio
4192 3978 4467 4068 periculi

2518 4081 2819 4157 respectu
2863 4092 2993 4139 nou
3052 4070 3315 4137 aliunde
3374 4070 3553 4137 nasci
3608 4078 3866 4155 poterat
3922 4089 4122 4154 quam
4166 4089 4250 4136 ex
4294 4067 4467 4135 diffi-

2518 4159 2760 4226 dentia.
2832 4156 3022 4240 Quod
3058 4158 3115 4224 si
3151 4157 3222 4223 in
3257 4165 3510 4225 certum
3546 4156 3897 4224 discrimen
3930 4155 4207 4223 coniecti
4250 4162 4470 4225 essent

2517 4246 2830 4326 infantes,
2874 4243 3242 4327 parendum
3288 4242 3714 4309 nihilominus
3754 4241 3882 4308 fuit
3924 4240 4099 4308 Deo:
4154 4240 4312 4326 quia
4353 4238 4467 4307 ob·

2517 4331 2798 4417 signatio
2857 4329 3137 4397 foederis
3197 4348 3325 4413 qua
3400 4328 3883 4412 recipiebantur
3958 4327 4032 4394 in
4108 4327 4465 4405 ecclesiam,

2518 4424 2783 4485 centum
2862 4415 3021 4482 vitis
3084 4422 3228 4482 erat
3290 4414 3655 4499 pretiosior.
3764 4413 3905 4481 Nec
3983 4432 4140 4480 vero
4212 4422 4466 4479 tantam

2517 4502 2855 4588 ignaviam
2897 4501 3156 4569 tulisset
3198 4500 3441 4579 Moses,
3485 4500 3615 4567 nisi
3658 4498 3791 4567 alia
3831 4500 4095 4567 ratione
4138 4498 4472 4565 inductus.-

2518 4590 2726 4654 Porro
2760 4588 2833 4653 in
2870 4609 2944 4653 re
2978 4586 3175 4654 dubia
3208 4585 3498 4667 coniicio,
3541 4607 3675 4652 non
3709 4607 3749 4652 a
3782 4586 3994 4670 primo
4030 4584 4133 4651 die
4168 4603 4470 4669 egressus

2519 4674 2850 4741 destitisse
2885 4694 2925 4740 a
2958 4671 3501 4740 circumcidendis
3545 4671 3730 4738 filiis:
3776 4671 3892 4738 sed
3925 4678 4188 4737 tantum
4224 4690 4306 4735 ex
4341 4689 4468 4753 quo

2518 4766 2787 4844 propter
2844 4779 3029 4826 suam
3088 4758 3521 4843 pervicaciam
3578 4757 3886 4826 retroacti
3945 4764 4120 4823 sunt.
4207 4755 4298 4821 Et
4341 4754 4467 4822 hac

2518 4845 2773 4913 ratione
2825 4853 2963 4912 tam
3015 4853 3317 4912 accurate
3371 4842 3766 4927 exprimitur
3810 4842 4081 4909 defectio
4128 4848 4196 4907 et
4238 4860 4466 4925 poena.

2518 4931 2751 5016 Neque
2784 4932 2961 4998 enim
2999 4929 3256 5012 dicitur,
3299 4950 3535 4996 rursus
3569 4930 3772 4997 fuisse
3806 4927 4221 4996 circumcisos
4237 4977 4253 5008 ,
4297 4925 4468 5010 quod

2516 5019 2586 5083 in
2629 5017 2745 5083 illa
2786 5016 3312 5102 peregrinatione
3346 5014 3624 5081 subinde
3659 5014 4013 5081 mutandus
4047 5021 4221 5079 esset
4255 5011 4466 5079 locus:

2517 5103 2633 5169 sed
2678 5103 2829 5187 quia
2871 5104 3156 5187 oportuit
3198 5102 3468 5169 effluere
3513 5100 3947 5185 quadraginta
3990 5119 4215 5179 annos,
4264 5096 4467 5166 donec

2518 5198 3061 5257 consumerentur
3103 5187 3406 5257 scelerati
3463 5186 3563 5252 illi
3619 5194 3949 5271 apostatae
3963 5234 3981 5265 ,
4041 5184 4158 5268 qui
4200 5205 4270 5251 se
4314 5203 4468 5268 pro-

2518 5276 2718 5342 missa
2761 5274 3166 5341 haereditate
3224 5272 3706 5340 abdicaverant.
3799 5271 3985 5337 Haec
4027 5269 4233 5355 igitur
4276 5289 4472 5336 causa

2518 5358 2805 5428 notanda
2848 5370 2966 5443 est,
3008 5360 3182 5446 quod
3228 5359 3345 5426 filii
3390 5357 3594 5425 Israel
3640 5358 3865 5442 vagati
3908 5355 4042 5425 sint
4084 5376 4203 5441 per
4248 5355 4468 5423 deser-
