5017 6142
471 433 554 501 57
1916 431 2326 501 REDI'I'US
2364 432 2492 498 AD
2539 429 3086 497 HISTORIAM.
4409 438 4494 506 58

472 625 798 693 cilientur.
883 624 975 690 Et
1015 630 1191 689 certe
1234 644 1439 706 quum
1483 624 1655 690 idem
1691 622 1919 691 foedus
1963 623 2151 689 nobis
2208 631 2275 688 et
2318 643 2434 689 ve·
2537 623 2787 687 liariter
2822 622 3117 688 iniuncto
3153 623 3416 701 insistit,
3470 634 3544 688 ut
3578 624 3755 690 inter
3788 626 4003 708 ipsum
4050 634 4119 692 et
4157 626 4497 693 Christum

477 710 603 777 teri
647 709 887 793 populo
931 709 1020 775 sit
1061 729 1428 788 commune,
1476 710 1746 775 dubium
1793 729 1925 773 non
1975 717 2076 774 est
2128 709 2291 793 quin
2336 712 2433 777 vi·
2539 707 2779 774 clarius
2822 720 3134 790 appareat
3178 707 3550 775 discrimen.
3635 711 3822 777 Haec
3881 711 4048 777 ratio
4106 720 4209 778 est
4262 735 4382 779 cur
4424 716 4499 779 fi-

476 804 613 863 tam
672 796 989 880 elegerint
1032 796 1400 879 quicunque
1455 796 1614 861 olim
1683 795 1969 877 amplexi
2027 803 2185 863 sunt
2240 794 2436 862 Mosis
2539 793 2644 859 dei
2702 794 3015 860 iustitiam
3072 797 3334 878 parcius
3412 794 3684 876 delibet,
3752 797 4006 880 prolixe
4065 808 4283 863 antem
4344 820 4498 865 con-

478 882 864 948 doctrinam.
968 881 1282 960 Interim,
1358 892 1680 965 quatenus
1753 891 2058 963 separata
2112 881 2236 946 fuit
2293 881 2435 947 eius
2537 881 2836 947 cionetur
2890 879 2971 943 de
3037 879 3318 947 amando
3371 891 3441 945 et
3496 881 3768 948 colendo
3812 883 3954 947 Deo
4025 900 4093 948 et
4148 884 4499 967 implendis

477 968 720 1053 legatio
778 967 862 1033 ab
920 967 1296 1052 evangelio,
1353 969 1569 1053 magis
1627 968 1697 1034 in
1744 988 2016 1033 munere
2074 968 2197 1033 sibi
2237 988 2434 1052 pecu-
2538 967 2677 1031 eius
2722 966 3065 1031 mandatis.

1688 1895 2240 1991 REDITUS
2293 1897 2477 1990 AD
2531 1896 3284 1993 HISTORIAM.

1060 2200 1191 2265 EX
1246 2197 1550 2265 EXODI
1603 2198 1874 2267 XXXI.

670 2374 729 2440 1.
780 2372 1110 2454 Loqautus
1164 2375 1254 2437 est
1296 2370 1527 2437 Iehova
1579 2372 1666 2437 ad
1724 2370 1962 2447 Mosen,
2008 2372 2293 2438 dicendo.-
2377 2372 2440 2438 2.

507 2461 686 2541 Vide,
719 2459 932 2525 vocavi
969 2477 1047 2524 ex
1079 2459 1330 2523 nomine
1367 2457 1638 2524 Beseleel
1666 2456 1875 2539 filium
1924 2457 2059 2535 Uri,
2102 2456 2230 2538 filii
2273 2457 2443 2535 Har,

494 2570 527 2616 e
572 2547 741 2613 tribu
786 2544 1067 2610 Iehuda:
1147 2543 1207 2609 3.
1253 2542 1345 2608 Et
1383 2544 1617 2626 replevi
1673 2562 1813 2608 eum
1854 2544 2088 2624 spiritu
2131 2542 2280 2625 Dei,
2339 2565 2445 2609 sa-

486 2632 733 2719 pientia
775 2636 833 2696 et
870 2628 1306 2713 intelliyentia,
1367 2630 1632 2695 scientia
1674 2635 1730 2695 et
1778 2630 1947 2695 omni
1994 2633 2145 2695 arte.
2226 2629 2287 2696 4.
2334 2631 2445 2695 Aa

498 2717 970 2802 excoyitandum
991 2715 1300 2798 quidquid
1320 2710 1647 2798 fabrefieri
1667 2719 1871 2797 potest
1913 2735 1992 2779 ex
2032 2735 2206 2792 aure,
2243 2720 2299 2781 et
2342 2737 2446 2781 ar-

493 2810 703 2891 yento,
758 2807 815 2868 et
877 2820 1036 2866 aere.
1125 2799 1185 2866 5.
1254 2801 1344 2866 Et
1384 2802 1456 2866 in
1496 2806 1633 2867 arte
1670 2801 2042 2885 pemmaria,
2079 2802 2167 2867 ad
2207 2802 2445 2883 replen-

499 2892 678 2970 dum,
737 2894 793 2953 et
848 2889 920 2952 in
966 2891 1098 2951 ade
1139 2887 1440 2971 liynaria,
1487 2893 1557 2952 ut
1598 2891 1883 2968 operetur
1920 2886 1994 2952 in
2036 2888 2205 2952 omni
2247 2907 2445 2970 opere.

502 2977 563 3042 6.
609 2975 701 3040 Et
756 2995 862 3059 eqo
914 2992 1042 3039 ecce
1099 2973 1389 3038 constitui
1432 2992 1571 3039 eum
1612 2993 1680 3038 eo
1718 2972 1991 3038 Ahociab
2034 2971 2242 3053 filium
2286 2973 2451 3038 Aki-

500 3059 758 3128 samaoh
793 3081 826 3124 e
858 3058 1029 3125 tribu
1062 3058 1237 3139 Dan,
1273 3063 1329 3124 et
1362 3060 1432 3122 in
1465 3058 1643 3125 eonio
1676 3059 1881 3124 omnis
1913 3060 2219 3140 sapientis
2252 3060 2447 3139 corde,

501 3148 647 3214 dedi
688 3145 1094 3227 sapientiam,
1138 3150 1211 3209 ut
1249 3144 1496 3226 faciant
1544 3162 1937 3226 quaecunque
1966 3146 2264 3228 praecepi
2305 3145 2452 3211 tibi.-

506 3234 563 3300 7.
630 3230 1129 3297 Tabemaoulum
1197 3231 1482 3297 ecclesiae
1496 3279 1512 3310 ,
1567 3235 1625 3295 et
1681 3249 1899 3296 arcam
1957 3232 2334 3310 testimonii,
2397 3235 2452 3296 et

494 3317 1016 3403 propitiatorium
1058 3317 1220 3397 quod
1264 3320 1352 3382 est
1393 3336 1586 3398 super
1619 3336 1773 3398 eam,
1818 3322 1876 3381 et
1917 3318 2127 3382 omnia
2160 3336 2316 3382 vasa
2362 3323 2454 3382 ta-

504 3403 843 3471 bernaculi.
925 3403 984 3468 8.
1042 3399 1134 3468 Et
1183 3423 1464 3468 mensam
1521 3408 1577 3467 et
1628 3423 1786 3467 vasa
1844 3403 2011 3467 eius:
2067 3408 2124 3468 et
2168 3403 2449 3468 candela·

505 3492 687 3557 hrum
719 3489 1044 3567 mundum,
1078 3493 1137 3554 et
1154 3488 1366 3552 omnia
1402 3509 1559 3554 vasa
1595 3489 1748 3563 eiua,
1784 3493 1841 3552 et
1861 3487 2058 3552 altare
2088 3488 2447 3570 suffimenti.

506 3577 568 3644 9.
628 3575 720 3640 Et
777 3574 979 3640 altare
1032 3573 1395 3649 holocausti,
1454 3580 1511 3639 et
1565 3575 1774 3640 omnia
1818 3593 1977 3639 vasa
2017 3573 2170 3654 eiu-⁹,
2216 3579 2273 3639 et
2312 3595 2450 3641 con-

504 3661 686 3729 oham
727 3666 783 3725 et
824 3659 1009 3726 basin
1052 3660 1205 3725 eius.
1297 3660 1396 3726 10.
1441 3657 1533 3725 Et
1582 3666 1777 3725 vestes
1816 3660 2173 3738 ministerii,
2219 3665 2274 3724 et
2314 3680 2451 3726 ves-

501 3753 595 3815 tes
660 3746 1017 3813 sanctitatis
1068 3746 1201 3826 ipsi
1259 3745 1526 3811 Aharon
1575 3746 1905 3825 sacerdoti,
1965 3751 2021 3810 et
2061 3750 2256 3812 vestes
2292 3746 2454 3827 filio-

502 3853 648 3899 mm
713 3834 854 3898 eius
870 3882 887 3909 ,
955 3836 1028 3897 ut
1080 3832 1414 3897 sacerdotio
1471 3833 1840 3916 funyantur.
1938 3832 2038 3897 11.
2103 3831 2195 3897 Et
2253 3832 2453 3898 oleum

503 3919 816 3985 unctionis
832 3963 849 3993 ,
908 3921 964 3982 ot
1018 3917 1444 3999 suffimentum
1488 3919 1900 3984 aromaticum
1931 3937 2056 4001 pro
2094 3919 2454 3985 sanctuario

506 4007 691 4072 itata
734 4003 949 4069 omnia
991 4022 1152 4084 quae
1182 4005 1482 4086 praecepi
1525 4004 1641 4069 tibi
1672 4003 1920 4085 facient.

676 4175 737 4240 2.
799 4174 957 4241 Vide
1003 4175 1229 4239 vocavi.
1317 4174 1401 4239 In
1459 4175 1713 4258 reliqua
1766 4175 1966 4241 huius
2008 4175 2222 4259 operis
2265 4185 2453 4258 parte

505 4268 891 4329 contextum
916 4260 1230 4325 historiae
1265 4281 1630 4342 sequemur,
1671 4282 1877 4344 usque
1916 4260 1997 4326 ad
2033 4263 2231 4326 finem
2271 4262 2450 4326 Deu-

504 4347 878 4425 teronomii,
916 4346 1029 4410 ubi
1066 4357 1374 4410 narratur
1408 4368 1585 4412 mors
1620 4347 1827 4430 ipsius
1866 4347 2090 4413 Mosis.
2158 4347 2451 4412 Tametsi

507 4434 578 4499 in
604 4433 814 4497 forma
836 4432 1240 4497 tabernaculi
1267 4432 1431 4497 nihil
1455 4434 1765 4498 omiserat
1789 4431 1993 4511 Deus,
2030 4434 2185 4515 quin
2223 4443 2452 4499 exacte

506 4519 915 4603 praeciperet
979 4515 1290 4600 quidquid
1352 4539 1513 4600 opus
1572 4531 1743 4584 esset
1784 4518 1997 4584 factu:
2045 4520 2186 4602 ipsa
2226 4528 2449 4583 tamen

507 4605 727 4688 operis
793 4602 1149 4669 difficultas
1206 4611 1339 4667 tam
1405 4605 1572 4669 Mosi
1616 4626 1812 4685 quam
1859 4605 1981 4669 toti
2027 4604 2266 4688 populo
2314 4614 2448 4669 tor-

505 4710 734 4774 porem
815 4711 896 4754 ex
970 4690 1425 4773 desperatione
1504 4690 1772 4756 iniicere
1839 4698 2112 4774 poterat.
2221 4691 2449 4773 Neque

508 4778 688 4842 enim
733 4773 815 4839 de
852 4774 1137 4858 quolibet
1174 4795 1370 4858 opere
1408 4775 1755 4858 agebatur,
1802 4778 1870 4841 in
1902 4797 2030 4860 quo
2066 4776 2169 4842 vel
2207 4777 2449 4841 summi

508 4864 795 4927 artifices
850 4861 1180 4944 specimen
1242 4860 1507 4926 ederent
1566 4882 1722 4925 suae
1767 4862 2162 4928 industriae:
2208 4863 2321 4928 sed
2367 4861 2449 4929 de

508 4946 882 5013 admirabili
910 4955 1261 5024 structura,
1301 4948 1487 5012 cuius
1522 4948 1859 5030 exemplar
1883 4950 1954 5012 in
1975 4958 2197 5013 monte
2232 4960 2450 5014 osten-

509 5054 659 5099 sum
695 5032 946 5097 fuerat:
995 5044 1073 5097 ut
1107 5031 1485 5098 incredibile
1526 5031 1731 5097 videri
1779 5046 2016 5116 posset,
2064 5035 2230 5100 ullos
2274 5056 2446 5100 mor-

508 5119 675 5184 tales
726 5139 848 5183 sua
891 5118 1153 5183 solertia
1202 5117 1370 5201 quod
1417 5120 1598 5183 Deus
1643 5119 2073 5185 mandaverat
2117 5142 2305 5203 posse
2349 5142 2448 5186 as-

511 5206 712 5288 sequi.
800 5203 990 5269 Adde
1027 5204 1196 5286 quod
1234 5205 1301 5268 in
1340 5205 1644 5289 Aegypto
1689 5206 2037 5271 servilibus
2081 5208 2293 5289 operis
2339 5207 2449 5271 ad-

512 5291 670 5357 dicti
693 5289 979 5369 fuerant,
1002 5310 1169 5372 quae
1187 5311 1444 5355 omnem
1479 5293 1973 5375 exstinguerent
2000 5293 2246 5376 ingenii
2270 5293 2450 5375 vigo-

510 5397 688 5456 rem,
737 5396 857 5441 nec
904 5373 986 5440 ad
1027 5376 1196 5441 ullas
1242 5387 1417 5442 artes
1461 5377 1761 5443 liberales
1806 5379 2095 5460 aspirare
2138 5379 2447 5444 sinerent.

2546 2200 2752 2268 Unde
2797 2201 3197 2286 colligimus,
3254 2203 3624 2287 quicunque
3668 2205 3793 2270 Dei
3839 2224 4065 2270 vocem
4115 2205 4495 2272 obedienter

2546 2294 2940 2371 sequuntur,
2997 2308 3335 2371 nunquam
3394 2287 3535 2355 eius
3579 2290 3899 2374 suppetiis
3939 2291 4219 2358 destitui.
4311 2293 4492 2376 Ergo

2545 2373 2615 2438 in
2678 2371 2900 2439 arduis
2957 2373 3264 2439 omnibus
3319 2375 3595 2459 negotiis
3654 2376 3815 2442 haec
3875 2378 4161 2459 precatio
4224 2398 4343 2443 nos
4410 2377 4492 2443 ad

2549 2459 2955 2543 pergendum
3016 2460 3295 2525 animet:
3359 2460 3464 2526 Da
3529 2460 3705 2544 quod
3764 2461 3975 2528 iubes:
4024 2472 4088 2526 et
4129 2464 4281 2529 iube
4319 2464 4492 2546 quod

2549 2545 2734 2611 velis.
2829 2546 3040 2611 Porro
3087 2566 3319 2611 vocare
3369 2566 3452 2611 ex
3513 2548 3811 2628 nomine,
3868 2549 4256 2613 tantundem
4315 2548 4494 2613 valet

2549 2640 2746 2713 atque
2780 2631 3095 2696 eximium
3135 2631 3440 2697 reddere:
3486 2654 3615 2717 quo
3660 2633 3989 2717 significat
4013 2633 4251 2711 Moses,
4288 2635 4490 2702 Bese-

2549 2716 2696 2794 leel,
2757 2718 2911 2800 quia
2966 2718 3281 2801 peculiari
3324 2717 3494 2784 dono
3532 2720 3865 2803 praeditus
3910 2720 4036 2785 erit
4058 2769 4074 2797 ,
4118 2718 4261 2785 fore
4304 2733 4493 2786 extra

2551 2823 2962 2869 communem
3001 2825 3372 2870 numerum.
3452 2803 3567 2872 Sic
3603 2805 3775 2889 apud
3809 2805 4054 2870 Isaiam
4104 2803 4235 2891 (45,
4278 2804 4348 2893 4)
4393 2805 4492 2871 di-

2552 2888 2724 2955 citur
2746 2888 2966 2973 Cyrus
2989 2890 3253 2955 nomine
3275 2911 3396 2955 suo
3417 2898 3719 2956 vocatus:
3758 2890 3910 2975 quia
3947 2893 4268 2976 singulari
4304 2890 4494 2958 modo

2554 2973 2638 3039 ad
2675 2983 2893 3040 tantas
2927 2996 3033 3041 res
3068 2974 3388 3059 gerendas
3426 2977 3554 3041 Dei
3589 2977 3857 3043 consilio
3895 2976 4261 3043 destinatus
4298 2985 4490 3044 esset.

2555 3060 2702 3126 Etsi
2763 3070 2982 3126 autem
3028 3061 3328 3144 specialis
3371 3063 3498 3127 fuit
3542 3063 3795 3129 vocatio
3839 3063 4153 3143 Beseleel‚
4199 3064 4354 3146 quia
4392 3061 4494 3150 (ut

2556 3166 2765 3228 nuper
2808 3144 2975 3233 dixi)
3029 3147 3369 3212 insolitum
3425 3158 3491 3212 et
3549 3149 3819 3214 minime
3876 3148 4149 3234 vulgare
4208 3170 4371 3233 opus
4432 3150 4491 3215 ei

2556 3232 2739 3297 Dens
2788 3232 3176 3298 mandabat:
3222 3233 3371 3298 colli
3423 3233 3590 3299 ‘mus
3635 3244 3853 3300 tamen
3899 3236 4230 3301 neminem
4273 3236 4376 3301 vel
4420 3236 4493 3300 in

2555 3318 2848 3382 minimis
2905 3339 2979 3383 ac
3038 3319 3618 3401 contemptissimis
3660 3320 3936 3402 opificiis
3982 3320 4321 3399 excellere,
4368 3321 4494 3387 nisi

2555 3412 2877 3486 quatenus
2920 3406 2987 3468 in
3024 3423 3100 3468 eo
3148 3404 3271 3469 Dei
3315 3405 3588 3489 spiritus
3632 3415 3958 3489 operatur.
4047 3407 4218 3471 Nam
4263 3428 4491 3490 quam-

2553 3490 2656 3555 vis
2694 3489 2904 3554 divisa
2941 3491 3072 3554 sint
3107 3489 3294 3572 dona,
3330 3512 3502 3557 unus
3538 3499 3755 3557 tamen
3793 3503 3890 3557 est
3927 3492 4194 3575 spiritus
4238 3513 4322 3557 ex
4365 3514 4493 3575 quo

2556 3576 2776 3639 omnia
2819 3577 3217 3641 scaturiunt:
3277 3586 3344 3641 et
3386 3576 3647 3659 quidem
3706 3586 3898 3660 prout
3943 3578 4085 3643 Deo
4130 3578 4346 3643 visum
4390 3587 4490 3642 est

2556 3661 2836 3744 singulis
2892 3661 2974 3726 ad
3034 3683 3406 3727 mensuram
3477 3662 3865 3730 distribuere
3921 3662 4008 3750 (1.
4058 3663 4204 3730 Cor.
4256 3665 4353 3743 12,
4397 3662 4487 3751 4).

2555 3746 2784 3829 Neque
2806 3747 2870 3812 id
2911 3759 3169 3813 tantum
3205 3749 3273 3812 in
3311 3749 3758 3832 spiritualibus
3797 3748 3982 3814 donis
4017 3749 4232 3835 locum
4270 3749 4488 3828 habet,

2554 3853 2721 3915 quae
2777 3834 3338 3916 regenerationem
3398 3844 3798 3918 sequuntur,
3869 3834 3987 3901 sed
4050 3836 4117 3900 in
4185 3835 4488 3900 omnibus

2554 3919 2842 3985 scientiis
2901 3941 3065 4002 quae
3110 3921 3442 4003 pertinent
3499 3921 3582 3986 ad
3646 3942 3838 3986 usum
3884 3921 4248 3986 communis
4292 3922 4485 3987 vitae.

2556 4005 2815 4070 Vitiosa
2869 4005 3074 4090 igitur
3137 4008 3399 4089 partitio
3465 4016 3595 4084 est,
3665 4005 3822 4071 dum
3881 4007 4133 4089 profani
4189 4005 4489 4073 homines

2554 4091 2797 4174 partim
2856 4102 3127 4156 naturae
3185 4104 3250 4156 et
3295 4091 3421 4158 Dei
3456 4091 3767 4158 beneficio
3812 4091 4207 4170 adscribunt,
4250 4093 4487 4174 partim

2558 4177 2897 4241 hominum
2951 4177 3347 4254 industriae,
3409 4177 3783 4243 adiumenta
3817 4178 4037 4243 omnia
4080 4178 4314 4260 quibus
4356 4179 4488 4243 uti-

2559 4280 2746 4327 mur:
2799 4264 3057 4346 quando
3116 4266 3258 4346 ipsa
3312 4285 3563 4348 quoque
3608 4264 3948 4329 hominum
3991 4261 4319 4329 industria
4361 4265 4489 4330 Dei

2556 4348 2940 4416 beneficium
2986 4358 3102 4414 est.
3195 4349 3436 4415 Melius
3470 4359 3716 4433 poetae,
3760 4350 3872 4433 qui
3918 4349 4302 4433 simpliciter
4346 4352 4489 4416 Deo

2555 4435 2850 4499 referunt
2884 4446 3220 4519 acceptum
3257 4437 3428 4519 quod
3452 4436 3692 4519 abipsa
3718 4447 3954 4500 natura
3980 4436 4296 4502 dictatum
4329 4446 4490 4516 erat,

2556 4531 2731 4585 artes
2787 4541 3015 4587 omnes
3057 4542 3096 4585 a
3142 4521 3284 4587 Deo
3328 4543 3618 4602 manare,
3660 4532 3726 4586 et
3767 4520 3911 4587 ideo
3956 4523 4192 4588 debere
4237 4523 4508 4605 censeri·

2556 4605 2814 4672 divinas
2888 4608 3325 4673 inventiones.
3420 4607 3641 4672 Huius
3696 4607 4031 4673 doctrinae
4090 4607 4330 4692 duplex
4389 4618 4490 4674 est

2555 4692 2836 4771 utilitas,
2895 4700 2972 4757 ut
3031 4695 3251 4758 omnia
3309 4714 3476 4777 quae
3535 4693 3867 4776 pertinent
3908 4693 3991 4759 ad
4034 4693 4378 4759 fovendam
4423 4705 4492 4759 et

2511 4778 2518 4784 “
2554 4778 2863 4842 tuendam
2913 4780 3141 4857 vitam,
3203 4781 3453 4862 quoties
3511 4789 3881 4857 occurrunt,
3925 4801 4044 4844 nos
4086 4779 4166 4844 ad
4213 4781 4488 4863 gratitu-

2555 4864 2774 4928 dinem
2821 4866 3137 4929 excitent:
3207 4874 3274 4930 ct
3341 4886 3759 4949 quaecunque
3815 4875 3971 4930 nata
4033 4864 4345 4930 videntur
4404 4886 4489 4931 ex

2554 4950 2894 5015 hominum
2954 4951 3251 5033 ingenio,
3323 4952 3716 5017 documenta
3775 4952 3909 5016 sint
3962 4959 4271 5034 paternae
4330 4972 4490 5037 erga

2553 5055 2675 5100 nos
2728 5036 2853 5100 Dei
2918 5037 3405 5103 sollicitudinis:
3473 5036 3708 5102 deinde
3774 5045 3846 5101 ut
3911 5055 4072 5118 pure
4135 5044 4203 5099 et
4265 5050 4489 5104 sancte

2554 5120 2770 5186 Deum
2831 5122 3119 5188 colamus
3179 5133 3277 5187 tot
3345 5122 3662 5188 bonorum
3711 5133 4000 5187 autorem
4028 5172 4042 5198 ,
4101 5120 4215 5205 qui
4283 5143 4361 5188 ea
4416 5126 4489 5189 in

2557 5229 2742 5271 usum
2807 5218 3104 5273 nostrum
3162 5209 3543 5275 sanctificat.
3635 5208 3840 5273 Plura
3883 5208 4152 5290 spiritus
4196 5209 4492 5292 epitheta

2555 5303 2899 5358 enumerat
2937 5295 3188 5360 Moses:
3227 5296 3379 5378 quia
3429 5294 3784 5378 singularis
3817 5294 4057 5376 opificii
4103 5297 4177 5359 fit
4219 5297 4487 5362 mentio.

2561 5377 2866 5444 Statuere
2912 5391 3129 5445 tamen
3189 5382 3519 5459 convenit,
3580 5399 3998 5462 quaecunque
4054 5381 4333 5464 singulis
4394 5383 4490 5447 fa-
