5017 6142
955 635 1305 704 NUMER.
1349 634 1549 704 OAP.
1593 636 1895 705 XXVII.

626 808 683 872 1.
730 806 1141 875 Accesserant
1174 811 1381 873 autem
1408 808 1587 890 filiae
1611 806 1939 890 Salphaad
1969 808 2097 891 filii
2117 808 2390 891 Hepher,

446 893 579 976 filii
626 892 880 960 Galaad
896 943 912 972 ,
967 891 1091 976 filii
1131 890 1417 975 Machir,
1473 894 1599 976 filii
1643 893 1950 961 Manasse
1988 895 2066 962 de
2116 895 2395 978 familiis

452 979 778 1058 manasse,
819 978 949 1061 filii
983 976 1094 1043 Ios
1168 977 1244 1044 h.-
1281 978 1430 1046 haec
1469 999 1608 1047 vero
1641 984 1790 1045 sunt
1821 980 2078 1046 nomina
2106 981 2394 1062 filiarum

450 1066 606 1143 eim,
650 1062 933 1141 Malkah,
979 1062 1057 1129 N
1166 1113 1183 1142 ,
1226 1063 1333 1130 Ho
1373 1064 1499 1145 lah,
1543 1071 1603 1131 et
1637 1064 1948 1144 Milchah,
1991 1071 2047 1132 et
2091 1065 2392 1133 Thio-sah.

451 1153 514 1218 2.
561 1149 706 1216 Hae
738 1153 1028 1217 steterunt
1066 1168 1283 1215 coram
1464 1172 1497 1216 e
1538 1157 1595 1216 et
1633 1171 1844 1218 coram
1875 1150 2155 1233 Ekasar
2192 1172 2396 1220 sacer-

451 1239 604 1318 dote,
647 1241 703 1301 et
732 1257 942 1304 coram
963 1234 1361 1318 principibus
1395 1242 1575 1319 atque
1605 1238 1904 1303 universa
1936 1239 2397 1323 conyreqatione

453 1324 541 1392 ad
580 1322 807 1389 ostium
850 1321 1234 1388 tabernaculi
1274 1323 1703 1398 conventionis,
1747 1322 2032 1390 dicendo.-
2092 1323 2153 1389 3.
2202 1322 2395 1390 Pater

452 1407 1225 1477 nostermortuusestin
1267 1407 1539 1486 deserto,
1591 1408 1704 1489 qui
1756 1412 1960 1475 tamen
2001 1408 2397 1491 nonfuitin

453 1494 918 1578 conyreyatione
958 1512 1118 1574 qaae
1158 1498 1522 1578 conqreqata
1570 1494 1696 1577 fuit
1735 1493 2036 1561 adversus
2078 1493 2394 1575 Iehovam,

451 1579 1026 1749 aimmeyfatione
1063 1576 1214 1730 (ἰαίνει
1229 1579 1834 1747 :4qui5ugv'tepcccato
1873 1585 2153 1647 mortuus
2193 1586 2300 1659 est,
2342 1584 2397 1679 et

454 1751 660 1818 nostri
700 1750 777 1817 de
817 1749 1019 1817 medio
1055 1749 1345 1832 familiae
1384 1770 1555 1830 suae,
1585 1756 1917 1833 propterea
1956 1752 2125 1834 quod
2157 1773 2281 1817 non
2312 1752 2397 1818 sit

458 1838 519 1904 ei
555 1836 783 1920 filius?
845 1836 933 1902 da
983 1834 1159 1901 nobis
1215 1834 1656 1905 haereditatem
1708 1838 1870 1903 inter
1918 1837 2153 1920 fratres
2181 1837 2400 1919 patris

457 1923 677 1989 nostri.
742 1920 803 1988 5.
848 1920 1088 1987 Retulit
1129 1924 1337 1987 autem
1372 1920 1586 1989 Moses
1625 1941 1888 1990 causam
1927 1943 2148 1990 earum
2188 1943 2399 1990 coram

463 2009 715 2076 lehova.
804 2008 865 2073 6.
921 2004 1011 2072 Et
1051 2007 1366 2090 respondit
1409 2006 1640 2075 Iehova
1681 2008 1769 2075 ad
1812 2007 2067 2088 Mosen,
2109 2009 2401 2077 dicendo.-

462 2097 520 2162 7.
569 2094 829 2162 Rectam
856 2092 1033 2174 filiae
1071 2091 1400 2175 Salphaad
1432 2092 1805 2176 loquuntur.-
1848 2093 2057 2161 dando
2090 2094 2276 2161 dabis
2308 2094 2399 2160 eis

445 2181 904 2265 possessionem
942 2177 1345 2244 haereditatis
1378 2178 1450 2245 in
1482 2179 1685 2246 medio
1720 2179 2000 2262 fratrum
2028 2182 2246 2262 patr-is
2276 2180 2400 2257 sui,

459 2272 515 2333 et
541 2265 881 2348 transferes
913 2263 1349 2331 haereditatem
1377 2264 1595 2345 patris
1627 2285 1845 2331 earum
1883 2266 1969 2332 ad
2001 2285 2127 2332 eas.
2194 2266 2258 2334 8.
2292 2264 2403 2331 Aa

454 2353 626 2436 filios
666 2356 872 2417 autem
894 2349 1106 2416 Israel
1145 2348 1436 2432 loqueris,
1479 2350 1768 2417 dicendo.-
1811 2350 2017 2433 Quum
2058 2352 2203 2434 quis
2243 2370 2404 2417 mor-

456 2445 604 2504 tuus
643 2437 869 2520 fuerit,
921 2441 977 2501 et
1015 2434 1197 2517 filius
1234 2456 1359 2501 non
1398 2436 1594 2520 faerit
1636 2436 1765 2517 illi,
1825 2442 1959 2502 tum
2013 2437 2403 2520 transferetis

454 2523 890 2590 haereditatem
931 2522 1068 2588 eius
1112 2522 1198 2588 ad
1236 2520 1443 2604 filiam
1484 2522 1712 2603 ipsius.
1814 2522 1873 2588 9.
2176 2525 2239 2589 si
2279 2543 2403 2589 non

452 2610 652 2693 fuerit
691 2609 752 2674 ei
789 2608 950 2688 filia,
992 2612 1138 2673 tunc
1177 2606 1410 2674 dabitis
1442 2606 1884 2675 haereditatem
1918 2610 2058 2676 eius
2093 2609 2403 2692 fratribus

456 2696 681 2779 ipsius.
772 2694 872 2760 10.
921 2692 997 2759 Si
1046 2713 1191 2758 vero
1243 2713 1368 2758 non
1412 2692 1653 2775 fuerint
1706 2694 1766 2760 ei
1799 2694 2053 2777 fratres,
2093 2700 2237 2761 tunc
2276 2694 2388 2761 da-

456 2783 604 2848 bitis
667 2779 1103 2847 haereditatem
1164 2779 1306 2844 eius
1355 2777 1668 2860 fratribus
1710 2781 1929 2862 patris
1975 2781 2201 2863 ipsius.
2289 2783 2390 2846 11.

466 2867 641 2949 Quod
680 2867 742 2931 si
774 2886 907 2945 „non
944 2865 1180 2947 fuerint
1220 2864 1457 2946 fratres
1488 2866 1672 2945 patri
1711 2866 1942 2948 ipsius,
1986 2872 2127 2933 tunc
2165 2866 2398 2932 dabitis

457 2952 894 3020 haereditatem
947 2951 1084 3016 eius
1119 2950 1563 3032 propinquiori
1616 2951 1721 3016 illi
1760 2951 1834 3017 de
1873 2951 2134 3034 familia
2174 2952 2400 3034 ipsius,

457 3038 1009 3118 haereditatemque
1051 3036 1306 3118 accipiet
1345 3035 1554 3102 illam.-
1605 3037 1725 3103 erit
1784 3043 1990 3103 motem
2030 3039 2205 3105 istud
2242 3038 2403 3119 filiis

460 3122 669 3277 {Zael
731 3145 816 3275 3³1
853 3126 1152 3222 statuatum
1211 3120 1436 3188 iudicii
1510 3122 2027 3204 quemadmodum
2089 3122 2403 3207 praecepit

574 3230 692 3277 ova
811 3229 925 3276 osi.

633 3383 690 3446 1.
737 3381 1143 3446 Accesserant
1182 3384 1402 3445 ardon.
1468 3378 1793 3444 Inseritur
1836 3378 2108 3445 historia
2153 3379 2236 3444 de
2278 3380 2402 3445 fili-

458 3465 620 3533 abus
667 3464 1001 3549 Salphaad
1061 3486 1145 3531 ex
1204 3464 1513 3549 progenie
1557 3463 1843 3545 Machir,
1899 3484 2067 3547 quae
2126 3465 2406 3548 postula-

462 3563 619 3618 runt
679 3551 939 3617 admitti
1003 3551 1072 3616 in
1130 3562 1383 3634 partem
1446 3548 1906 3615 haereditatis:
1975 3550 2128 3633 quia
2185 3551 2404 3617 nullus

461 3650 605 3705 erat
638 3636 966 3705 masculus
1002 3657 1331 3703 successor
1369 3635 1542 3721 patri
1576 3656 1821 3701 earum.
1880 3637 2150 3702 Poterat
2183 3645 2404 3704 autem

461 3725 766 3807 ambigua
810 3722 1017 3789 videri
1061 3722 1355 3788 definitio
1398 3721 1596 3787 huius
1640 3742 1905 3799 causae,
1959 3722 2088 3788 nisi
2132 3722 2261 3788 Dei
2304 3744 2405 3789 re-

461 3831 698 3895 sponso
739 3809 998 3876 sublata
1040 3807 1360 3875 dubitatio
1405 3818 1594 3873 esset.
1683 3807 1853 3873 Nam
1899 3828 2101 3891 quum
2147 3810 2215 3874 in
2260 3809 2406 3894 lege

463 3896 715 3962 nullum
759 3896 952 3960 detur
1008 3893 1270 3960 feminis
1312 3913 1585 3970 nomen,
1644 3914 1778 3959 non
1817 3893 2039 3959 debuit
2078 3895 2149 3960 in
2194 3904 2405 3961 terrae

463 3984 761 4067 portione
802 4001 1025 4046 earum
1071 3980 1297 4046 haberi
1341 3979 1526 4046 ratio.
1581 3980 1675 4045 Et
1717 3986 1891 4046 certe
1937 3980 2058 4045 hoc
2098 3981 2201 4048 ius
2237 4003 2405 4048 com·

465 4090 661 4133 mune
705 4066 1121 4151 praescripsit
1165 4065 1375 4131 Deus:
1424 4064 1538 4130 sed
1583 4087 1756 4131 nunc
1798 4065 2097 4149 specialis
2141 4067 2407 4149 ponitur

466 4155 791 4237 exceptio,
871 4152 1122 4236 quoties
1202 4151 1431 4216 domus
1495 4171 1626 4216 una
1703 4150 1948 4217 carebit
2019 4151 2406 4219 haeredibus

468 4240 798 4314 masculis,
856 4260 941 4304 ne
997 4239 1135 4303 eius
1195 4237 1511 4301 memoria
1563 4235 1939 4315 intercidat,
1999 4255 2071 4303 ut
2129 4238 2408 4305 feminae

464 4323 830 4391 succedant.
919 4322 1072 4390 Scio
1115 4322 1182 4387 id
1228 4344 1412 4406 posse
1456 4322 1726 4405 agitari,
1771 4322 1925 4406 quia
1966 4326 2253 4390 rationes
2298 4345 2404 4392 oc-

466 4424 738 4477 currunt
782 4411 849 4474 in
896 4422 1242 4493 utramque
1288 4417 1576 4491 partem:
1623 4429 1854 4474 verum
1899 4409 2083 4475 nobis
2125 4409 2408 4476 sufficiat

463 4496 635 4580 quod
692 4497 874 4562 Deus
937 4496 1329 4578 interposuit
1391 4494 1742 4560 decretum.
1829 4495 1976 4560 Etsi
2041 4507 2261 4561 autem
2326 4496 2407 4563 de

468 4582 725 4665 privata
759 4603 887 4647 sua
915 4582 1196 4648 utilitate
1238 4601 1454 4647 coram
1489 4581 1677 4647 Mose
1710 4579 1991 4663 litigant,
2029 4581 2407 4665 disceptatio

467 4681 687 4733 tamen
731 4687 809 4732 ex
858 4667 1025 4732 bono
1080 4668 1401 4752 principio
1446 4666 1774 4734 manavit:
1830 4667 1988 4749 quia
2030 4666 2111 4733 de
2154 4689 2406 4735 succes·

467 4756 649 4819 sione
686 4774 817 4817 non
860 4752 1022 4818 adeo
1065 4751 1374 4818 sollicitae
1408 4751 1703 4829 fuissent,
1750 4752 1876 4817 nisi
1919 4751 2191 4836 perinde
2233 4753 2406 4837 apud

467 4861 576 4905 eas
622 4838 931 4905 valuisset
973 4838 1099 4904 Dei
1158 4839 1493 4921 promissio
1536 4858 1613 4904 ac
1655 4839 1712 4902 si
1754 4839 1887 4902 iam
1927 4839 2001 4903 in
2059 4839 2406 4923 possessio-

469 4947 617 4990 nem
662 4925 833 4988 mitti
878 4923 1301 5007 postularent.
1373 4922 1682 4989 Nondum
1724 4923 2001 5007 ingressi
2043 4933 2233 4991 erant
2274 4936 2407 4994 ter-

468 5032 637 5088 ram,
700 5030 819 5075 nec
862 5009 1079 5075 hostes
1125 5011 1662 5093 profligaverant:
1720 5010 1925 5075 fretae
1960 5019 2179 5077 tarnen
2227 5014 2408 5079 testi-

468 5098 682 5162 monio
708 5096 927 5172 Mosis,
973 5095 1075 5160 ius
1118 5118 1309 5161 suum
1344 5117 1473 5159 non
1509 5116 1696 5161 secus
1731 5105 2212 5179 persequuntur
2246 5119 2320 5165 ac
2355 5097 2410 5163 si

469 5205 543 5247 eo
608 5184 748 5265 ipso
814 5180 915 5245 die
984 5181 1333 5264 tranquilla
1398 5192 1567 5246 esset
1624 5181 1970 5266 perceptio,
2058 5182 2265 5265 quue
2328 5181 2407 5247 ad

473 5271 669 5335 totius
730 5266 952 5352 populi
1017 5267 1580 5333 confirmationem
1644 5268 1885 5345 valuit,
1968 5267 2122 5333 dum
2191 5268 2409 5334 Moses

466 5353 797 5421 consuluit
836 5352 1051 5419 Deum
1098 5363 1405 5435 tanquam
1452 5353 1531 5419 de
1573 5375 1647 5418 re
1689 5354 1875 5432 seria,
1913 5364 1982 5420 et
2023 5375 2104 5419 ex
2151 5354 2411 5420 oraculo

1858 448 2268 518 REDITUS
2314 451 2441 517 AD
2486 451 3034 522 HISTORIAM.

4305 452 4439 519 310

2494 641 2952 722 pronunciavit
3007 638 3163 724 quid
3225 648 3476 708 rectum
3536 661 3612 707 ac
3667 660 3942 724 aequum
3999 646 4190 708 esset.
4276 641 4438 709 Dis-

2492 726 2776 810 ceptatio
2830 727 3008 794 enim
3061 745 3280 792 coram
3332 724 3636 793 omnibus
3692 725 3947 807 habita,
4005 727 4261 794 animos
4316 728 4436 793 eri-

2492 832 2648 897 gere
2693 810 2934 892 debuit,
2977 820 3054 878 ut
3097 812 3333 878 saltem
3375 810 3653 878 feminas
3696 812 4127 880 imitarentur.

2665 897 2724 963 3.
2797 897 2991 965 Pater
3043 902 3248 965 noster
3303 901 3588 965 montius
3643 903 3748 964 est.
3836 898 4187 964 Rationem
4231 895 4436 964 addu-

2493 990 2653 1051 cunt
2688 983 2957 1050 minime
2991 980 3445 1067 spernendam,
3480 982 3650 1066 quod
3687 991 3989 1050 mortuus
4019 983 4217 1050 fuerit
4248 992 4439 1068 pater

2492 1090 2577 1134 ex
2619 1090 2746 1152 qno
2789 1067 2975 1135 Deus
3016 1067 3097 1134 ad
3154 1076 3564 1153 praesentem
3621 1077 3833 1136 terrae
3885 1069 4264 1136 fruitionem
4319 1090 4437 1154 po·

2495 1155 2724 1237 pulum
2779 1160 3156 1221 vocaverat:
3219 1174 3375 1220 nam
3432 1155 3488 1221 si
3532 1153 3789 1239 longius
3834 1153 4151 1240 producta
4205 1155 4438 1223 fuisset

2495 1240 2910 1324 disceptatio,
2991 1239 3232 1305 multas
3307 1238 3458 1306 lites
3532 1241 3803 1324 gignere
3883 1249 4153 1324 poterat.
4256 1240 4438 1342 Ergo

2495 1326 2821 1392 restrictio
2842 1348 2925 1393 ex
2946 1326 3259 1408 temporis
3281 1324 3773 1391 circumstantia
3793 1326 3894 1392 ius
3917 1347 4147 1392 earum
4162 1325 4436 1393 adiuvit.

2496 1410 2805 1479 Secundo
2862 1410 3205 1488 obiiciunt,
3262 1419 3518 1494 patrem
3563 1411 3741 1476 nullo
3791 1411 4066 1478 crimine
4109 1433 4253 1479 esse
4296 1432 4442 1495 pro-

2496 1497 2809 1563 meritum
2850 1517 2971 1565 cur
3005 1494 3413 1563 abdicaretur
3442 1518 3482 1562 a
3508 1498 3838 1564 communi
3878 1507 4072 1578 sorte,
4115 1518 4272 1563 nam
4315 1495 4441 1564 sub

2496 1582 2979 1667 conspiratione
3033 1580 3305 1648 Dathan
3360 1590 3429 1648 et
3483 1582 3734 1649 Abiran
3788 1583 3960 1669 (meo
4016 1580 4278 1670 iudicio)
4325 1603 4441 1666 per

2497 1668 2957 1755 synecdochen
3015 1666 3574 1751 comprehendunt
3635 1667 3765 1734 alia
3820 1668 4092 1748 scelera,
4160 1689 4439 1752 quorum

2498 1774 2712 1839 poena
2785 1762 3084 1839 posteros
3161 1753 3587 1837 constringat.
3673 1751 3831 1820 Ideo
3903 1754 4235 1838 privatum
4300 1753 4443 1821 eius

2498 1850 2840 1924 peccatum
2896 1838 3194 1924 publicae
3240 1839 3637 1929 ignominiae
3677 1840 4061 1923 opponitur:
4118 1841 4211 1907 sic
4268 1841 4443 1907 enim

2500 1928 2895 2010 interpretor
2980 1924 3151 2008 quod
3241 1923 3470 1992 dicunt
3549 1933 3879 1991 mortuum
3958 1945 4100 1993 esse
4177 1925 4251 1991 in
4328 1946 4447 1993 suo

2500 2027 2786 2097 peccato.
2874 2011 2975 2077 Ac
3031 2018 3207 2077 certe
3261 2009 3603 2094 pueriliter
3657 2009 3886 2076 Iudaei
3930 2032 4082 2077 eum
4139 2032 4281 2078 esse
4325 2032 4445 2078 nu-

2503 2105 2748 2183 gantur
2805 2097 2919 2180 qui
2982 2095 3165 2180 ligna
3229 2095 3584 2180 collegerat
3636 2095 3972 2162 Sabbatho
3990 2147 4007 2179 ,
4073 2097 4182 2163 vel
4238 2118 4445 2164 unum

2503 2206 2589 2250 ex
2653 2202 2882 2249 eorum
2946 2201 3221 2247 numero
3274 2182 3386 2264 qui
3442 2180 3770 2248 interfecti
3827 2193 3982 2249 sunt
4033 2203 4255 2250 morsu
4309 2203 4447 2249 ser-

2504 2277 2796 2353 pentum.
2886 2265 3205 2335 Coactum
3261 2287 3417 2333 vero
3471 2275 3573 2333 est
3611 2266 3681 2333 id
3726 2266 3970 2334 referre
4013 2266 4099 2333 ad
4140 2267 4447 2335 maledic·

2504 2355 2780 2433 tionem,
2835 2354 2941 2420 cui
2984 2360 3196 2420 totum
3250 2373 3456 2437 genus
3514 2354 3875 2418 humanum
3920 2352 4284 2420 subiectum
4327 2364 4445 2420 est.

2504 2441 2854 2508 Privatum
2906 2440 3124 2522 itaque
3167 2448 3508 2523 peccatum
3551 2458 3591 2503 a
3634 2437 3891 2520 publico
3933 2439 4177 2506 scelere
4211 2439 4452 2506 discer-

2505 2534 2679 2594 nunt
2738 2524 2909 2608 quod
2956 2522 3360 2591 abdicatione
3423 2524 3699 2608 dignum
3763 2533 3965 2604 esset,
4023 2545 4109 2589 ne
4168 2524 4451 2592 deterior

2505 2613 2594 2679 sit
2634 2613 2842 2696 patris
2886 2608 3168 2677 conditio
3211 2631 3407 2693 quam
3449 2609 3721 2675 alterius
3762 2609 4125 2677 cuiuslibet.
4183 2609 4452 2677 Interea

2504 2697 2904 2783 principium
2959 2695 3248 2762 retinent
3287 2716 3329 2760 a
3370 2696 3697 2760 communi
3751 2695 4018 2779 pietatis
4071 2716 4268 2761 sensu
4313 2695 4448 2762 dic·

2505 2791 2751 2937 atium,
2794 2781 2949 2865 quia
2989 2803 3168 2848 mors
3211 2779 3343 2846 Dei
3387 2781 3753 2848 maledictio
3795 2788 3926 2860 est,
3983 2780 4233 2866 peccati
4274 2802 4450 2847 mer-

2625 2889 2729 2934 em
2773 2887 2933 2935 esse.

2677 2954 2738 3020 5.
2807 2952 3046 3019 Retulit
3103 2957 3310 3019 autem
3347 2950 3560 3019 Moses
3606 2972 3888 3019 causam.
3977 2950 4306 3020 Credibile
4350 2964 4451 3019 est

2505 3039 2617 3106 vel
2674 3039 3019 3106 sententiis
3061 3037 3263 3105 fuisse
3322 3038 3679 3117 variatum,
3741 3037 3850 3104 vel
3907 3045 4019 3104 tan
4068 3059 4220 3104 uam
4261 3037 4335 3104 in
4375 3058 4453 3105 rs

2508 3127 2789 3193 obscura
2826 3134 2896 3191 et
2938 3124 3246 3209 ambigua
3288 3144 3645 3208 suspensas
3700 3123 3901 3191 fuisse
3944 3124 4012 3189 iu
4063 3125 4232 3191 ‘cum
4274 3144 4457 3191 men·

2509 3223 2626 3278 tes.
2687 3210 2867 3278 Utile
2910 3208 3169 3293 quidem
3203 3207 3332 3275 fuit
3372 3210 3587 3293 legem
3629 3208 3788 3274 ferri
3826 3208 4163 3291 divinitus,
4206 3231 4289 3276 ne
4321 3229 4457 3293 qua

2506 3298 2581 3362 in
2625 3308 2954 3382 posterum
2999 3295 3449 3362 controversia
3492 3303 3890 3361 nasceretur.
3958 3295 4129 3361 Nam
4164 3297 4221 3362 si
4263 3294 4344 3362 de
4378 3314 4456 3362 re

2507 3382 2837 3468 praesenti
2873 3381 3376 3464 pronunciatum
3425 3381 3658 3446 fuisset
3698 3380 4042 3446 hominum
4087 3380 4453 3461 sententiis,

2506 3468 2802 3534 nondum
2858 3469 3024 3533 forte
3078 3467 3236 3532 satis
3291 3464 3539 3532 domita
3573 3465 3806 3533 fuisset
3855 3465 4214 3533 multorum
4256 3465 4457 3534 obsti·

2506 3556 2704 3620 natio.
2767 3551 3075 3619 Notanda
3107 3572 3266 3619 vero
3301 3552 3509 3618 Mosis
3597 3554 3660 3616 ia
3701 3551 4038 3631 modestia,
4083 3572 4280 3636 quem
4314 3572 4450 3620 non

2504 3639 2711 3723 pudet
2764 3637 3201 3723 ignorantiam
3264 3637 3483 3717 fateri,
3582 3657 3742 3704 onec
3785 3658 3870 3704 ex
3910 3658 4023 3704 ore
4066 3638 4194 3703 Dei
4252 3638 4451 3706 fuerit

2506 3726 2791 3792 edoctus.
2881 3724 3083 3808 Atqui
3140 3724 3350 3809 legem
3395 3722 3828 3807 qnadraginta
3884 3731 4039 3789 ante
4082 3723 4272 3790 aunis
4312 3723 4447 3789 iam

2507 3811 3071 3896 promulgaverat:
3130 3809 3245 3875 sed
3303 3809 3384 3874 ad
3429 3807 3809 3874 discendum
3865 3829 4122 3892 semper
4163 3810 4290 3875 fuit
4331 3830 4448 3894 pa·

2508 3908 2709 3963 ratus.
2798 3895 3077 3962 Minime
3136 3914 3327 3979 porro
3386 3895 3655 3961 dubium
3715 3903 3814 3960 est
3870 3895 4027 3978 quin
4072 3894 4255 3961 Deus
4297 3915 4446 3960 eum

2507 3982 2592 4049 ad
2628 3979 2908 4066 petenda
2941 3981 3203 4047 oracula
3237 3980 3630 4064 compulerit
3661 3979 3913 4063 quoties
3956 3989 4173 4047 actum
4207 3979 4335 4046 fnit
4370 3979 4451 4045 de

2507 4070 2705 4136 rebus
2746 4068 3037 4133 maxime
3079 4066 3298 4146 seriis,
3340 4065 3544 4133 donec
3584 4065 3886 4133 omnibus
3930 4068 4220 4132 numeris
4262 4066 4447 4132 abso·

2508 4156 2649 4219 luta
2692 4165 2863 4220 esset
2907 4153 3219 4218 doctrina.
3310 4151 3455 4217 Etsi
3493 4165 3710 4216 autem
3756 4171 3932 4217 nunc
3973 4149 4161 4218 Deus
4205 4172 4241 4216 e
4275 4152 4452 4219 coelo

2510 4261 2645 4305 non
2688 4238 2937 4323 profert
2979 4237 3137 4322 quid
3204 4236 3383 4304 factu
3436 4257 3599 4320 opus
3655 4238 3770 4314 sit,
3832 4247 4178 4302 monentur
4233 4247 4450 4303 tamen

2509 4326 2713 4391 Mosis
2758 4324 3057 4406 exemplo
3101 4324 3574 4408 gubernatores
3609 4321 3692 4388 ad
3736 4323 3954 4388 Deum
3997 4323 4346 4408 confugere
4378 4323 4450 4388 in

2509 4411 2790 4494 negotiis
2824 4410 3174 4494 perplexis,
3212 4418 3287 4474 nt
3322 4429 3434 4474 eos
3468 4408 3703 4491 spiritu
3723 4407 4111 4491 prudentiae
4141 4408 4448 4482 instruat,

2509 4516 2638 4581 quo
2682 4504 2857 4563 certe
2902 4515 3034 4560 non
3080 4492 3518 4560 destituentur
3562 4495 3618 4560 si
3662 4514 3813 4560 eum
3857 4494 4239 4576 implorent:
4298 4493 4450 4576 quia

2511 4604 2642 4648 non
2702 4582 2918 4647 minus
2976 4580 3058 4645 ad
3115 4582 3291 4664 ipsos
3334 4578 3777 4645 exaudiendos
3820 4579 3947 4645 erit
3989 4578 4198 4645 facilis
4255 4600 4448 4662 quam

2509 4688 2667 4753 erga
2709 4668 2942 4733 Mosen
2987 4688 3057 4731 se
3102 4679 3258 4732 tunc
3300 4665 3602 4732 ostendit.

2681 4755 2739 4821 8.
2808 4752 2920 4819 Λᾶ
2947 4752 3116 4835 filios
3167 4757 3374 4819 autem
3431 4751 3655 4817 Israel.
3742 4749 4149 4836 Hypothesis
4202 4748 4449 4815 occasio

2509 4839 2815 4907 ferendae
2858 4839 3025 4923 legis
3067 4839 3210 4915 fuit,
3257 4857 3421 4920 quae
3457 4846 3769 4920 perpetua
3809 4846 3877 4900 et
3918 4834 4244 4920 generalis
4280 4848 4451 4900 esset

2511 4928 2741 5011 regula
2798 4923 3009 5008 quoad
3051 4922 3155 4990 ius
3199 4922 3729 4988 haereditarium.
3818 4921 3964 4986 Etsi
4015 4934 4234 4985 autem
4280 4919 4449 4985 filias

2509 5013 2694 5077 Deus
2728 5010 3014 5093 praefert
3047 5009 3192 5074 aliis
3227 5009 3528 5073 omnibus
3562 5009 3870 5091 cognatis,
3896 5006 4007 5072 ubi
4030 5004 4212 5071 deest
4232 5005 4448 5090 proles

2511 5098 2815 5173 mascula,
2863 5104 3135 5178 excepto
3177 5103 3397 5160 tamen
3435 5095 3644 5177 primo
3678 5090 3887 5176 gradu
3922 5091 4092 5156 solos
4124 5092 4449 5157 masculos

2511 5180 2594 5246 ad
2637 5180 3111 5248 successionem
3157 5180 3474 5247 admittit:
3534 5194 3726 5261 atque
3782 5178 3874 5242 ita
3920 5178 4232 5241 usitatum
4274 5174 4449 5242 ordi·

2512 5289 2663 5333 nem
2689 5275 2930 5333 servat.
2992 5267 3084 5332 Et
3105 5273 3299 5343 certe,
3343 5287 3541 5330 sexus
3560 5275 3880 5345 respectu.
3922 5261 4267 5328 excludere
4296 5282 4452 5331 suos

2514 5352 2831 5420 haeredes
2873 5373 3194 5437 perquam
3237 5351 3531 5434 iniquum
3579 5348 3764 5426 foret,
3812 5367 4038 5413 verum
4084 5347 4196 5413 ubi
4241 5370 4281 5414 a
4314 5354 4450 5416 suis
