5017 6142
426 462 554 533 237

426 652 750 720 securitas
791 651 1219 718 attentionem
1273 650 1620 719 excitando
1670 672 1914 720 nomen
1956 654 2088 721 Dei
2128 654 2369 722 sancti-

424 738 729 805 ficasset:
781 738 875 803 ita
927 756 1157 803 eorum
1201 737 1559 805 defectione
1601 738 1846 806 factum
1892 748 2016 819 est,
2061 748 2135 806 ut
2175 751 2369 825 puta-

429 830 584 890 rent
641 843 870 890 omnes
926 822 1096 888 nihil
1156 821 1238 888 ab
1296 843 1372 888 eo
1437 823 1833 906 sperandum
1898 844 2042 890 esse
2106 826 2367 891 auxilii:

884 907 1014 973 uod
1066 908 1350 992 ingenue
1395 908 1616 975 Moses
1672 929 1809 974 non
1874 911 2135 993 culpam
2180 909 2371 977 modo

954 993 1153 1058 etiam
1216 993 1420 1059 refert
1481 993 1800 1076 quomodo
1863 995 2060 1062 fuerit
2123 1015 2163 1061 a
2227 996 2371 1062 Deo

432 908 780 976 Caeterum

430 994 679 1060 fatetur
693 1044 708 1074 ,

432 1078 811 1157 damnatus,
890 1086 957 1145 et
1018 1098 1148 1161 quo
1209 1079 1475 1163 gravior
1537 1081 1625 1145 sit
1686 1080 2078 1164 ignominia,
2153 1082 2369 1165 ipsum

474 1165 622 1230 nasi
656 1184 694 1229 e
728 1161 1043 1229 tribunali
1076 1162 1451 1249 loquentem
1483 1163 1761 1249 inducit,
1794 1165 1876 1231 ad
1913 1164 2369 1232 stabiliendam

428 1184 766 1316 doctrinae
822 1249 963 1314 eius
1004 1248 1202 1314 fidem
1245 1268 1380 1314 nen
1422 1269 1655 1333 parum
1701 1249 1892 1316 valet.
1980 1250 2149 1332 Quis
2191 1252 2369 1318 enim

429 1332 847 1414 mortalium,
902 1335 1031 1400 nisi
1085 1334 1195 1417 qui
1236 1354 1310 1399 se
1352 1334 1531 1400 omni
1573 1337 1786 1402 carnis
1828 1336 2071 1403 affectu
2114 1335 2370 1404 abdica-

435 1420 642 1498 verit,
706 1427 940 1503 sponte
1004 1440 1077 1485 se
1140 1438 1362 1485 coram
1426 1429 1563 1485 toto
1619 1419 1865 1487 mundo
1912 1441 2103 1487 reum
2157 1422 2372 1489 facere

432 1503 804 1572 sustineat?
884 1503 1186 1570 Virtutes
1252 1504 1392 1569 eius
1455 1505 1785 1591 angelicae
1848 1514 2156 1591 poterant
2219 1527 2368 1573 eum

431 1592 722 1655 eximere
765 1590 848 1656 ab
891 1590 1072 1655 omni
1114 1588 1380 1656 sinistra
1419 1600 1590 1656 nota.
1677 1590 1832 1658 Una
1873 1599 2135 1657 tantum
2177 1593 2248 1656 in
2294 1610 2369 1656 re

428 1674 655 1759 lapsus
671 1724 688 1756 ,
758 1673 1037 1741 dedecus
1095 1675 1266 1757 quod
1324 1685 1549 1760 tegere
1600 1684 1887 1760 poterat,
1950 1678 2021 1742 in
2078 1677 2368 1743 medium

426 1761 712 1845 profert,
769 1778 892 1825 nec
947 1759 1071 1825 sibi
1117 1759 1464 1826 detrahere
1506 1760 1789 1840 dubitat,
1833 1782 1964 1847 quo
2008 1762 2139 1829 Dei
2181 1762 2365 1829 boni-

427 1852 632 1911 tatem
679 1845 1049 1930 amplificet.
1136 1846 1228 1911 Et
1268 1855 1446 1911 certe
1488 1857 1861 1932 promptum
1905 1856 2007 1914 est
2059 1847 2366 1933 colligere

428 1950 516 1997 ex
558 1930 682 1997 hoc
723 1930 866 1996 loco
880 1981 896 2008 ,
955 1930 1207 2015 quoties
1260 1940 1452 1997 antea
1494 1932 1702 1999 Mosis
1742 1942 1981 2018 rogatu
2025 1933 2207 1999 Deus
2248 1953 2364 2017 po-

423 2015 586 2100 pulo
640 2016 926 2100 ignovit,
980 2034 1115 2081 non
1163 2016 1385 2082 minus
1438 2018 1794 2102 gratuitam
1851 2018 2051 2085 fuisse
2093 2018 2362 2085 veniam

424 2121 625 2185 quam
670 2102 728 2167 si
770 2101 1157 2185 deprecatus
1212 2121 1344 2167 nou
1404 2109 1594 2169 esset.
1682 2103 1876 2171 Nunc
1932 2105 2108 2170 enim
2151 2112 2364 2171 cessat

424 2186 635 2253 Hosis
668 2187 1072 2253 intercessio:
1122 2207 1247 2253 nec
1281 2193 1503 2253 tamen
1540 2186 1782 2255 desinit
1815 2210 1937 2256 suo
1971 2210 2153 2256 more
2176 2190 2360 2255 Deus

424 2271 788 2340 clementer
830 2290 1024 2357 agere
1064 2290 1213 2339 cum
1258 2270 1566 2358 indignis.

599 2357 701 2424 13.
747 2358 921 2424 Istae
978 2362 1128 2424 sunt
1184 2377 1384 2440 aquae
1431 2359 1650 2444 iurqii.
1739 2359 1994 2426 Nomen
2051 2359 2193 2426 loco
2234 2358 2362 2425 fuit

420 2441 729 2522 inditum,
771 2455 848 2508 ut
889 2441 1061 2525 apud
1096 2452 1401 2527 posteros
1440 2443 1845 2512 detestabilis
1888 2452 2062 2512 esset
2096 2452 2356 2529 patrum

418 2526 843 2679 bmfimdg'
860 2538 947 2678 tet
979 2526 1135 2595 inde
1168 2528 1483 2678 inaug?
1506 2527 1633 2595 Dei
1642 2529 2139 2682 (misericordia.
2196 2526 2358 2680 Ide?

466 2632 548 2680 oc
690 2634 731 2679 o
821 2633 932 2679 ea
1004 2632 1365 2681 commemo
1440 2633 1561 2680 ns:
1698 2635 1739 2681 o
1830 2637 2042 2696 osca,
2119 2635 2356 2695 mm,

418 2633 921 2783 aetaspgogtera,
965 2720 1049 2764 ne
1092 2698 1563 2766 obliviscantur
1601 2635 1876 2785 opeffilm
1920 2702 2066 2782 Dei,
2112 2711 2181 2767 et
2192 2638 2356 2766 qnon

418 2785 555 2851 sint
596 2784 769 2851 sicut
808 2793 1029 2868 patres
1068 2785 1363 2867 ipsorum
1380 2834 1397 2864 ,
1455 2788 1790 2870 generatio
1841 2806 2048 2871 prava
2089 2795 2158 2852 et
2199 2806 2355 2853 exa-

419 2869 733 2937 cerbans:
799 2870 1136 2954 generatio
1193 2889 1358 2954 quae
1418 2889 1550 2935 non
1605 2870 1845 2938 direxit
1896 2891 2008 2938 cor
2049 2889 2246 2939 suum
2287 2879 2357 2936 et

416 2955 916 3107 :mers
935 2975 1081 3108 s:
1103 2956 1349 3106 :2³:55
1441 2954 2354 3127 a:m,:;¹s„9:s.„⁷t.:z;

419 3133 964 3312 ἓὲῗᾶῗᾟέἶ*
997 3125 1367 3299 ἔῗῗθὸζῖῐ.
1390 3126 2355 3299 tffzss⁰ssffiflnttffi

416 3303 632 3363 utitur
662 3296 902 3378 Moses,
945 3317 1145 3381 quum
1189 3297 1409 3364 Exodi
1453 3298 1553 3365 17.
1596 3300 1998 3385 singularem
2040 3301 2350 3384 posuerit.

418 3381 614 3464 Quod
655 3382 1000 3451 subiicitur
1031 3383 1097 3448 in
1140 3383 1277 3449 fine
1320 3403 1569 3463 versus,
1614 3384 1830 3451 Deum
1876 3386 2352 3453 sanctificatum

412 3468 622 3535 fuisse
663 3469 836 3536 inter
875 3467 1049 3535 filios
1090 3469 1328 3551 Israel,
1381 3491 1517 3536 nou
1560 3468 1646 3536 ad
1684 3470 2001 3538 honorem
2042 3471 2159 3537 sed
2202 3490 2353 3555 pro·

415 3553 606 3620 brum
689 3574 755 3620 m
846 3553 861 3569 ‘
976 3563 1244 3639 spectat.
1353 3554 1646 3623 Vocatur
1724 3557 1879 3625 alibi
1952 3557 2158 3623 Israel
2225 3557 2352 3623 Dei

414 3639 729 3707 sanctitas
757 3574 975 3727 ffisflal.

414 3724 694 3811 gloriam
735 3745 921 3794 suam
966 3726 1310 3812 magnifice
1350 3726 1663 3793 exseruit.
1750 3726 1885 3795 Sed
1942 3727 2049 3797 hic
2093 3728 2352 3797 diverso

413 3831 614 3878 sensu
657 3832 731 3878 se
770 3811 1215 3879 sanctificasse
1255 3812 1525 3880 dicitur:
1570 3814 1724 3897 quia
1765 3821 2092 3899 prostrata
2123 3834 2350 3881 eorum

414 3895 832 3980 improbitate
888 3905 957 3964 et
1010 3897 1378 3982 petulantia
1431 3909 1729 3967 sanctum
1784 3921 1977 3966 suum
2034 3921 2273 3967 nomen
2309 3921 2351 3967 a

412 3990 793 4067 contemptu
828 3983 1275 4052 vindicaverit.
1327 3984 1537 4051 Porro
1569 3986 2064 4054 inaestimabilis
2097 3987 2350 4053 miseri·

414 4066 677 4134 cordiae
729 4067 1189 4136 documentum
1250 4071 1406 4147 fuit,
1460 4071 1631 4154 quod
1685 4092 1854 4156 aqua
1906 4091 2073 4156 quae
2114 4073 2350 4138 merito

413 4154 702 4221 exitialis
756 4154 1022 4235 fuisset,
1085 4176 1220 4222 non
1271 4154 1463 4222 modo
1518 4157 1589 4221 in
1634 4157 2018 4224 alimentum
2054 4158 2351 4243 corporis

414 4238 577 4306 data
609 4246 727 4321 est,
763 4239 875 4307 sed
913 4241 1112 4307 etiam
1141 4260 1462 4309 conversa
1492 4242 1563 4308 in
1598 4242 1829 4312 salutis
1851 4243 2350 4311 adminiculum:

414 4345 550 4410 qua
604 4327 857 4394 ratione
916 4325 1076 4394 dicit
1118 4327 1367 4394 Paulus
1422 4336 1647 4412 potum
1691 4329 1871 4398 hunc
1912 4329 2113 4397 fuisse
2158 4329 2352 4415 spiri·

409 4412 667 4480 tualem
708 4410 795 4499 (1.
842 4412 993 4480 Cor.
1042 4413 1143 4493 10,
1187 4412 1275 4500 4).

1022 3640 1165 3721 114,
1210 3638 1310 3728 2).
1355 3639 1510 3725 quia
1552 3640 1738 3709 Deus
1780 3644 1851 3708 in
1895 3663 1972 3709 eo
2013 3642 2351 3710 liberando

613 4800 1035 4874 EIUSDEM
1077 4806 1589 4875 HISTORIAE
1631 4807 2155 4877 REPE'PITIO.

878 5022 885 5031 ‘
996 5012 1128 5079 EX
1161 5012 1429 5079 DEU'P.
1475 5013 1677 5080 OAP.
1721 5013 1775 5080 1.

595 5182 697 5250 37.
753 5177 976 5249 Etiam
1029 5188 1245 5250 contra
1296 5203 1394 5251 me
1448 5185 1654 5251 iratus
1701 5188 1792 5250 est
1834 5183 2063 5251 Iehova
2092 5189 2356 5269 propter

408 5289 543 5350 vos,
584 5269 868 5337 dv‘eendo:
904 5268 1123 5335 Etiam
1165 5274 1236 5335 tu
1273 5290 1399 5336 non
1438 5270 1812 5355 myredieris
1859 5270 2024 5336 illue.
2112 5271 2212 5337 38.
2256 5269 2356 5337 Ie-

408 5357 619 5424 ]oosua
670 5354 849 5467 fillius
884 5355 1071 5435 Nun,
1113 5355 1228 5438 qui
1266 5360 1390 5423 stat
1430 5374 1639 5423 coram
1678 5361 1751 5438 te,
1792 5356 1931 5441 ipse
1974 5358 2358 5442 inqredietur

1844 465 2253 536 REDITUS
2302 465 2428 541 AD
2472 465 3018 535 HISTORIAM.

4287 474 4414 541 238

2470 655 2641 737 illuc,
2685 657 2897 740 ipsum
2930 655 3176 737 robora,
3207 622 3704 755 quandoquidem
3737 654 3918 722 illam
3958 656 4030 722 in
4066 655 4412 727 haereaita-

2471 745 2594 806 tem
2624 741 2959 809 distribuet
3001 739 3252 807 Israelt.

2642 910 2746 978 37.
2809 907 3029 978 Etiam
3067 916 3282 979 eontra
3322 930 3433 977 me.
3488 911 3635 977 Non
3679 910 4155 996 tergiversandi
4187 915 4410 981 animo

2471 995 2728 1080 culpam
2787 996 3220 1075 infidelitatis,
3282 1016 3476 1079 quam
3542 997 3878 1063 confessus
3938 1007 4067 1079 cst,
4122 999 4193 1063 in
4257 1000 4408 1068 illos

2473 1084 2817 1148 transfert:
2865 1082 2976 1148 sed
3021 1085 3175 1167 quia
3218 1082 3478 1148 nonnisi
3521 1083 3848 1148 obstinata
3888 1102 4114 1149 eorum
4156 1085 4410 1152 malitia

2471 1165 2744 1233 obrutus
2824 1167 2948 1233 sibi
3025 1166 3392 1247 exciderat,
3468 1168 3700 1233 merito
3762 1167 4114 1251 exprobrat
4176 1191 4403 1237 eorum

2469 1251 2710 1320 scelere
2745 1252 2960 1319 Deum
2995 1253 3122 1319 sibi
3157 1252 3358 1320 fuisse
3391 1252 3739 1320 infensum.
3797 1253 3873 1320 si
3905 1255 4026 1320 hoc
4059 1262 4402 1338 praetextu

2468 1344 2740 1404 conatus
2781 1346 2952 1405 esset
2994 1338 3250 1423 culpam
3287 1345 3642 1404 extenuare
3683 1359 3903 1406 coram
3936 1340 4097 1419 Deo,
4143 1341 4248 1406 vel
4285 1363 4403 1408 suo

2469 1420 2611 1490 loco
2682 1442 2827 1489 reos
2900 1422 3326 1503 substituere,
3402 1423 3570 1490 nihil
3637 1423 3813 1490 aliud
3892 1444 4087 1508 quam
4153 1426 4399 1491 malum

2470 1507 2895 1593 duplicasset:
2953 1528 3184 1576 verum
3237 1509 3303 1573 in
3361 1508 3764 1593 obiurgando
3816 1509 4058 1594 populo
4113 1519 4286 1577 recte
4334 1525 4400 1576 et

2468 1593 2765 1678 apposite
2820 1603 3210 1676 conquestus
3266 1603 3369 1660 est
3451 1594 3759 1678 peccandi
3809 1615 4071 1661 causam
4114 1596 4196 1662 ab
4238 1597 4398 1681 ipsis

2464 1679 2665 1745 fuisse
2692 1679 3067 1762 profectam.
3127 1682 3226 1745 Ac
3253 1678 3310 1745 si
3338 1678 3594 1757 diceret,
3632 1678 3792 1747 adeo
3815 1680 4014 1747 fuisse
4037 1700 4395 1764 perversos,

2466 1772 2544 1829 ut
2594 1773 2941 1847 corruptus
2989 1767 3184 1829 etiam
3246 1764 3326 1830 ab
3368 1763 3503 1831 illis
3545 1765 3774 1847 fuerit,
3826 1773 3895 1831 et
3935 1766 4003 1831 in
4048 1765 4274 1851 culpae
4321 1784 4397 1833 ac

2464 1868 2715 1934 poenae
2757 1850 3129 1916 societatem
3187 1858 3570 1934 pertractus.
3657 1850 4003 1917 Caeterum
4059 1850 4168 1916 hic
4216 1849 4399 1917 addit

2465 1935 2547 2000 de
2602 1934 2884 2001 lehosua
2946 1934 3119 2018 quod
3178 1945 3331 2001 ante
3395 1934 3812 2004 subticuerat.
3917 1935 4106 2018 Quod
4176 1945 4393 2003 autem

2462 2020 2574 2087 hic
2615 2020 3008 2104 subrogatus
3050 2019 3223 2087 Mosi
3258 2019 3385 2085 fuit
3425 2040 3772 2103 successor,
3818 2021 4026 2087 valuit
4067 2021 4147 2087 ad
4187 2038 4394 2106 ‘popu-

2460 2106 2600 2171 lum
2676 2105 3127 2172 animandum:
3214 2106 3366 2191 quia
3436 2106 3767 2193 singulare
3850 2106 4015 2173 bene
4090 2107 4394 2192 sperandi

2462 2201 2920 2283 argumentum
2964 2191 3090 2256 fuit
3133 2210 3334 2274 quum
3378 2190 3679 2258 audirent
3721 2190 3845 2258 sibi
3885 2192 4018 2258 iam
4061 2213 4203 2259 esse
4242 2210 4393 2278 pro·

2460 2285 2783 2360 spectum,
2843 2283 2920 2341 ut
2965 2284 3114 2360 post
3169 2283 3445 2342 mortem
3489 2276 3729 2358 Musis,
3791 2276 3953 2344 duce
4005 2278 4118 2362 qui
4155 2279 4394 2345 coeles-

2458 2362 2635 2428 tibus
2680 2361 2988 2445 auspiciis
3030 2362 3204 2446 ipsos
3246 2370 3518 2446 regeret,
3561 2363 3832 2428 minime
3866 2361 4391 2430 destituerentur.

2459 2447 2601 2514 Our
2663 2454 2881 2514 autem
2945 2446 3121 2514 hunc
3174 2447 3357 2513 Deus
3421 2446 3805 2531 praetulerit
3861 2448 4007 2513 aliis
4070 2448 4391 2527 omnibus,

2456 2532 2845 2616 praesertim
2917 2550 3120 2616 quum
3198 2530 3400 2599 Galeb
3478 2533 3718 2600 alicubi
3782 2533 3994 2617 magis
4068 2532 4391 2614 laudetur,

2456 2619 2629 2684 ratio
2763 2639 2880 2685 nes
2945 2619 3159 2701 ipsum
3218 2625 3337 2683 est.
3424 2614 3515 2684 Et
3570 2617 3810 2685 scimus
3875 2636 4026 2685 eum
4136 2637 4209 2683 ro
4274 2634 4393 2684 suo

2460 2704 2732 2772 arbitrio
2797 2702 3036 2788 eligere
3103 2720 3263 2802 quos
3324 2701 3407 2769 ad
3471 2716 3712 2772 munus
3760 2701 4016 2788 aliquod
4119 2702 4391 2769 estinat:

2456 2798 2537 2855 ut
2579 2789 2917 2855 hominum
2953 2787 3237 2873 dignitas
3270 2787 3551 2872 pendeat
3584 2810 3624 2855 a
3658 2790 3942 2876 gratuito
3976 2788 4116 2855 eius
4149 2788 4392 2855 favore.

2458 2873 2658 2942 Stare
2700 2892 2919 2941 coram
2956 2874 3170 2960 aliquo
3203 2869 3592 2941 tantundem
3637 2875 3815 2942 valet
3848 2896 3924 2943 ac
3955 2885 4214 2959 praesto
4249 2884 4394 2939 esse

2460 2959 2544 3026 ad
2597 2958 2969 3026 obeundum
3031 2957 3488 3027 ministerium.
3576 2958 3858 3028 Videtur
3911 2966 4129 3027 autem
4176 2959 4393 3025 notari

2458 3045 2610 3112 talis
2651 3043 2937 3112 conditio
2960 3044 3169 3125 Iosue,
3213 3062 3340 3128 quo
3381 3044 3790 3113 manifestior
3834 3046 3922 3113 sit
3962 3064 4188 3131 poena,
4235 3045 4391 3109 dum

2454 3131 2601 3283 ἔξω
2657 3150 3004 3212 conversa,
3047 3131 3217 3197 Mosi
3275 3130 3468 3197 datur
3518 3148 3880 3212 successor,
3939 3132 4049 3218 qui
4093 3130 4393 3196 minister

2530 3223 2689 3283 erat.

2936 3554 3069 3623 Ex
3112 3552 3462 3624 NUMER.
3508 3554 3707 3624 OAP.
3754 3554 3914 3623 XX.

2622 3728 2724 3795 14.
2771 3726 2959 3795 Misit
3000 3731 3205 3793 autem
3248 3725 3462 3795 Moses
3501 3726 3802 3794 nuncium
3844 3747 3877 3792 e
3924 3726 4127 3794 Gades
4167 3727 4258 3793 ad
4296 3748 4392 3794 re-

2443 3834 2582 3901 yem
2639 3813 2878 3880 Edem:
2936 3810 3045 3880 Sic
3094 3812 3246 3880 dicit
3297 3811 3501 3896 frater
3554 3817 3703 3878 tuus
3759 3810 3999 3879 Israel.-
4069 3813 4172 3880 Tu
4226 3814 4392 3879 nosti

2448 3918 2686 3967 omnem
2744 3899 3012 3967 laborem
3063 3899 3174 3983 qm·
3227 3897 3635 3981 apprehendit
3688 3917 3819 3965 uos.
3911 3896 4014 3965 15.
4067 3899 4234 3982 Quia
4290 3898 4392 3965 de-

2446 3985 2813 4053 scenderunt
2831 3989 3058 4066 patres
3089 3985 3294 4051 nostri
3329 3983 3401 4049 in
3422 3983 3524 4050 Ae
3642 3987 3792 4063 tun»,
3831 3987 3886 4051 et
3924 3984 4277 4050 mansimus
4317 3985 4392 4050 m

2448 4071 2730 4157 Aoyypto
2769 4071 2842 4137 in
2882 4069 3102 4137 diebus
3139 4067 3372 4146 multis,
3416 4091 3457 4136 a
3530 4069 3898 4152 ixeruntque
3938 4090 4053 4137 nos
4073 4070 4390 4154 Aeyyptii,

2449 4162 2507 4224 et
2550 4161 2771 4241 patres
2822 4160 3083 4223 nostros.
3165 4154 3267 4223 16.
3326 4153 3417 4220 Et
3470 4154 3883 4221 clamavimus
3935 4155 4023 4221 ad
4075 4154 4389 4234 Iebovam,

2449 4244 2563 4327 qm·
2617 4241 2941 4309 exaudivit
2993 4259 3195 4308 vocem
3252 4245 3531 4307 nosti-am
3546 4291 3562 4320 ,
3617 4244 3673 4307 et
3724 4240 3900 4306 misit
3951 4240 4237 4326 anyelwm
4365 4240 4393 4305 i

2450 4347 2567 4395 nos
2634 4326 3327 4412 eduxiteeryypto.
3427 4322 3713 4408 E'tecee,
3780 4323 4223 4393 swmusinG
4336 4345 4390 4405 s,

2452 4414 2602 4481 urbe
2667 4414 2742 4480 in
2812 4414 3191 4480 extremiwte
3252 4412 3510 4479 termv'ni
3560 4413 3672 4478 tui.
3775 4411 3875 4478 17.
3940 4412 4391 4490 Transeamus,

2455 4500 2744 4585 mum,
2772 4519 2890 4581 per
2928 4505 3163 4565 terram
3202 4501 3396 4577 tumn,
3439 4517 3561 4563 non
3602 4497 4009 4564 transibimus
4041 4517 4165 4582 per
4205 4515 4392 4581 aqros

2453 4586 2972 4667 autpervineas,
3013 4583 3520 4668 nequebtbemus
3562 4584 4025 4667 aquamputei,
4065 4581 4391 4666 viareqia

2449 4670 2849 4757 yradiemur:
2895 4690 3091 4753 neque
3143 4668 3589 4737 declinabimus
3640 4669 3727 4735 ad
3780 4669 4098 4736 dexteram
4149 4672 4263 4734 aut
4303 4665 4390 4731 ad

2451 4756 2801 4835 sinistram,
2841 4754 3025 4822 donee
3042 4756 3485 4821 &amierimus
3515 4755 3850 4822 terminum
3882 4760 4076 4822 tuam.
4136 4753 4238 4819 18.
4266 4748 4389 4817 Cu·

2453 4841 2778 4925 respondit
2811 4840 3047 4907 Edem.-
3092 4840 3238 4906 Non
3276 4839 3585 4907 transibis
3613 4861 3735 4925 per
3775 4861 3888 4920 me,
3932 4861 4010 4906 ne
4047 4838 4209 4922 forte
4246 4854 4389 4934 eum

2449 4927 2665 5013 yladio
2714 4927 3000 5011 eyrediar
3047 4926 3116 4991 in
3159 4942 3478 4992 occursum
3516 4927 3630 4992 tui.
3721 4927 3820 4992 19.
3867 4925 3956 4993 Et
3994 4925 4290 4991 dixerunt
4328 4941 4388 4987 et

2448 5013 2580 5096 filii
2638 5012 2881 5079 Israel.-
2958 5010 3085 5078 Per
3133 5012 3304 5078 viam
3357 5013 3787 5079 ascendernus:
3848 5009 4015 5093 quod
4070 5011 4132 5075 si
4183 5026 4388 5091 aquas

2450 5104 2600 5165 tuas
2652 5097 2984 5165 biberimus
3038 5118 3144 5182 eyo
3202 5103 3259 5164 et
3313 5097 3622 5165 animalia
3675 5114 3815 5163 mea
3831 5145 3847 5173 ,
3910 5095 4069 5161 dabo
4108 5095 4389 5177 pretium

2453 5185 2728 5251 illarum.
2822 5184 3272 5250 Tantummodo
3322 5185 3460 5250 sine
3499 5184 3736 5267 ueyotio
3776 5187 4089 5247 transeam
4119 5179 4388 5264 pedibus

2453 5271 2631 5337 meis.
2719 5269 2821 5336 20.
2883 5269 3111 5336 Verum
3154 5269 3349 5335 dixit.-
3396 5269 3543 5334 Nou
3583 5267 3903 5333 transibis.
3974 5262 4063 5331 Ec
4101 5281 4390 5364 egressu?

2455 5361 2547 5422 est
2577 5357 2647 5422 in
2681 5375 3002 5422 occursum
3034 5356 3171 5421 eius
3202 5375 3340 5422 eum
3375 5353 3606 5437 populo
3645 5351 3850 5430 multo,
3895 5355 3951 5418 et
3979 5371 4176 5420 manu
4214 5354 4390 5438 forti.
