5017 6142
574 562 578 567 ,
603 457 734 526 339

606 671 653 717 a
711 645 865 713 villa
921 646 1119 716 Enan
1170 667 1368 731 usque
1421 647 1509 714 ad
1559 645 1845 732 Sepham.
1936 649 2036 713 11.
2096 646 2187 713 Et
2241 645 2560 713 descendet

606 735 725 802 iste
766 736 1072 800 terminus
1115 755 1157 801 a
1200 732 1473 818 Sepham
1526 753 1723 817 usque
1777 733 1865 800 ad
1908 732 2146 800 Biblah
2195 731 2275 799 ab
2330 732 2561 799 oriente

607 819 778 886 Ain:
820 823 878 885 et
917 820 1237 888 descendet
1275 822 1581 886 terminus
1622 819 1756 901 iste,
1786 820 2224 901 provenietque
2264 818 2352 885 ad
2391 818 2562 883 latus

607 905 814 971 maris
862 903 1192 972 Ginnereth
1234 906 1321 972 ad
1377 907 1686 972 orientem.
1773 904 1875 970 12.
1937 903 2025 971 Et
2079 904 2391 972 descendet
2444 902 2563 969 iste

607 990 916 1058 terminus
947 992 1033 1058 ad
1057 991 1409 1069 Iordanem,
1453 995 1750 1074 eruntque
1783 1010 2069 1076 cyressus
2101 990 2237 1056 eius
2270 990 2357 1056 ad
2388 1009 2563 1054 mare

612 1076 811 1144 salis:
850 1077 975 1143 ista
1018 1079 1135 1143 erit
1176 1077 1347 1144 vobis
1387 1082 1557 1143 terra
1589 1097 1711 1160 per
1751 1077 2045 1142 terminos
2084 1095 2251 1153 suos,
2444 1075 2567 1141 cir·

610 1162 867 1230 snitum.
962 1162 1061 1229 13.
1111 1162 1441 1245 Praecepit
1485 1168 1693 1229 antem
1735 1162 1950 1228 Moses
1986 1162 2147 1243 filiis
2189 1160 2427 1241 Israel,
2468 1160 2567 1225 di-

609 1248 826 1316 cendo.-
867 1247 1043 1347 Haec
1083 1254 1174 1315 est
1205 1254 1380 1315 terra
1407 1269 1600 1332 quam
1629 1247 2034 1330 possidebitis
2065 1251 2241 1327 sorte,
2285 1253 2343 1311 et
2375 1265 2566 1345 qjuqm

610 1509 823 1570 tarum
853 1526 974 1588 per
1015 1506 1227 1573 domos
1258 1511 1525 1587 patrum
1579 1526 1874 1586 suorum,
1929 1510 1985 1570 et
2031 1503 2232 1570 tribus
2280 1505 2566 1586 filiorum

620 1590 1006 1657 Gaditarum
1056 1611 1180 1673 per
1245 1592 1455 1659 domos
1502 1596 1762 1676 patrum
1817 1611 2104 1670 suorum,
2171 1595 2229 1655 et
2291 1588 2564 1654 dimidia

612 1676 815 1743 tribus
838 1676 1174 1744 Manasse:
1211 1682 1569 1761 aeceperunt
1600 1680 1863 1760 inquam
1892 1676 2331 1743 haereditatem
2349 1695 2565 1741 sumn.-

616 1762 717 1827 15.
778 1761 971 1828 Duae
1022 1762 1224 1828 tribus
1277 1768 1334 1829 et
1388 1764 1660 1831 dimidia
1717 1767 2081 1846 acceperunt
2108 1764 2565 1844 possessionem

611 1867 795 1914 suam
839 1850 1000 1914 citra
1044 1847 1379 1915 Iordanem
1413 1848 1656 1915 Iericho
1697 1848 1785 1915 ad
1827 1849 2118 1915 orientem
2160 1848 2245 1913 ad
2283 1851 2566 1913 exortum

614 1934 784 2000 solis.
878 1933 978 2000 16.
1040 1934 1367 2017 Loquutus
1422 1940 1512 2001 est
1552 1940 1879 2017 praeterea
1920 1934 2152 2000 Iehova
2194 1933 2279 1999 ad
2323 1933 2563 2011 Mosen,

614 2019 908 2087 dicendo.-
998 2020 1097 2086 17.
1156 2020 1299 2087 Ista
1350 2026 1499 2086 sunt
1554 2022 1811 2087 nomina
1861 2020 2147 2086 virorum
2200 2020 2308 2101 qui
2355 2020 2564 2100 possi-

614 2105 884 2172 dendam
918 2105 1089 2171 vobis
1129 2107 1504 2172 distribuent
1544 2111 1776 2173 terram
1790 2131 1811 2172 .·
1850 2104 2131 2172 Eleazar
2171 2106 2475 2183 sacerdos,
2511 2109 2569 2170 et

615 2189 806 2256 Iosue
843 2190 1019 2272 filius
1066 2192 1241 2257 Nun.
1333 2192 1432 2256 18.
1489 2188 1577 2258 Et
1606 2193 1932 2274 principes
1973 2191 2253 2275 singulos
2293 2192 2368 2256 de
2409 2210 2567 2272 qua-

618 2274 761 2342 libet
803 2276 971 2341 tribu
1011 2279 1270 2358 capietis
1315 2279 1400 2345 ad
1429 2279 1878 2360 possidendam
1921 2283 2167 2343 terram.
2261 2277 2360 2342 19.
2423 2276 2567 2341 Ista

614 2366 766 2427 sunt
805 2362 1019 2429 nomia
1071 2364 1387 2430 virorum.-
1442 2365 1518 2430 de
1569 2363 1736 2429 tribu
1780 2363 2094 2430 Ielzudah:
2156 2360 2335 2429 Galeb
2387 2362 2567 2443 filins

619 2446 917 2529 Ieplmne.
1008 2448 1110 2514 20.
1170 2448 1259 2514 Et
1299 2450 1376 2516 de
1428 2450 1598 2516 tribu
1647 2450 1934 2532 filiorum
1979 2448 2262 2529 Simeon,
2309 2446 2569 2513 Samuel

612 2532 793 2614 filins
834 2532 1200 2601 Ammihud.
1290 2536 1394 2602 21.
1439 2535 1529 2601 Et
1568 2537 1646 2601 de
1686 2535 1853 2601 tribu
1895 2533 2272 2614 Beniamin,
2317 2532 2569 2599 Elidad

612 2617 790 2701 lilius
815 2619 1089 2687 Ghislon.
1159 2621 1262 2686 22.
1309 2621 1397 2686 Et
1437 2621 1516 2687 de
1554 2620 1722 2687 tribu
1759 2621 2036 2703 filiorum
2056 2619 2231 2698 Dan,
2263 2621 2568 2701 princeps

616 2703 819 2771 Bucci
879 2704 1061 2786 filius
1120 2705 1303 2790 onli.
1406 2707 1509 2772 23.
1569 2705 1671 2771 De
1718 2706 1882 2788 filiis
1949 2704 2199 2786 Ioseph,
2261 2706 2340 2771 de
2399 2703 2567 2769 tribu

611 2788 893 2870 filiorum
916 2791 1239 2870 Manasse,
1273 2793 1573 2875 princeps
1595 2791 1792 2858 Huiel
1830 2791 2010 2873 filius
2029 2790 2279 2874 Ephod.
2346 2790 2450 2855 24.
2477 2789 2569 2853 Et

615 2876 693 2942 de
755 2876 922 2942 tribu
984 2875 1263 2958 filiorum
1318 2877 1636 2961 Ephraim
1650 2928 1664 2957 ,
1717 2878 2015 2959 princeps
2086 2876 2332 2947 Gemuel
2388 2876 2566 2958 filius

622 2959 912 3044 Siphtan.
1001 2961 1105 3028 25.
1150 2963 1239 3029 Et
1277 2964 1356 3030 de
1397 2963 1565 3029 tribu
1602 2962 1882 3044 filiorum
1928 2962 2230 3041 Zabulon,
2267 2962 2567 3045 princeps

616 3046 987 3129 Elisaphan
1023 3049 1204 3131 tilius
1249 3046 1562 3115 Paruach.
1650 3049 1753 3114 26.
1801 3048 1890 3114 Et
1929 3049 2007 3114 de
2065 3049 2235 3114 tribu
2283 3047 2567 3130 filiorum

619 3133 960 3212 Issachar‚
1010 3136 1311 3218 princeps
1358 3134 1589 3202 Paltiel
1640 3134 1820 3217 filius
1862 3134 2128 3200 Ansam.
2216 3134 2320 3200 27.
2366 3133 2454 3198 Et
2494 3133 2570 3198 de

615 3219 784 3285 tribu
837 3220 1115 3299 filiorum
1172 3221 1370 3301 Aser,
1412 3220 1710 3304 princeps
1765 3219 2031 3287 Ahihud
2084 3218 2266 3301 filius
2320 3219 2569 3286 Selomi.

617 3305 723 3371 28.
769 3304 860 3370 Et
899 3306 977 3371 de
1016 3306 1185 3372 tribu
1222 3306 1500 3388 filiorum
1546 3305 1887 3387 Nephthali
1902 3358 1918 3386 ,
1953 3307 2257 3388 princeps
2296 3302 2573 3370 Pedahel

613 3391 792 3473 filius
834 3390 1205 3458 Ammihud.
1293 3393 1397 3459 29.
1459 3392 1584 3458 Isti
1638 3396 1785 3457 sunt
1831 3391 2059 3473 quibus
2106 3392 2428 3474 praecepit
2470 3389 2571 3455 Ie·

618 3476 777 3629 1521?
809 3481 880 3541 ut
923 3477 1357 3544 distribuerent
1390 3478 1826 3545 haereditatem
1856 3478 2018 3561 filiis
2052 3477 2260 3544 Israel
2293 3479 2366 3543 in
2396 3482 2568 3542 terra

748 3581 936 3628 naan.

800 3732 857 3799 1.
903 3731 993 3798 Et
1034 3732 1325 3814 loquutus
1366 3739 1455 3799 est
1478 3732 1724 3799 Ielzova.
1791 3735 1921 3802 Hic
1965 3734 2249 3801 officium
2293 3734 2571 3817 suscipit

625 3818 812 3886 Deus
854 3817 1117 3901 providi
1160 3829 1229 3884 et
1270 3817 1481 3884 seduli
1525 3821 1726 3902 patris
1770 3819 2073 3897 familias,
2124 3820 2281 3886 dum
2328 3829 2572 3885 terram

621 3906 759 3973 suis
803 3905 1044 3971 finibus
1087 3904 1375 3988 undique
1418 3906 1912 3985 circumscribit,
1959 3927 2042 3971 ne
2085 3906 2186 3972 ius
2221 3906 2572 3988 possessio·

621 3993 728 4057 nis
764 4011 1055 4074 unquam
1093 3991 1182 4056 sit
1216 3989 1614 4076 ambiguum.
1683 3992 1928 4076 Incipit
1962 4000 2179 4057 autem
2217 4011 2256 4057 a
2292 3991 2573 4056 termino

621 4076 925 4155 australi,
990 4076 1103 4141 ubi
1162 4077 1522 4144 notandum
1581 4084 1683 4143 est
1726 4076 2189 4160 comprehendi
2234 4077 2572 4161 regionem

622 4162 880 4240 Basan,
938 4170 1003 4228 et
1058 4161 1370 4246 quidquid
1423 4171 1579 4229 ante
1626 4164 1976 4229 transitum
2018 4161 2319 4229 Iordanis
2359 4163 2574 4245 acqui-

621 4248 869 4314 sierant
904 4246 1246 4314 Israelitae
1290 4270 1374 4313 ex
1417 4270 1545 4333 quo
1594 4249 1755 4316 haec
1799 4249 2078 4317 accessio
2114 4249 2257 4315 Deo
2300 4249 2575 4332 probata

621 4331 765 4399 fuit.
853 4333 1180 4399 Extendit
1238 4343 1453 4400 autem
1516 4344 1765 4419 partem
1823 4335 2006 4401 illam
2070 4356 2272 4418 usque
2332 4333 2413 4399 ad
2460 4333 2572 4399 de-

623 4426 876 4487 sertum
921 4417 1044 4484 Sin
1090 4428 1157 4484 et
1199 4419 1367 4487 fines
1412 4419 1642 4502 Edom,
1687 4430 1754 4486 et
1797 4442 1914 4505 per
1955 4420 2265 4487 circuitus
2311 4418 2574 4487 deducit

623 4527 666 4572 a
709 4502 922 4571 Gades
955 4505 1220 4570 Barnea.
1262 4526 1467 4588 usque
1505 4505 1745 4587 Addat,
1790 4517 1856 4573 et
1900 4507 2249 4574 transitum
2287 4508 2568 4572 Asmon:

623 4589 901 4674 denique
936 4590 1019 4656 ad
1057 4600 1411 4657 torrentem
1450 4612 1578 4675 quo
1614 4593 1882 4659 alluitur
1918 4593 2074 4660 urbs
2096 4593 2571 4671 Rhinocorura,

621 4699 788 4762 quae
812 4678 1118 4776 Aegypto
1153 4678 1460 4760 contigua
1494 4687 1612 4743 est.
1680 4679 1907 4763 Neque
1943 4679 2118 4745 enim
2161 4701 2278 4762 per
2321 4680 2572 4744 flumen

621 4763 915 4848 Aegypti
960 4761 1237 4846 intelligi
1282 4771 1496 4846 potest
1538 4763 1749 4843 Nilus,
1795 4766 1980 4832 cuius
2023 4786 2255 4832 cursus
2297 4763 2381 4829 ad
2426 4786 2570 4829 eam

619 4850 884 4934 plagam
906 4848 1181 4914 minime
1217 4849 1543 4915 tendebat.
1602 4850 1782 4934 Ergo
1819 4873 1858 4916 a
1895 4852 2060 4916 mari
2095 4851 2572 4917 mediterraneo

622 4956 856 5002 versus
922 4935 1235 5001 Arabiam
1302 4944 1444 5001 erat
1523 4936 1829 5002 australis
1907 4937 2258 5003 terminus:
2337 4958 2571 5002 versus

622 5019 1025 5088 occidentem
1047 5020 1418 5087 alluebatur
1453 5028 1631 5086 terra
1663 5022 1833 5087 mari
1866 5022 2364 5103 mediterraneo,
2399 5022 2570 5107 quod

625 5106 733 5173 hic
790 5115 1061 5174 vocatur
1119 5128 1434 5194 magnum
1489 5114 1789 5191 respectu
1847 5107 2027 5176 lacus
2080 5108 2445 5187 Genezare,
2504 5116 2573 5174 et

624 5192 828 5259 maris
864 5195 1039 5274 salsi,
1085 5215 1212 5278 quo
1261 5194 1544 5260 momine
1586 5193 1980 5279 intelligitur
2024 5195 2203 5262 lacus
2240 5194 2573 5280 Asphalti-

626 5288 745 5344 tes.
832 5278 1108 5345 Initium
1167 5280 1691 5363 septentrionalis
1750 5280 2017 5346 termini
2067 5289 2212 5347 erat
2265 5302 2571 5367 promon-

628 5365 865 5430 torium
912 5365 1086 5432 Hor:
1133 5388 1343 5450 neque
1388 5367 1562 5433 enim
1607 5365 1689 5432 de
1732 5374 1953 5434 monte
1997 5368 2289 5452 accipere
2332 5387 2568 5436 conve·

2024 455 2431 526 REDI'PUS
2474 456 2606 523 AD
2648 453 3195 524 HISTORIAM.

4484 448 4615 517 340

2659 645 2763 711 nit
2801 646 2870 710 in
2915 663 3043 729 quo
3077 651 3377 710 mortuus
3410 650 3512 710 est
3533 642 3841 708 Aharon:
3886 639 3998 724 qui
4042 637 4269 723 procul
4311 636 4616 718 distabat,

2659 740 2729 797 et
2791 730 2959 798 situs
3022 739 3167 797 erat
3230 749 3271 794 a
3332 736 3520 813 parte
3584 727 3902 812 opposita.
4003 725 4199 791 Illinc
4261 744 4468 808 usque
4535 722 4619 790 ad

2657 816 3104 901 Epiphaniam
3143 814 3399 900 Syriae,
3445 833 3608 897 quae
3654 821 3927 881 vocatur
3964 809 4278 890 Hemath,
4322 811 4617 894 porrige-

2659 901 2886 968 batur:
2953 901 3120 969 duas
3194 901 3368 967 enim
3434 899 3629 966 urbes
3710 897 4000 965 eiusdem
4068 896 4353 963 nominis
4414 894 4619 962 fuisse

2659 988 3075 1073 Hieronymo
3151 986 3502 1055 assentior:
3581 995 3650 1051 et
3727 995 3904 1051 certe
3966 982 4299 1067 probabile
4379 990 4514 1061 est,
4580 1002 4621 1047 a

2661 1074 2985 1161 propheta
3006 1075 3212 1140 Amos
3254 1073 3474 1139 vocari
3510 1071 3930 1139 Antiochiam
3965 1068 4261 1136 Hemath
4303 1086 4620 1153 magnam

2663 1159 3143 1244 comparatione
3209 1158 3482 1225 minoris
3547 1157 3734 1225 cuius
3790 1175 3971 1222 nunc
4027 1156 4106 1221 fit
4158 1154 4443 1233 mentio,
4512 1153 4620 1220 cui

2664 1267 2906 1312 nomen
2971 1245 3284 1329 imposuit
3356 1244 3595 1328 impius
3650 1241 3760 1308 ille
3817 1251 3886 1307 et
3942 1240 4226 1309 crudelis
4293 1248 4622 1325 tyrannus

2663 1332 3065 1416 Epiphanes.
3167 1330 3276 1396 An
3336 1350 3490 1396 vero
3539 1328 3894 1396 Antiochia
3950 1328 4157 1393 maior
4219 1325 4375 1391 olim
4444 1324 4622 1392 dicta

2664 1418 2863 1484 fuerit
2905 1415 3200 1483 Hemath
3245 1423 3310 1482 et
3344 1414 3591 1483 Riblah
3636 1412 3858 1501 (sicuti
3902 1413 4103 1479 tradit
4137 1410 4621 1498 Hieronymus)

2664 1504 2736 1569 in
2814 1502 3028 1569 medio
3106 1502 3421 1586 relinquo.
3534 1501 3793 1567 Deinde
3875 1497 4195 1565 transibat
4258 1495 4484 1564 Sedad
4554 1504 4623 1563 et

2664 1590 2921 1673 Ziphon
2942 1637 2957 1666 ,
3015 1588 3287 1654 ultimus
3344 1588 3496 1654 finis
3547 1594 3692 1653 erat
3736 1586 3893 1653 villa
3935 1586 4151 1651 Euan.
4240 1583 4437 1649 minc
4487 1593 4620 1649 ter-

2664 1676 2883 1742 minus
2937 1674 3277 1741 orientalis
3335 1672 3660 1739 transibat
3711 1693 3827 1755 per
3886 1669 4173 1754 Sepham
4237 1677 4303 1736 et
4347 1669 4619 1748 Biblah,

2664 1772 2733 1828 et
2775 1762 2939 1840 Ain,
3000 1759 3203 1827 donec
3260 1760 3631 1843 perveniret
3688 1758 3772 1824 ad
3815 1757 4033 1824 lacum
4078 1757 4446 1835 Genezare,
4508 1756 4623 1840 qui

2665 1847 2846 1914 lacus
2889 1854 2988 1913 est
3032 1848 3191 1913 satis
3235 1844 3528 1919 celebris,
3576 1852 3644 1910 et
3690 1851 3960 1910 vocatur
4002 1865 4183 1909 mare
4225 1841 4617 1909 Ginnereth.

2666 1933 2771 1999 Ita
2827 1932 3151 1999 terminus
3209 1931 3547 1997 orientalis
3605 1930 3687 1995 ab
3730 1930 3980 1996 Arabia
4036 1925 4425 2013 respiciebat
4469 1949 4620 1995 ver-

2664 2040 2781 2171 3¹⁸
2835 2018 3206 2169 lfersidem:
3273 2038 3312 2084 a
3379 2016 3571 2101 plaga
3632 2036 3790 2084 vero
3855 2013 4221 2099 aquilonari
4282 2014 4411 2079 sita
4475 2024 4624 2083 erat

2729 2106 2809 2171 ab
2885 2126 2989 2170 on.

2811 2127 2941 2256 y13.
2991 2189 3319 2273 Praecepit
3359 2193 3563 2256 autem
3608 2185 3837 2253 Moses.
3926 2186 4260 2270 Repetitio
4305 2194 4441 2266 est,
4507 2190 4623 2257 sed

2667 2298 2800 2343 non
2845 2277 3208 2361 superflua,
3267 2274 3423 2359 quia
3479 2280 3727 2340 sortem
3784 2292 4020 2338 novem
4077 2271 4366 2340 tribuum
4412 2281 4483 2339 et
4528 2274 4623 2343 di·

2667 2361 2904 2428 midiae
2947 2361 3266 2445 superiori
3301 2358 3637 2427 donationi
3670 2358 3958 2443 opponit.
4027 2357 4216 2440 Quae
4251 2358 4427 2427 enim
4465 2383 4625 2428 mox

2668 2448 2930 2515 additur
2984 2446 3315 2530 exceptio:
3372 2446 3720 2512 Rubenitis
3774 2452 3842 2511 et
3884 2443 4145 2511 Gaditis
4197 2454 4265 2512 et
4309 2445 4625 2515 dimidiae

2668 2533 2868 2600 tribui
2892 2533 3198 2600 Manasse
3229 2554 3421 2618 agros
3454 2530 3655 2598 fuisse
3691 2551 4030 2597 concessos
4053 2531 4227 2597 ultra
4248 2531 4622 2613 Iordanem,

2667 2640 2803 2685 non
2849 2619 3138 2686 excludit
3181 2639 3294 2685 eos
3336 2639 3376 2683 a
3418 2625 3605 2701 parte
3649 2615 4071 2683 haereditatis
4116 2619 4502 2701 promissae,
4551 2642 4625 2688 ac

2668 2706 2726 2772 si
2771 2714 3085 2789 tanquam
3144 2703 3567 2770 exhaeredati
3622 2702 4083 2787 ablegarentur
4136 2712 4326 2770 extra
4368 2706 4544 2773 fines
4587 2729 4627 2773 a

2670 2793 2813 2858 Deo
2859 2790 3328 2875 praescriptos:
3373 2789 3489 2856 sed
3533 2809 3574 2854 a
3611 2796 3786 2855 sorte
3830 2786 4184 2868 duntaxat,
4229 2791 4384 2873 quia
4428 2802 4627 2858 extra

2666 2876 2965 2944 ordinem
3011 2898 3049 2943 a
3093 2876 3405 2943 fratribus
3445 2874 3581 2941 suis
3638 2874 4064 2940 obtinuerant
4107 2875 4282 2959 quod
4329 2877 4400 2942 in
4444 2898 4623 2944 com·

2671 2964 2856 3030 muni
2899 2962 3307 3029 haereditate
3351 2960 3591 3045 alioqui
3634 2960 3884 3027 censeri
3929 2958 4155 3027 debuit
4188 2964 4624 3045 comprehen-

2669 3071 2833 3116 sum.
2925 3048 3074 3114 Non
3118 3047 3291 3131 quod
3334 3048 3414 3113 ab
3460 3047 3648 3112 initio
3690 3046 3759 3111 id
3802 3047 3999 3112 fuerit
4040 3049 4456 3129 patefactum,
4512 3049 4625 3117 sed

2670 3137 2822 3219 quia
2866 3134 3048 3201 Deus
3090 3155 3206 3218 pro
3249 3154 3370 3200 sua
3412 3131 3822 3217 indulgentia
3864 3140 4082 3197 ratum
4126 3133 4357 3200 habuit
4398 3146 4629 3220 postu-

2671 3220 2876 3287 latum
2895 3272 2910 3297 ,
2970 3242 3097 3304 quo
3151 3222 3317 3286 fines
3371 3226 3586 3284 terrae
3641 3218 4061 3302 ampliabant.
4150 3220 4242 3284 Et
4284 3230 4463 3286 certe
4514 3223 4625 3289 ab·

2672 3306 2944 3373 surdum
2986 3305 3237 3386 fuisset,
3282 3326 3358 3372 00
3399 3305 3455 3371 si
3491 3302 3772 3370 abdicati
3814 3313 4034 3371 essent
4068 3326 4108 3369 a
4141 3305 4389 3372 familia
4411 3308 4627 3374 Abra-

2674 3391 2830 3473 hae,
2890 3392 3149 3457 nullum
3205 3391 3339 3457 illis
3398 3391 3568 3456 inter
3610 3390 3847 3457 tratres
3887 3390 4103 3457 locum
4147 3389 4286 3456 dari
4329 3394 4399 3459 in
4445 3403 4629 3459 terra

2672 3479 3011 3561 promissa.
3113 3480 3210 3544 Ac
3265 3497 3477 3560 nuper
3529 3475 3849 3555 vidimus,
3916 3483 4168 3558 partem
4226 3476 4400 3545 hanc
4456 3501 4627 3564 quae

2672 3564 2935 3631 videtur
2978 3564 3059 3630 ab
3105 3563 3249 3630 aliis
3294 3562 3615 3644 separari,
3672 3562 3994 3628 inclusam
4050 3562 4249 3628 fuisse
4302 3563 4629 3633 limitibus

2674 3672 2714 3716 a
2751 3652 2891 3716 Deo
2937 3648 3180 3732 positis.
3269 3647 3673 3731 Simpliciter
3715 3669 3874 3732 ergo
3917 3646 4125 3713 voluit
4167 3648 4388 3716 Moses
4433 3653 4630 3718 sorti·

2674 3737 2837 3802 tioni
2882 3735 3198 3802 subiicere
3244 3732 3560 3819 quidquid
3604 3733 3913 3799 restabat.

2848 3823 2948 3887 16.
2995 3821 3322 3904 Loquutus
3359 3824 3449 3886 est
3490 3818 3739 3886 Iehova.
3828 3820 4130 3903 Emergit
4172 3821 4505 3904 quaestio:
4550 3821 4627 3890 Si

2673 3915 2920 3974 terram
2958 3907 3175 3973 sortiri
3211 3907 3387 3972 inter
3418 3925 3490 3971 se
3523 3905 3812 3988 oportuit
3847 3905 4012 3972 filios
4034 3905 4275 3990 Israel,
4310 3929 4628 3992 quorsum

2674 3994 3063 4076 interposita
3118 3992 3320 4058 fuerit
3375 3989 3664 4058 iudicum
3728 3991 4075 4070 autoritas,
4144 4012 4220 4060 ac
4280 3995 4338 4059 si
4397 4014 4630 4061 eorum

2675 4089 2849 4146 esset
2912 4077 3261 4162 quidquam
3327 4076 3720 4143 decernere?
3811 4078 4015 4161 Atqui
4069 4077 4127 4143 si
4192 4079 4631 4162 expendimus

2674 4163 2847 4250 quod
2892 4166 3083 4248 paulo
3128 4173 3280 4229 ante
3324 4162 3573 4228 dictum
3632 4171 3732 4228 est
3750 4212 3766 4242 ,
3820 4163 4247 4246 spectandum
4283 4167 4354 4230 in
4400 4166 4626 4232 distri·

2673 4250 2934 4318 buenda
2979 4260 3156 4316 terra
3189 4249 3390 4316 fuisse
3426 4269 3776 4314 numerum
3810 4251 4126 4333 cuiusque
4163 4251 4394 4330 tribus,
4443 4261 4630 4319 utro·

2675 4358 2799 4420 que
2843 4358 3007 4420 opus
3052 4336 3213 4401 fuit:
3259 4346 3335 4400 ut
3377 4354 3495 4401 suo
3540 4334 3796 4401 decreto
3839 4334 4212 4403 ostenderet
4235 4337 4422 4403 Deus
4459 4359 4630 4422 quae

2674 4423 2987 4505 cuiusque
3032 4430 3204 4488 esset
3246 4421 3443 4505 regio,
3491 4418 3723 4486 deinde
3767 4421 4102 4487 accederet
4146 4421 4470 4490 dimensio
4507 4446 4628 4508 pro

2674 4509 3015 4574 hominum
3097 4505 3539 4572 multitudine.
3651 4504 3922 4572 Sortitio
4004 4508 4180 4572 enim
4250 4511 4630 4577 necessaria

2672 4595 2829 4660 fuit:
2912 4593 3063 4676 quia
3139 4593 3400 4678 plagam
3477 4592 3871 4658 maritimam
3951 4593 4346 4677 refugissent
4411 4597 4627 4676 multi,

2673 4680 3138 4765 praetulissent
3172 4679 3388 4744 sinum
3426 4686 3639 4744 terrae
3674 4679 4220 4761 extremitatibus,
4258 4681 4628 4748 noluissent

2673 4766 2951 4850 relegari
3007 4765 3080 4829 in
3137 4772 3422 4830 montes:
3484 4765 3762 4848 denique
3823 4765 4270 4832 murmuribus
4329 4776 4398 4832 et
4457 4769 4625 4835 rixis

2672 4854 2846 4918 inter
2890 4873 2960 4918 se
3001 4857 3359 4917 certassent
3392 4850 3634 4935 absque
3670 4849 3874 4916 modo.
3943 4851 4090 4917 Hac
4125 4851 4376 4918 ratione
4411 4853 4628 4921 iactae

2674 4948 2901 5017 sortes,
2954 4958 3230 5020 quarum
3273 4933 3514 5004 iudicio
3556 4936 3741 5003 Deus
3784 4936 4080 5021 singulas
4125 4936 4335 5005 tribus
4377 4938 4626 5009 locavit

2671 5025 2745 5089 in
2788 5044 2916 5108 qua
2959 5023 3200 5106 placuit
3242 5023 3554 5090 statione:
3611 5022 3705 5088 sic
3762 5028 3986 5090 tamen
4029 5033 4103 5089 ut
4143 5024 4330 5107 prius
4373 5024 4628 5094 iudices

2672 5129 2822 5175 cum
2866 5108 3201 5176 sacerdote
3235 5119 3300 5176 et
3334 5108 3532 5176 Iosua
3575 5115 3818 5174 terram
3861 5108 3932 5174 in
3975 5108 4199 5177 decem
4244 5112 4628 5194 provincias

2672 5195 2897 5280 partiti
2942 5198 3111 5296 sint..
3183 5196 3541 5279 Postquam
3603 5214 3758 5295 vero
3812 5197 4146 5280 cognitum
4172 5195 4331 5298 ‘fuit
4373 5197 4447 5262 in
4491 5219 4625 5282 qua

2674 5280 2972 5452 {¹:335
3018 5280 3492 5454 affigit?
3521 5280 4212 5433 ὶῗθῖῗῗίἓὲῐθίἒῶ
4244 5282 4626 5436 ἳίᾞῑέἕὲἓ
