5017 6142
640 452 767 518 463

635 642 748 709 vix
815 646 1038 706 tamen
1102 636 1367 704 adducti
1431 643 1589 702 sunt
1654 643 1750 701 tot
1813 636 2181 716 miraculis,
2261 645 2338 702 ut
2412 636 2583 702 serio

634 731 1095 812 agnoscerent,
1159 745 1229 790 se
1292 722 1428 789 illic
1486 743 1627 789 esse
1682 722 1812 787 Dei
1876 722 2251 805 inquilinos,
2353 723 2583 807 Itaque

633 813 804 881 visio
839 812 1000 878 haec
1037 809 1313 877 saeculis
1344 809 1644 875 omnibus
1678 806 1985 891 prodesse
2028 807 2272 887 debuit,
2316 830 2401 874 ne
2443 828 2583 874 am-

631 900 903 984 biguum
950 904 1125 963 esset
1167 895 1294 962 Dei
1336 895 1743 961 beneficium.
1812 891 2006 975 Quod
2052 893 2290 959 dicitur
2330 896 2584 961 levasse

633 985 875 1065 606166,
899 983 980 1049 ad
1003 980 1461 1048 certitudinem
1486 979 1687 1046 valet:
1727 1000 1808 1045 ne
1830 980 1975 1063 quis
2011 980 2291 1045 evanido
2327 990 2583 1064 spectro

635 1071 841 1137 aciem
864 1070 1005 1135 eius
1038 1067 1446 1154 perstrictam
1482 1066 1686 1132 fuisse
1721 1065 2073 1132 existimet.
2138 1065 2584 1134 Formidabile

633 1177 792 1223 vero
835 1154 1273 1240 spectaculum
1309 1152 1520 1237 primo
1556 1151 1799 1218 intuitu
1836 1150 1993 1217 fuit:
2039 1151 2192 1234 quia
2227 1151 2583 1218 verisimile

634 1252 738 1309 est
780 1241 969 1308 Iosue
1014 1250 1168 1307 tune
1212 1238 1414 1305 fuisse
1457 1237 1690 1313 solum,
1735 1237 1877 1303 sive
1913 1236 2146 1302 orandi
2182 1257 2396 1318 causa,
2441 1238 2582 1305 sive

634 1328 817 1394 urbis
859 1322 1303 1409 inspiciendae
1347 1323 1646 1404 consilio,
1700 1322 1780 1389 ab
1825 1323 2170 1389 hominum
2214 1324 2583 1407 frequentia

634 1412 1006 1481 secesserit:
1060 1424 1252 1494 atque
1293 1409 1420 1475 hoc
1462 1407 1819 1476 secundum
1864 1409 2072 1492 magis
2117 1408 2358 1491 placet,
2403 1430 2580 1476 seor-

635 1521 781 1566 sum
826 1499 1024 1564 fuisse
1066 1495 1473 1580 speculatum
1518 1515 1648 1578 qua
1690 1508 1875 1578 parte
1921 1492 2076 1559 urbs
2119 1502 2291 1561 esset
2333 1515 2580 1580 oppug-

635 1584 886 1664 nanda,
932 1605 1017 1650 ne
1061 1583 1224 1649 alios
1269 1589 1546 1646 terreret
1603 1580 1967 1647 difficultas.
2055 1579 2253 1646 Certe
2310 1583 2580 1647 comites

634 1671 920 1738 abfuisse
980 1677 1277 1752 apparet,
1324 1665 1480 1732 dum
1539 1665 1716 1732 solus
1770 1667 2080 1733 occurrit:
2146 1687 2265 1734 nec
2307 1666 2580 1732 dubium

633 1759 793 1842 quin
838 1764 1102 1839 paratus
1145 1752 1227 1819 ad
1272 1761 1637 1829 certamen,
1699 1753 1755 1819 si
1808 1753 1875 1817 in
1923 1752 2177 1819 hostem
2222 1752 2577 1821 incidisset.

633 1845 985 1909 Caeterum
1030 1849 1343 1922 tanquam
1388 1837 1469 1904 de
1512 1838 1777 1903 homine
1823 1838 2217 1923 interrogat,
2263 1839 2419 1922 quia
2462 1861 2578 1905 an-

679 1928 855 1994 elum
899 1946 1035 1991 non
1092 1923 1389 2010 agnoscit
1430 1923 1560 1989 nisi
1612 1945 1696 1989 ex
1738 1944 2065 2009 responso.
2157 1925 2375 2008 Atque
2419 1925 2581 1992 haec

633 1951 953 2080 dubitatio
1009 2011 1245 2078 visioni
1298 2011 1447 2095 plus
1504 2009 1656 2075 fidei
1721 2030 1952 2076 rursus
2017 2011 2354 2091 conciliat,
2421 2008 2577 2076 dum

632 2098 951 2184 paulatim
1010 2096 1093 2163 ab
1147 2097 1433 2162 hominis
1493 2115 1688 2180 quem
1745 2094 2099 2178 alloquitur
2164 2105 2427 2179 aspectu
2495 2094 2580 2162 ad

633 2185 852 2270 angeli
919 2184 1354 2267 cognitionem
1436 2181 1795 2247 deducitur.
1908 2179 2300 2265 Quanquam
2380 2183 2581 2248 verba

633 2277 892 2351 sonant,
927 2290 1061 2335 non
1083 2267 1437 2352 quemlibet
1456 2267 1657 2333 fuisse
1693 2266 2021 2352 angelum,
2057 2268 2170 2334 sed
2194 2269 2581 2352 praecipuae

633 2356 1076 2424 excellentiae.
1174 2353 1390 2420 Vocat
1454 2354 1630 2418 enim
1686 2374 1756 2419 se
1824 2354 2183 2438 principem
2249 2355 2579 2422 exereitus

633 2442 798 2520 Dei,
859 2439 1028 2524 quod
1072 2446 1210 2506 tam
1254 2437 1334 2504 de
1379 2439 1583 2506 electo
1626 2438 1902 2523 populo,
1960 2461 2156 2524 quam
2200 2439 2281 2505 de
2325 2440 2579 2524 angelis

632 2535 847 2613 potest
888 2525 1204 2611 intelligi:
1251 2524 1367 2590 sed
1399 2527 1581 2608 prior
1615 2527 1941 2591 sententia
1974 2527 2211 2592 rectior
2247 2532 2381 2592 est:
2425 2525 2579 2609 quia

632 2613 799 2682 nihil
832 2612 1172 2678 insolitum
1208 2610 1459 2695 profert
1478 2608 1696 2677 Deus:
1741 2609 1857 2676 sed
1896 2610 2067 2695 quod
2102 2620 2254 2677 ante
2295 2610 2579 2695 legimus

631 2700 1019 2784 praestitum
1050 2698 1225 2764 Mosi
1266 2696 1468 2763 fuisse
1511 2697 1869 2763 continuat.
1939 2698 2037 2763 Ac
2081 2697 2322 2763 scimus
2344 2696 2575 2763 Mosen

630 2787 852 2869 ipsum
893 2784 1017 2850 hoc
1060 2784 1452 2850 beneficium
1496 2782 1643 2847 aliis
1685 2782 1993 2848 omnibus
2037 2782 2457 2866 praetulisse:
2511 2789 2578 2848 et

630 2872 883 2950 merito,
929 2870 1084 2954 quia
1126 2869 1342 2952 palam
1377 2875 1444 2934 et
1484 2867 1893 2934 familiariter
1914 2869 2097 2934 Deus
2130 2867 2266 2934 illic
2299 2867 2576 2952 gloriam

633 2978 819 3023 suam
866 2954 1345 3020 manifestabat.
1430 2952 1665 3037 Itaque
1718 2955 2084 3038 promiscue
2142 2965 2416 3020 vocatur
2458 2975 2576 3020 an-

631 3044 852 3126 gelus,
911 3050 977 3107 et
1033 3039 1395 3125 insignitur
1452 3039 1662 3124 elogio
1702 3040 1828 3105 Dei
1873 3040 2145 3106 aeterni.
2236 3039 2439 3107 Cuius
2482 3040 2580 3106 rei

632 3129 882 3195 Paulus
928 3126 1114 3192 nobis
1156 3126 1431 3192 idoneus
1475 3132 1579 3190 est
1622 3126 1828 3206 testis,
1872 3126 1985 3210 qui
2022 3124 2263 3192 diserte
2298 3132 2582 3191 testatur

632 3214 837 3281 fuisse
880 3211 1221 3279 Christum
1270 3209 1358 3296 (1.
1406 3209 1552 3277 Cor.
1601 3212 1704 3292 10,
1747 3211 1835 3299 4).
1924 3213 2014 3277 Et
2053 3213 2274 3279 Moses
2329 3212 2467 3295 ipse
2510 3212 2581 3277 in

719 3320 916 3365 rsona
958 3298 1338 3364 mediatoris
1375 3298 1592 3363 Deum
1627 3308 2041 3381 praesentem
2089 3298 2431 3381 amplexus
2481 3310 2582 3364 est

665 3384 870 3451 Exod.
915 3384 1021 3462 32,
1078 3382 1208 3470 34).
1292 3382 1461 3449 Nam
1497 3383 1608 3450 ubi
1643 3392 1790 3468 post
1834 3384 2110 3450 vitulum
2154 3383 2581 3450 fabrefactum

632 3469 1026 3555 pronunciat
1047 3469 1249 3548 Deus,
1293 3490 1364 3535 se
1402 3489 1536 3535 666
1571 3470 1704 3536 fore
1743 3470 2025 3553 amplius
2059 3469 2283 3554 populi
2328 3468 2581 3547 ducem,

633 3555 830 3623 simul
873 3576 943 3621 se
988 3576 1192 3621 unum
1236 3575 1323 3619 ex
1380 3555 1629 3636 angelis
1686 3554 1990 3621 daturum
2050 3555 2406 3640 promittit,
2467 3552 2583 3620 sed

637 3641 823 3725 quasi
865 3661 949 3706 ex
993 3640 1217 3705 turba:
1266 3640 1438 3723 quod
1462 3640 1683 3706 Moses
1717 3640 2142 3708 vehementer
2177 3640 2581 3725 deprecatur.

633 3727 892 3810 Nempe
935 3725 1086 3809 quia
1129 3732 1380 3791 remoto
1424 3726 1797 3805 mediatore,
1843 3748 2107 3811 sperare
2150 3748 2282 3792 666
2326 3734 2583 3810 poterat

633 3814 849 3879 Deum
909 3810 1050 3879 fore
1101 3811 1475 3896 propitium.
1564 3812 1818 3878 Rarum
1872 3815 2093 3897 itaque
2162 3812 2401 3879 favoris
2454 3814 2584 3879 Dei

635 3900 882 3984 pignus
946 3897 1073 3963 fuit
1096 3948 1112 3977 ,
1239 3907 1451 3963 raesto
1518 3896 1746 3964 adesse
1812 3899 2174 3982 principem
2241 3906 2308 3964 et
2384 3912 2585 3982 caput

634 3983 964 4062 ecclesiae,
1009 3984 1117 4050 cui
1214 4004 1356 4049 oses
1401 3992 1799 4051 assueverat.
1864 3985 1957 4050 Et
1989 3991 2163 4051 certe
2211 4005 2343 4049 666
2389 3984 2582 4051 611161·

631 4079 780 4222 Idam
819 4069 1042 4153 potuit
1084 4090 1225 4136 esse
1261 4069 1388 4135 Dei
1433 4069 1696 4155 adoptio
1738 4090 1933 4154 quam
1976 4092 2093 4155 per
2135 4090 2409 4137 manum
2444 4091 2583 4138 me-

679 4156 926 4221 iatoris.

809 4241 909 4306 14.
960 4239 1142 4306 Non:
1195 4240 1305 4307 sed
1345 4241 1479 4306 dux
1532 4241 1853 4307 emer-citae.
1944 4239 2265 4323 Quamvis
2318 4243 2582 4327 negatio

635 4339 786 4412 apte
825 4327 1084 4410 utrique
1128 4327 1419 4392 membro
1454 4327 1818 4402 conveniat,
1862 4328 2014 4410 quia
2048 4348 2259 4413 neque
2280 4328 2578 4395 Israelita

634 4421 775 4480 erat
831 4433 1044 4497 neque
1088 4411 1558 4479 Chananaeus:
1617 4434 1693 4479 ac
1750 4414 1808 4480 si
1862 4413 2152 4497 praecise
2196 4424 2467 4498 negaret
2509 4436 2582 4482 66

632 4519 776 4566 6666
810 4499 1141 4565 hominem
1177 4498 1542 4578 mortalem,
1576 4498 1911 4564 commode
1933 4508 2150 4567 tamen
2182 4502 2583 4585 restringere

630 4585 852 4653 licebit
896 4583 977 4649 ad
1023 4582 1382 4650 secundum
1442 4584 1841 4666 membrum,
1898 4585 2010 4651 ubi
2072 4589 2343 4672 rogabat
2387 4586 2581 4654 Iosue

632 4692 717 4737 66
762 4680 934 4737 66661
973 4691 1055 4736 ex
1092 4670 1407 4736 hostibus.
1473 4670 1678 4737 Porro
1722 4670 1981 4755 quando
2015 4671 2088 4738 in
2123 4693 2203 4738 ea
2237 4694 2307 4738 re
2342 4693 2580 4756 parum

631 4765 733 4824 est
776 4755 1126 4822 momenti:
1174 4756 1336 4820 satis
1379 4757 1465 4821 sit
1508 4764 1732 4823 tenere
1776 4755 1946 4841 quod
1990 4759 2415 4842 praecipuum
2458 4768 2580 4840 est,

630 4843 892 4909 venisse
936 4848 1010 4907 ut
1054 4849 1384 4924 praeesset
1426 4842 1630 4908 electo
1720 4842 1935 4926 opulo,
1984 4865 2176 4927 quem
2222 4845 2580 4913 honorifice

633 4927 918 5013 appellat
974 4927 1102 4993 Dei
1173 4927 1554 4993 exercitum.
1726 4926 1852 4993 uod
1923 4950 1992 4995 se
2064 4931 2264 4997 alium
2338 4952 2377 4996 a
2433 4932 2579 4997 Deo

631 5015 805 5090 facit,
851 5015 918 5079 16
954 5034 1032 5079 66
1067 5019 1331 5079 6616161·
1367 5013 1728 5095 personalis
1772 5011 2135 5096 distinctio,
2181 5037 2314 5082 non
2357 5025 2576 5083 autem

633 5099 952 5165 scinditur
1015 5100 1236 5165 unitas
1301 5099 1642 5166 essentiae.
1745 5099 2053 5168 Diximus
2118 5102 2287 5186 apud
2343 5103 2578 5169 Mosen

633 5205 826 5269 saepe
870 5206 1111 5251 nomen
1154 5185 1440 5252 Iehovae
1484 5184 1764 5252 adscribi
1807 5187 2041 5269 angelo
2094 5189 2406 5271 praesidi:
2466 5190 2579 5273 qui

634 5270 809 5335 haud
856 5271 1051 5337 dubie
1093 5271 1474 5356 unigenitus
1514 5282 1657 5338 erat
1700 5272 1826 5338 Dei
1869 5272 2060 5338 filius.
2125 5274 2376 5359 Nempe
2422 5275 2577 5359 quia

633 5366 700 5423 et
744 5378 937 5424 verus
977 5365 1076 5423 est
1122 5358 1331 5423 Deus:
1393 5369 1459 5423 et
1503 5370 1722 5426 tamen
1767 5359 1836 5424 in
1880 5380 2155 5442 persona
2199 5359 2573 5428 mediatoris

1839 447 2583 518 COMMENTARIUS
2628 446 2731 513 IN
2773 445 3054 542 IOSUE
3100 449 3296 516 CAP.
3344 450 3425 516 V.

4504 452 4632 516 464

2684 654 2803 717 per
2842 633 3390 720 dispensationem
3436 635 3579 703 Deo
3622 637 3908 703 inferior.
3998 637 4144 703 Iam
4181 637 4350 722 quod
4400 636 4632 705 docent

2685 731 2938 787 veteres
2976 720 3252 788 libenter
3296 722 3553 805 recipio,
3601 723 3757 789 dum
3802 724 4109 807 apparuit
4140 724 4295 791 olim
4321 722 4630 791 Christus

2689 807 2756 871 in
2801 806 3013 873 forma
3057 808 3373 887 hominis,
3419 807 3827 893 praeludium
3872 809 4075 877 fuisse
4120 810 4415 895 mysterii
4458 809 4631 894 quod

2684 891 2918 959 deinde
2976 894 3097 959 fuit
3148 894 3514 961 exhibitum
3533 946 3549 971 ,
3610 893 3872 979 quando
3916 895 4374 962 manifestatus
4415 906 4517 962 est
4560 899 4629 962 in

2682 999 2880 1044 carne
2957 980 3160 1046 Deus.
3271 979 3654 1047 Cavendum
3733 990 3955 1047 tamen
4031 1003 4118 1047 ne
4195 982 4632 1063 imaginemur

2683 1062 3022 1130 Christum
3059 1075 3216 1133 tunc
3250 1066 3541 1133 induisse
3575 1086 3875 1134 carnem:
3915 1067 4176 1150 quando
4213 1087 4347 1133 666
4382 1067 4631 1152 legitur

2681 1149 2895 1215 filium
2939 1173 3130 1217 66616
3174 1152 3430 1218 misisse
3474 1153 3660 1219 Deus
3701 1151 3774 1218 16
3818 1172 4015 1218 carne
4058 1162 4214 1219 ante
4272 1152 4632 1237 plenitudi-

2685 1257 2836 1301 nem
2881 1244 3280 1321 temporum:
3341 1237 3575 1304 deinde
3620 1248 3944 1322 quatenus
3991 1238 4186 1304 homo
4230 1248 4357 1319 est,
4416 1239 4631 1306 filium

2683 1321 2960 1388 Davidis
3015 1344 3157 1390 esse
3215 1333 3489 1407 oportet.
3579 1323 3831 1389 Verum
3876 1333 3952 1389 ut
3994 1323 4170 1410 apud
4213 1324 4632 1391 Ezechielem

2683 1405 2958 1492 legitur,
3027 1408 3388 1475 similitudo
3450 1411 3732 1476 hominis
3791 1409 4115 1476 duntaxat
4178 1411 4305 1476 fuit
4361 1409 4630 1497 (Ezech.

2685 1494 2741 1571 1,
2787 1493 2918 1581 26).
3006 1493 3357 1561 Caeterum
3400 1496 3682 1562 fueritne
3739 1496 4174 1563 substantiale
4230 1516 4464 1580 corpus
4483 1548 4498 1576 ,
4543 1518 4633 1563 66

2681 1579 2890 1646 forma
2932 1582 3217 1647 exterior
3260 1580 3586 1648 duntaxat
3601 1632 3616 1660 ,
3662 1582 3964 1666 argutius
4009 1579 4343 1666 disputare
4398 1603 4633 1666 super·-

2684 1685 2964 1731 vacuum
3028 1676 3162 1747 est,
3230 1667 3621 1734 contendere
3684 1688 3842 1734 vero
3905 1667 4199 1733 noxium.
4313 1666 4636 1752 Superest

2681 1772 2816 1816 una
2859 1751 3184 1834 quaestio,
3230 1754 3550 1835 quomodo
3594 1775 3664 1820 se
3707 1773 3884 1819 nunc
3928 1754 4188 1819 venisse
4232 1751 4406 1819 dicat
4449 1755 4632 1838 prin·

2681 1856 2832 1919 ceps
2868 1837 3195 1903 exercitus
3218 1837 3364 1917 Dei,
3411 1840 3525 1923 qui
3568 1841 3883 1924 populum
3927 1839 4079 1905 fidei
4124 1859 4282 1905 suae
4324 1841 4632 1906 commis-

2682 1943 2827 1987 sum
2874 1944 3007 1989 non
3051 1921 3458 1990 deseruerat:
3514 1934 3580 1991 et
3635 1946 3846 2011 nuper
3888 1924 4396 2009 incomparabile
4485 1946 4633 1992 rae-

2682 2009 2928 2073 sentiae
2972 2030 3129 2075 suae
3171 2012 3500 2094 specimen
3545 2011 3841 2077 ediderat
3882 2011 3955 2076 in
3990 2012 4271 2078 traiectu
4306 2011 4418 2077 Ior
4549 2013 4631 2078 is.

2684 2094 2888 2177 Atqui
2945 2095 3100 2160 trito
3165 2098 3527 2181 scripturae
3584 2119 3709 2165 usu
3775 2095 4011 2164 dicitur
4069 2096 4154 2162 ad
4215 2117 4337 2164 nos
4397 2098 4632 2163 venire

2684 2178 2888 2259 Deus,
2934 2180 3043 2247 ubi
3080 2203 3150 2246 re
3185 2183 3329 2267 ipsa
3371 2184 3693 2249 sentimus
3737 2184 3877 2249 eius
3922 2182 4266 2264 auxilium,
4309 2183 4479 2266 quod
4523 2204 4630 2249 re-

2682 2274 2935 2331 motum
2995 2265 3284 2348 videtur,
3345 2269 3470 2334 nisi
3517 2269 3922 2354 experientia
3964 2269 4251 2352 patefiat.
4341 2267 4631 2335 Perinde

2681 2351 2882 2434 igitur
2924 2362 3058 2432 est,
3103 2374 3179 2418 ac
3219 2355 3275 2419 si
3313 2374 3580 2438 operam
3623 2375 3810 2421 suam
3853 2353 3937 2420 ad
3979 2354 4280 2421 obeunda
4314 2374 4480 2438 quae
4523 2355 4630 2420 in-

2680 2435 2963 2518 stabant,
3005 2440 3365 2504 certamina
3405 2441 3702 2506 offerret:
3750 2462 3825 2507 ac
3868 2460 3989 2506 suo
4033 2437 4321 2506 adventu
4356 2443 4631 2524 promit-

2681 2528 2855 2588 teret
2913 2523 3170 2590 felicem
3236 2524 3604 2591 debellandi
3680 2527 3950 2593 exitum.
4059 2526 4170 2591 Ex
4248 2524 4633 2593 adoratione

2682 2615 2863 2674 certo
2915 2610 3133 2694 colligi
3193 2632 3325 2677 non
3392 2619 3636 2695 potest,
3705 2634 3790 2678 66
3848 2613 4044 2678 16666
4100 2611 4368 2678 Christo
4426 2612 4631 2697 probe

2681 2694 2943 2777 cognito
2995 2696 3293 2763 divinum
3349 2696 3663 2763 honorem
3716 2696 4106 2764 exhibuerit.
4209 2697 4468 2763 Verum
4521 2719 4632 2765 ro-

2683 2777 2900 2863 ganda
2942 2782 3096 2865 quid
3142 2781 3402 2849 Adonai
3443 2805 3634 2851 servo
3676 2804 3793 2851 suo
3836 2782 4220 2868 praecipiat,
4277 2783 4632 2867 imperium

2685 2863 2895 2932 defert
2938 2867 3108 2951 quod
3152 2869 3412 2936 nonnisi
3455 2870 3524 2935 16
3570 2869 3786 2936 Deum
3830 2869 4160 2953 competit.

2862 2952 2962 3019 15.
3025 2953 3205 3021 Solve
3260 2955 3747 3022 calceamentum.
3836 2957 4124 3021 Tantum
4171 2974 4299 3038 quo
4341 2955 4634 3022 sanctior

2684 3035 2772 3102 sit
2816 3039 2999 3120 visio,
3041 3050 3107 3106 61
3149 3040 3220 3105 16
3263 3041 3524 3126 signum
3569 3042 3975 3108 reverentiae
4018 3048 4084 3107 et
4127 3040 4381 3106 timoris
4422 3041 4632 3126 exigit

2685 3143 2965 3208 magnus
3023 3124 3328 3210 angelus,
3389 3135 3463 3192 ut
3505 3127 3752 3194 calceos
3794 3135 3995 3192 exuat
4035 3126 4246 3192 Iosue.
4334 3124 4524 3192 Idem
4562 3136 4634 3193 et

2685 3208 2908 3275 Moses
2962 3211 3086 3278 sibi
3141 3211 3511 3279 iniunctum
3569 3212 3773 3279 fuisse
3815 3214 4013 3278 refert
4054 3214 4126 3277 in
4169 3220 4392 3277 monte
4436 3211 4632 3279 Sinai

2685 3293 2881 3381 (Exo.
2927 3297 3001 3377 3,
3059 3296 3157 3384 5),
3219 3319 3348 3363 non
3408 3297 3538 3364 alia
3596 3299 3881 3376 ratione,
3941 3298 4070 3364 nisi
4124 3297 4295 3382 quod
4350 3297 4630 3384 gloriam

2684 3401 2869 3446 suam
2915 3381 3099 3450 Deus
3142 3383 3279 3449 illic
3321 3384 3797 3451 manifestabat.
3877 3383 4107 3467 Neque
4150 3384 4327 3450 enim
4371 3384 4636 3452 aliunde

2685 3466 2895 3532 maior
2939 3470 3053 3534 uni
3096 3490 3293 3553 quam
3339 3469 3528 3536 alteri
3573 3470 3716 3536 1606
3760 3470 4091 3551 sauctitas,
4137 3470 4266 3535 nisi
4308 3491 4392 3536 ex
4438 3490 4634 3553 pecu-

2682 3550 2831 3618 liari
2878 3553 3274 3639 dignatione.
3362 3555 3470 3621 Ita
3513 3555 3709 3622 Iacob
3753 3555 4079 3623 exclamat
4119 3554 4319 3641 (Gen.
4365 3555 4479 3637 28,
4526 3555 4634 3643 17)

2685 3638 2902 3706 locum
2948 3639 3058 3706 ubi
3110 3640 3383 3726 propius
3429 3641 3645 3706 Deum
3689 3650 4118 3728 cognoverat,
4175 3662 4318 3708 esse
4363 3641 4635 3708 domum

2685 3724 2843 3803 eius,
2892 3726 3248 3793 terribilem
3293 3727 3511 3794 locum
3553 3735 3622 3793 et
3665 3740 3921 3812 portam
3965 3727 4147 3794 coeli.
4235 3727 4419 3812 Ergo
4464 3726 4634 3811 quod

2684 3811 2951 3877 iubetur
2991 3823 3252 3880 sanctus
3296 3814 3400 3880 vir
3442 3812 3692 3880 calceos
3736 3814 3863 3880 sibi
3906 3812 4278 3894 detrahere,
4320 3813 4448 3880 hac
4488 3833 4632 3881 cae·

2685 3898 2982 3963 remonia
3026 3899 3209 3966 Deus
3266 3899 3571 3984 obsignat
3621 3901 4033 3984 praesentiae
4074 3920 4234 3965 suae
4276 3897 4506 3981 fidem,
4566 3908 4632 3964 et

2685 3981 2835 4067 plus
2857 3985 3164 4067 ponderis
3186 3984 3369 4051 addit
3403 3985 3673 4052 visioni:
3713 4005 3849 4051 non
3882 3984 4055 4070 quod
4088 3983 4326 4069 pedum
4364 3985 4629 4052 nuditas

2684 4090 2806 4153 per
2848 4091 2918 4136 se
2961 4079 3304 4138 censeatur
3360 4072 3431 4137 in
3475 4071 3602 4138 Dei
3645 4071 3862 4139 cultu:
3927 4071 4041 4138 sed
4099 4071 4254 4155 quia
4310 4070 4631 4138 eiusmodi

2685 4154 2990 4223 subsidiis
3034 4157 3407 4224 adiuvanda
3448 4166 3549 4224 est
3590 4157 3932 4224 hominum
3977 4157 4349 4237 infirmitas,
4388 4177 4518 4241 quo
4561 4178 4628 4223 se

2683 4241 2922 4309 melius
2987 4242 3070 4308 ad
3147 4244 3636 4310 venerationem
3715 4242 4009 4310 excitent
4085 4251 4154 4309 et
4225 4255 4624 4326 comparent.

2683 4327 2892 4394 Porro
2926 4330 3119 4396 sicuti
3146 4330 3327 4397 Deus
3360 4330 3502 4397 loca
3534 4328 3604 4394 in
3649 4328 3885 4414 quibus
3929 4351 3969 4396 a
4014 4338 4220 4414 paret,
4264 4329 4629 4396 sanctificat

2684 4433 2805 4479 sua
2857 4416 3254 4498 praesentia:
3322 4417 3415 4481 ita
3472 4413 3636 4480 mihi
3692 4415 3958 4499 probab'
3990 4437 4026 4481 e
4081 4422 4186 4482 est
4236 4414 4361 4481 hoc
4419 4414 4626 4501 elogio

2682 4500 3124 4567 commendari
3181 4501 3652 4586 praestantiam
3711 4513 3923 4567 terrae
3965 4501 4318 4581 Chanaan,
4369 4500 4440 4566 in
4501 4521 4626 4586 qua

2681 4584 2803 4651 sibi
2843 4585 3242 4654 domicilium
3279 4588 3569 4672 elegerat
3589 4586 3794 4665 Deus,
3832 4594 3931 4652 ut·
3944 4608 4109 4671 pure
4125 4586 4263 4653 illic
4282 4585 4623 4654 coleretur.

2680 4670 2878 4738 Unde
2934 4681 3001 4738 et
3056 4675 3298 4757 passim
3357 4681 3627 4740 voeatur
3680 4674 3821 4739 eius
3874 4674 4130 4758 requies
4185 4671 4323 4760 (Ρ6.
4370 4672 4487 4748 95.
4552 4675 4620 4740 11

2680 4765 2749 4823 61
2805 4759 2962 4838 132,
3028 4757 3154 4845 14).
3258 4759 3601 4825 Laudatur
3656 4759 3727 4824 in
3785 4760 3919 4825 fine
3976 4780 4204 4826 versus
4258 4758 4624 4825 obedientia

2678 4843 2901 4923 Iosue,
2961 4853 3034 4911 ut
3088 4846 3230 4911 eius
3288 4845 3588 4930 exemplo
3647 4843 3855 4910 discat
3896 4846 4245 4928 posteritas
4288 4856 4515 4912 sancte
4558 4846 4619 4911 in

2677 4951 2757 4996 ea
2800 4940 2977 4997 terra
3018 4931 3329 5014 pietatem
3374 4932 3603 4998 colere.
3668 4930 3773 4995 Ita
3818 4929 4078 4997 videtur
4121 4931 4319 4997 tacita
4360 4929 4619 4998 subesse

2680 5016 3080 5100 comparatio
3095 5067 3110 5096 ,
3182 5016 3284 5082 vel
3350 5016 3697 5084 antithesis
3714 5065 3730 5094 ,
3812 5036 3976 5099 quae
4039 5016 4314 5084 extollat
4376 5024 4617 5084 terram

2680 5100 2999 5170 Chanaan
3044 5123 3200 5187 prae
3243 5103 3390 5169 aliis
3433 5101 3828 5190 regionibus.
