5017 6142
618 437 754 503 475

625 631 871 692 eventu
956 643 1107 689 eum
1186 621 1467 705 turpiter
1553 618 2001 686 obmutescere
2086 638 2352 685 necesse
2427 617 2574 683 fuit.

625 711 948 777 Videmus
1010 709 1231 791 itaque
1300 705 1482 772 nulla
1546 726 1620 772 re
1685 707 1898 791 magis
1978 704 2265 788 torqueri
2285 754 2301 782 ,
2377 721 2578 787 quam

625 795 986 865 vocationis
1030 814 1189 860 suae
1231 790 1575 860 dedecore:
1622 812 1758 857 non
1803 801 1879 856 ut
1913 810 2070 856 suae
2105 787 2576 855 existimationi

624 882 960 962 consulat,
1039 878 1155 946 sed
1217 900 1302 944 ne
1365 876 1772 963 periclitetur
1837 876 1968 943 Dei
2046 875 2292 942 veritas
2355 894 2576 942 coram

625 968 891 1036 mundo.
982 965 1307 1050 Denique,
1350 965 1506 1048 quia
1547 963 1816 1030 nonnisi
1860 963 1987 1028 Dei
2032 962 2218 1027 iussu
2259 960 2574 1045 populum

627 1053 992 1123 adduxerat
1054 1052 1122 1117 in
1190 1061 1433 1117 terram
1501 1049 1851 1127 chanaan,
1932 1069 2085 1115 eum
2163 1046 2234 1112 in
2298 1047 2577 1111 adverso

627 1149 875 1208 eventu
911 1145 1203 1204 autorem
1240 1135 1590 1221 compellat
1622 1145 1691 1200 et
1723 1134 2081 1201 vindicem:
2121 1153 2197 1198 ac
2232 1132 2288 1198 si
2311 1131 2574 1211 diceret,

628 1224 891 1311 quando
934 1224 1009 1289 in
1049 1224 1175 1289 has
1220 1221 1556 1308 angustias
1601 1222 1716 1287 abs
1760 1232 1827 1286 te
1873 1220 2208 1288 coniectus
2263 1239 2444 1298 sum,
2504 1226 2579 1282 ut

627 1313 980 1378 frustrator
1045 1308 1260 1375 videri
1325 1309 1606 1391 possim:
1674 1319 1860 1372 tuum
1922 1312 2023 1371 est
2076 1323 2452 1384 occurrere,
2509 1313 2576 1369 et

628 1398 792 1464 mihi
836 1415 1190 1481 suggerere
1233 1393 1632 1460 defensionis
1676 1393 2035 1458 materiam.

801 1483 862 1549 9.
906 1481 1322 1563 Audientque.
1409 1480 1729 1563 Proponit
1772 1479 2054 1545 alterum
2098 1484 2378 1555 metum,
2422 1474 2578 1558 quia

628 1569 829 1638 vicini
884 1587 1116 1633 omnes
1170 1567 1280 1650 qui
1339 1566 1451 1631 vel
1508 1565 1700 1630 malis
1761 1564 2012 1631 subacti
2077 1562 2182 1629 vel
2242 1561 2577 1627 miraculis

627 1652 1040 1739 expavefacti
1082 1651 1518 1736 quiescebant,
1561 1662 1823 1734 sumpta
1864 1647 2260 1716 confidentia
2303 1655 2578 1731 repente

625 1742 944 1824 impetum
1002 1738 1247 1804 facient
1305 1745 1533 1804 contra
1588 1737 1921 1820 populum.
2010 1735 2177 1800 Fuit
2234 1742 2453 1800 autem
2508 1731 2579 1798 id

626 1825 980 1910 probabile,
1027 1823 1221 1890 sicuti
1258 1823 1385 1889 Dei
1475 1823 1727 1889 otentia
1770 1843 1879 1888 eos
1918 1821 2207 1905 fregerat
2251 1827 2318 1885 et
2359 1817 2579 1884 reddi-

629 1912 818 1978 derat
839 1910 1172 1988 attonitos,
1208 1909 1302 1974 ita
1324 1929 1406 1974 au
1455 1916 1634 1974 acter
1669 1908 2095 1974 descensuros
2129 1906 2197 1971 in
2235 1900 2580 1990 proelium,

628 1995 1022 2080 simulatque
1082 1994 1425 2061 desiissent
1482 1995 1699 2060 Deum
1755 1993 1882 2060 sibi
1936 1992 2250 2058 infestum
2309 1991 2577 2057 sentire.

625 2083 808 2166 Ergo
874 2080 1240 2166 periculum
1301 2080 1509 2146 futuri
1575 2079 1887 2163 temporis
1949 2078 2094 2144 Deo
2158 2077 2384 2144 obiicit
2449 2076 2581 2141 nisi

627 2177 886 2236 mature
962 2167 1343 2252 prospiciat,
1427 2166 1581 2249 quia
1673 2164 1799 2230 hac
1885 2165 2222 2231 occasione
2316 2170 2583 2246 arrepta

629 2253 1030 2331 Chananaei,
1074 2254 1186 2336 qui
1228 2251 1545 2317 hactenus
1588 2260 1852 2336 torpore
1884 2249 2221 2318 constricti
2261 2249 2582 2327 iacebant,

627 2340 807 2406 ultro
848 2338 1160 2418 insilient,
1206 2346 1274 2404 et
1313 2337 1629 2422 populum
1664 2337 2037 2403 exanimem
2068 2335 2360 2420 aggressi
2393 2333 2584 2401 facile

631 2424 962 2491 delebunt.
1052 2423 1406 2491 Caeterum
1448 2445 1532 2489 ex
1575 2423 1873 2490 clausula
1915 2430 2116 2507 patet,
2160 2442 2293 2488 non
2337 2420 2586 2505 simpli·

631 2512 795 2577 citer
857 2508 1319 2577 commendare
1379 2509 1608 2593 populi
1671 2509 1988 2586 salutem,
2055 2505 2169 2573 sed
2228 2508 2297 2573 in
2353 2507 2585 2590 primis

630 2605 949 2682 satagere,
994 2605 1068 2660 ut
1110 2594 1293 2661 salva
1316 2594 1459 2660 Deo
1492 2602 1762 2661 maneat
1800 2594 2088 2661 nominis
2130 2594 2232 2660 sui
2277 2591 2584 2677 dignitas,

630 2704 753 2749 nec
796 2681 1131 2747 subiaceat
1173 2681 1526 2763 impiorum
1569 2680 2000 2765 petulantiae:
2061 2678 2233 2763 quod
2285 2679 2583 2744 futurum

630 2775 792 2849 erat,
836 2768 896 2833 si
940 2766 1186 2833 eiectus
1229 2765 1459 2831 fuisset
1500 2766 1785 2851 populus
1828 2767 1908 2832 ab
1947 2763 2353 2831 haereditate
2389 2766 2586 2830 toties

629 2853 971 2937 promissa.
1039 2851 1212 2918 Nota
1244 2859 1347 2918 est
1368 2849 1500 2916 Dei
1536 2873 1664 2918 vox
1699 2871 1864 2936 quae
1897 2851 2179 2917 refertur
2219 2850 2290 2916 in
2332 2850 2588 2916 cantico

631 2939 844 3006 Mosis
897 2936 1123 3025 (Deut.
1181 2937 1266 3002 32
1284 2986 1301 3017 ,
1360 2935 1504 3024 27):
1570 2938 1857 3003 Animus
1913 2949 2086 3003 esset
2143 2956 2255 3002 eos
2311 2934 2588 3020 perdere

632 3025 767 3091 nisi
810 3024 1111 3089 timerem
1158 3023 1447 3088 hostium
1501 3021 1903 3109 superbiam:
1960 3044 2049 3088 ne
2101 3022 2270 3089 forte
2328 3022 2584 3089 dicant:

629 3109 915 3177 Excelsa
955 3116 1058 3176 est
1102 3129 1337 3175 manus
1382 3116 1631 3175 nostra:
1677 3109 1928 3175 Iehova
1984 3109 2146 3175 haec
2189 3108 2411 3174 omnia
2451 3129 2585 3174 non

628 3197 801 3263 fecit.
891 3194 1085 3278 Quod
1152 3215 1308 3280 ergo
1372 3196 1556 3261 Deus
1617 3217 1689 3261 se
1753 3195 2136 3262 humanitus
2193 3196 2589 3279 pronunciat

631 3283 917 3348 veritum
960 3281 1162 3347 fuisse
1220 3302 1395 3347 nunc
1453 3279 1821 3348 cavendum
1878 3300 2023 3347 esse
2063 3279 2260 3347 Iosue
2303 3280 2463 3346 dicit
2502 3301 2587 3346 ne

632 3366 819 3434 clade
838 3367 1066 3451 populi
1090 3387 1376 3450 eousque
1396 3366 1798 3435 insolescant
1835 3367 2074 3449 hostes,
2109 3375 2188 3432 ut
2208 3365 2586 3450 triumphos

632 3462 838 3537 agant
879 3451 961 3519 de
1003 3454 1147 3536 ipso
1189 3451 1352 3519 Dec.

806 3623 905 3689 10.
976 3623 1151 3689 Tunc
1213 3622 1383 3688 dixit
1423 3622 1655 3690 Iehova
1711 3624 1798 3691 ad
1840 3622 2134 3690 Iosuam:
2203 3622 2335 3689 Sur
2374 3643 2438 3690 e.-
2507 3622 2590 3691 Ut

627 3709 785 3790 quid
817 3714 888 3775 tu
919 3709 1014 3774 ita
1044 3708 1333 3792 procidis
1364 3728 1552 3791 super
1589 3709 1818 3792 facian
1859 3710 2085 3777 tuam?
2151 3709 2253 3774 11.
2361 3708 2589 3776 eccavit

628 3793 858 3875 Israel,
900 3800 1084 3880 atque
1119 3795 1272 3862 adeo
1304 3796 1686 3879 transyresei
1716 3801 1865 3862 sunt
1895 3800 2154 3879 pactum
2185 3815 2393 3860 mem
2423 3796 2589 3878 quod

618 3881 921 3964 praecepi
976 3880 1141 3959 illis,
1208 3884 1390 3961 atque
1450 3881 1641 3946 etiam
1710 3881 1987 3947 tulerunt
2043 3882 2120 3948 de
2180 3880 2585 3961 anathemate,

631 3972 817 4049 atque
859 3966 1046 4032 etiam
1100 3965 1308 4049 furati
1348 3971 1529 4045 sunt,
1585 3971 1768 4050 atque
1820 3968 2016 4033 etiam
2069 3967 2338 4047 mentiti,
2404 3973 2589 4051 atque

631 4054 822 4118 etiam
876 4057 1284 4135 reposuerunt
1321 4051 1396 4116 in
1435 4072 1592 4118 vasa
1633 4073 1774 4119 sua.
1868 4052 1970 4119 12.
2034 4053 2261 4135 Itaque
2314 4073 2439 4119 non
2470 4073 2586 4137 po-

632 4143 883 4204 tuerunt
911 4137 1039 4219 filii
1062 4137 1275 4203 Israel
1305 4142 1475 4204 stare
1505 4157 1715 4204 coram
1757 4138 2039 4205 inionicis
2080 4140 2256 4204 suis.-
2297 4139 2588 4206 cervicem

629 4227 861 4289 vertent
901 4242 1109 4289 coram
1148 4223 1432 4290 inimicis
1473 4227 1614 4291 suis
1628 4270 1644 4303 ,
1698 4226 1856 4307 quia
1905 4231 2055 4291 sunt
2109 4225 2180 4290 in
2237 4222 2587 4307 anathema,

630 4329 754 4374 non
782 4307 1191 4390 perseverabo
1233 4327 1364 4374 esse
1403 4308 1734 4391 vobiscum,
1778 4311 1912 4377 nisi
1951 4310 2212 4376 deleatis
2250 4310 2588 4378 anathema

632 4415 665 4459 e
721 4394 925 4460 medio
977 4394 1186 4460 vestri.
1280 4394 1381 4460 13.
1452 4393 1681 4480 Surye,
1746 4395 2072 4478 sanctifica
2122 4395 2465 4479 populum,
2532 4403 2590 4464 et

630 4480 846 4546 dicas.-
906 4478 1303 4560 Sanctificate
1356 4499 1465 4546 vos
1520 4482 1592 4547 in
1654 4482 2035 4549 crastinum.-
2095 4483 2190 4549 sic
2231 4483 2396 4548 enim
2436 4484 2591 4550 dicit

632 4565 864 4635 Iekova
888 4563 1067 4631 Deus
1089 4564 1335 4631 Israel.-
1378 4566 1734 4633 Anatkema
1762 4573 1856 4634 est
1886 4568 1959 4633 in
1990 4568 2192 4634 melio
2226 4569 2325 4634 tui
2346 4569 2589 4637 Israel.-

629 4672 755 4717 που
786 4652 1026 4732 poteris
1068 4655 1238 4718 stare
1279 4671 1488 4717 coram
1531 4653 1814 4720 inimicis
1855 4653 1987 4718 tuis
2001 4705 2019 4737 ,
2079 4654 2263 4721 donec
2319 4654 2587 4721 abstule-

631 4738 785 4804 ritis
835 4736 1170 4837 anathema
1227 4757 1259 4802 e
1316 4737 1518 4803 medio
1579 4741 1787 4838 vestri:
1895 4738 1994 4805 14.
2059 4740 2384 4807 Accedetis
2446 4762 2588 4826 erqo

631 4822 1647 4992 ’ἴᾶἶέἰωαεᾚωθῗὲἷὴῶ
1664 4823 2589 4995 fwffiffiwm

630 4993 1835 5077 hendetlehovaacoedetperdonws:
1891 4997 2589 5082 etdomusquamde-

620 5081 959 5164 prehendet
1015 5080 1243 5148 Iehova
1299 5080 1538 5148 accedet
1576 5103 1697 5164 per
1752 5083 1945 5148 viros.
2037 5082 2136 5149 15.
2201 5084 2327 5166 Qui
2378 5090 2588 5151 autem

630 5166 1043 5249 deprehensus
1070 5168 1272 5251 fuerit
1302 5169 1371 5233 in
1394 5166 1796 5247 anathemate,
1833 5166 2217 5235 comburetur
2250 5170 2405 5254 iyni,
2428 5173 2585 5255 ipse,

631 5258 689 5317 et
745 5253 958 5318 omnia
1015 5273 1175 5334 quae
1235 5254 1373 5320 eius
1430 5259 1611 5320 eunt.-
1671 5254 1835 5338 quod
1897 5260 2331 5339 transyressus
2391 5256 2590 5339 fuerit

615 5342 879 5419 pactum
944 5336 1233 5419 Iehovae,
1316 5344 1373 5405 et
1446 5341 1612 5423 quod
1684 5340 1898 5424 fecerit
1972 5343 2155 5424 nefas
2217 5343 2289 5406 in
2351 5342 2583 5412 Israel.

1801 428 2547 497 COMMENTARIUS
2592 428 2693 496 IN
2736 425 3023 495 IOSUE
3070 428 3269 495 GAP.
3316 429 3473 495 VII.

2669 703 3482 786 partribussms,et

4506 429 4636 494 476

2685 616 2782 682 16.
2834 614 3131 683 Surrexit
3160 619 3372 699 itaque
3392 617 3580 685 Iosue
3611 638 3813 702 mane,
3858 622 3919 684 et
3948 619 4227 686 accedere
4256 618 4406 701 fecit
4423 618 4638 685 Israel

3557 703 3934 786 deprehensa
4009 710 4099 772 eet
4170 705 4375 771 tribus
4441 701 4632 771 Iuda.

2684 790 2785 854 17.
2852 788 3028 856 Tunc
3069 790 3382 872 applicuit
3434 791 3820 874 comatam
3864 790 4071 871 Iuda,
4123 796 4183 856 et
4237 790 4639 873 deprehendit

2679 876 3094 958 coquationem
3129 875 3311 955 Ζηνί,
3357 876 3665 960 applicuit
3703 877 3927 943 deinde
3955 876 4283 960 familiam
4317 876 4484 942 Zari
4514 896 4638 958 per

2679 962 2870 1039 viros,
2914 965 2974 1026 et
3004 961 3381 1043 deprehensa
3423 966 3513 1027 est
3550 962 3810 1045 familia
3847 962 4070 1029 Zabdi.
4155 963 4254 1029 18.
4299 961 4392 1027 Et
4508 962 4639 1045 pli-

2680 1048 2810 1112 cuit
2849 1048 3102 1114 domum
3143 1048 3437 1130 eiueper
3478 1049 3683 1124 viros,
3726 1047 4368 1130 etdeprelaensusest
4479 1048 4638 1115 cham

2675 1132 2854 1216 filius
2902 1131 3181 1215 Ghami,
3219 1131 3349 1214 filii
3394 1133 3616 1215 Zabdi,
3653 1135 3783 1217 filii
3827 1134 4014 1219 Zera,
4059 1136 4137 1201 de
4168 1133 4339 1200 tribu
4384 1135 4575 1201 Iuda.

2855 1304 2956 1369 10.
3010 1305 3186 1371 Tunc
3226 1305 3410 1371 discit.
3498 1305 3564 1370 N
3564 1324 3649 1371 on
3693 1305 4119 1388 reprehendit
4158 1305 4343 1372 Deus
4387 1304 4640 1388 simpli-

2681 1390 2865 1469 citer,
2908 1388 3078 1474 quod
3115 1391 3310 1457 Iosue
3356 1390 3542 1457 humi
3585 1401 3953 1474 prostratus
3997 1391 4340 1459 defleverit
4381 1390 4638 1458 cladem

2683 1476 2939 1560 populi:
3004 1476 3265 1559 quando
3307 1476 3472 1544 hoec
3514 1478 3684 1542 ratio
3728 1477 3851 1544 fuit
3894 1478 4342 1563 immtrandae
4386 1478 4641 1556 veniae,

2682 1560 3063 1646 suppliciter
3118 1562 3457 1646 procidere
3513 1583 3737 1630 coram
3780 1584 3892 1645 eo,
3942 1565 4059 1631 sed
4101 1563 4274 1648 quod
4315 1565 4642 1646 intempe-

2682 1657 2909 1713 ranter
2950 1668 3022 1714 se
3063 1648 3346 1714 moerori
3390 1647 3733 1715 dediderit.
3827 1648 4221 1734 Quanquam
4265 1649 4638 1734 obiurgatio

2685 1735 2766 1799 ad
2822 1735 3121 1800 futurum
3187 1734 3398 1818 magis
3468 1755 3666 1818 quam
3733 1736 3817 1801 ad
3885 1736 4308 1820 praeteritum
4374 1746 4641 1818 tempus

2684 1820 2913 1886 referri
2973 1819 3195 1886 debet:
3254 1820 3412 1903 quia
3464 1821 3645 1888 iubet
3699 1822 3913 1889 facere
3956 1822 4226 1907 lugendi
4267 1822 4470 1887 finem
4488 1870 4505 1902 ,
4566 1841 4642 1886 ac

2685 1907 2743 1972 si
2786 1905 3057 1985 diceret,
3119 1907 3280 1973 satis
3333 1926 3657 1992 superque
3711 1908 3987 1974 iacuisse
4031 1917 4431 1992 prostratum
4448 1956 4466 1987 ,
4509 1906 4642 1971 tol·

2684 1991 2946 2057 leudam
2999 2011 3143 2058 esse
3201 1990 3552 2073 desidiam,
3612 1994 3765 2078 quia
3818 1994 3948 2060 alio
3991 1993 4283 2060 remedio
4325 1993 4414 2060 sit
4454 2013 4640 2075 opus.

2687 2076 2823 2146 Sed
2859 2077 3040 2162 prius
3075 2087 3342 2144 ostensa
3374 2078 3531 2145 mali
3566 2100 3782 2160 causa,
3824 2079 4145 2147 rationem
4183 2080 4324 2146 eius
4366 2075 4643 2144 tollendi

2686 2164 3091 2248 praescribit.
3176 2163 3551 2230 Infaustum
3604 2186 3763 2251 ergo
3806 2165 4039 2252 praelii
4081 2175 4393 2231 eventum
4436 2164 4644 2230 fuisse

2690 2250 2998 2317 admonet
3013 2298 3031 2333 ,
3091 2250 3244 2333 quia
3287 2249 3531 2317 scelere
3574 2252 3802 2336 populi
3845 2252 4135 2319 offensus
4151 2302 4168 2331 ,
4226 2251 4369 2317 eius
4415 2249 4644 2316 defen·

2688 2337 2939 2402 sionem
2984 2335 3312 2402 abiecerit.
3401 2336 3712 2404 Diximus
3754 2347 3909 2404 ante
3925 2389 3941 2420 ,
3985 2359 4102 2405 cur
4142 2337 4395 2423 privati
4436 2335 4644 2402 sacri-

2687 2420 2849 2522 legii
2882 2442 3159 2505 poenam
3196 2422 3270 2486 in
3299 2442 3527 2489 omnes
3562 2424 4021 2490 transscribat:
4068 2425 4220 2507 quia
4262 2423 4388 2490 etsi
4422 2442 4546 2488 suo
4581 2428 4649 2486 et

2690 2508 2971 2574 aliorum
3013 2506 3252 2573 iudicio
3297 2508 3392 2574 rei
3436 2529 3569 2574 non
3613 2511 4024 2588 tenebantur,
4068 2509 4381 2577 iudicium
4416 2516 4646 2574 tamen

2689 2594 2818 2660 Dei
2842 2594 3057 2678 quoin
3090 2591 3368 2659 eandem
3401 2593 3599 2660 simul
3632 2597 3909 2663 coniecti
3943 2604 4098 2663 sunt
4132 2593 4645 2672 damnationem,

2689 2681 2978 2746 occultas
3022 2678 3256 2746 habuit
3299 2680 3587 2747 rationes
3602 2732 3618 2760 ,
3664 2680 3745 2749 de
3787 2682 4025 2767 quibus
4067 2683 4193 2748 etsi
4234 2682 4406 2747 forte
4447 2679 4649 2747 liceat

2690 2765 2904 2833 sobrie
2969 2765 3286 2833 sciscitari
3299 2814 3316 2846 ,
3378 2767 3696 2834 curiosius
3751 2776 3975 2834 tamen
4030 2768 4479 2852 pervestigare
4545 2766 4648 2832 fas

2691 2873 2824 2920 non
2861 2856 2980 2918 est.
3046 2852 3303 2917 Rarum
3339 2860 3563 2918 tamen
3597 2852 3985 2920 clementiae
4029 2853 4423 2938 exemplum,
4469 2850 4648 2937 quod

2693 2937 3181 3004 damnationem
3223 2958 3335 3003 ore
3377 2946 3573 3005 tenus
3638 2939 3720 3006 ad
3778 2961 4004 3007 omnes
4058 2940 4451 3019 extendens,
4510 2958 4647 3003 non

2693 3024 2824 3091 nisi
2885 3024 2960 3089 in
3014 3044 3217 3089 unam
3270 3022 3563 3106 domum,
3631 3046 3799 3108 quae
3857 3024 4115 3111 piaculo
4169 3024 4429 3092 foedata
4480 3030 4646 3103 erat,

2692 3110 3178 3177 animadvertit.
3266 3109 3459 3192 Quae
3513 3121 3880 3194 sequuntur
3931 3112 4012 3178 ad
4059 3111 4312 3178 crimen
4355 3130 4647 3195 exagge-

2690 3196 2971 3263 randum
3015 3197 3271 3262 valent:
3316 3204 3512 3280 atque
3554 3195 3701 3262 ideo
3741 3196 4063 3281 particula
4106 3211 4181 3266 ω
4220 3217 4357 3262 non
4400 3196 4647 3280 absque

2693 3282 3111 3350 vehementia
3153 3281 3350 3348 toties
3394 3284 3750 3367 repetitur:
3809 3284 3961 3367 quia
4002 3283 4249 3368 alioqui
4291 3291 4647 3348 extenuas—

2690 3376 2840 3435 sent
2895 3369 3189 3435 criminis
3246 3367 3675 3434 atrocitatem.
3764 3371 3946 3453 Ergo
4008 3370 4124 3437 ubi
4188 3369 4375 3447 dicit,
4443 3369 4646 3433 etiam

2691 3464 3136 3539 transgressos
3174 3474 3317 3520 esse
3351 3465 3639 3537 pactum,
3682 3455 4016 3540 significat
4050 3476 4183 3521 non
4217 3454 4456 3520 leviter
4490 3451 4645 3519 deli·

2690 3540 2933 3624 quisse.
3029 3539 3130 3607 Ac
3185 3548 3451 3624 pactum
3512 3540 3810 3606 nominat
3871 3540 4381 3625 prohibitionem
4449 3558 4647 3624 quam

2691 3626 3011 3694 vidimus:
3056 3627 3213 3711 quia
3254 3635 3486 3692 mutua
3527 3625 3950 3711 stipulatione
3994 3627 4326 3706 adhibita,
4369 3634 4449 3692 ut
4490 3646 4648 3693 suae

2692 3721 2914 3779 essent
2953 3712 3282 3796 primitiae
3298 3762 3315 3791 ‚
3372 3710 3579 3777 totius
3623 3720 3837 3779 terrae
3880 3712 4087 3798 spolia
4128 3712 4456 3779 Israelitis
4498 3732 4644 3796 per·

2692 3798 2980 3865 miserat.
3048 3797 3279 3881 Itaque
3320 3817 3453 3862 non
3497 3797 3810 3883 intelligit
3848 3807 4112 3883 pactum
4155 3797 4487 3884 generale,
4533 3795 4646 3864 sed

2693 3885 2768 3949 in
2789 3882 3208 3950 anathemate
3244 3904 3315 3950 se
3348 3883 3727 3949 fraudatum
3761 3906 3905 3950 esse
3926 3884 4380 3970 conqueritur:
4427 3904 4648 3967 quem·

2693 3968 3045 4036 admodum
3110 3971 3423 4037 continuo
3476 3976 3627 4052 post
3679 3969 4054 4054 explicandi
4110 3990 4310 4037 causa
4362 3970 4646 4049 subiicit,

2696 4057 2893 4123 etiam
2937 4054 3020 4122 de
3064 4054 3483 4122 anathemate
3525 4056 3784 4122 tulisse:
3826 4055 4031 4141 'idque
4072 4077 4206 4122 non
4251 4057 4499 4140 absque
4542 4075 4646 4121 sa·

2694 4142 2992 4227 crilegio,
3060 4140 3219 4207 dum
3274 4141 3476 4206 furati
3528 4151 3686 4208 sunt
3738 4141 3916 4226 quod
3972 4142 4100 4210 sibi
4154 4141 4644 4210 vendicaverat.

2695 4227 3061 4295 Mentiendi
3118 4226 3397 4294 verbum
3459 4247 3578 4309 pro
3641 4228 3947 4294 frustrari
4010 4248 4195 4312 spem
4259 4236 4645 4311 conceptam

2693 4314 3011 4399 accipitur
3028 4366 3043 4395 ,
3098 4313 3205 4380 vel
3262 4333 3381 4399 pro
3435 4312 3692 4393 fallere,
3753 4323 3828 4379 ut
3882 4316 4148 4398 passim.
4249 4314 4642 4380 Extremum

2693 4408 2815 4480 est,
2858 4400 3029 4485 quod
3063 4401 3330 4467 tametsi
3362 4400 3576 4484 primo
3610 4399 3858 4465 intuitu
3902 4400 4048 4466 leve
4080 4400 4276 4466 multi
4310 4400 4645 4480 ducerent,

2694 4508 2824 4553 non
2861 4497 3085 4553 tamen
3122 4486 3239 4552 abs
3273 4506 3345 4551 re
3385 4486 3653 4568 ponitur
3688 4494 3998 4569 tanquam
4033 4485 4302 4553 sceleris
4323 4487 4645 4564 cumulus,

2693 4571 2866 4657 quod
2898 4574 2969 4638 in
3006 4592 3235 4638 eorum
3270 4574 3448 4638 vasis
3480 4569 3888 4639 reconditum
3912 4573 4002 4639 sit
4033 4571 4404 4639 anathema.
4470 4571 4643 4639 Nam

2691 4670 2868 4726 certe
2933 4657 3104 4725 lucri
3182 4655 3507 4740 cupiditas
3570 4657 3910 4723 interdum
3971 4678 4082 4724 eos
4159 4658 4472 4724 sollicitat
4533 4657 4643 4742 qui

2692 4745 2931 4828 alioqui
2990 4765 3122 4809 non
3178 4763 3449 4827 prorsus
3503 4754 3656 4811 sunt
3712 4744 4021 4827 imProbi:
4080 4745 4152 4809 in
4210 4743 4644 4811 occultatione

2693 4851 2849 4897 vero
2912 4837 2980 4895 et
3035 4828 3330 4896 custodia
3392 4831 3605 4914 magis
3658 4850 3729 4895 se
3796 4829 4013 4914 prodit
4076 4829 4461 4910 obstinatio,
4534 4829 4642 4897 ubi

2691 4915 3000 4982 maleficii
3042 4927 3234 4981 autor
3276 4913 3458 4980 nulla
3501 4915 3904 4998 poenitentia
3936 4917 4252 5001 tangitur.
4329 4917 4644 4983 Proximo

2693 5023 2891 5069 versu
2945 5022 3185 5067 nomen
3259 5002 3699 5068 anathematis
3762 5001 4048 5068 sumitur
4112 5001 4375 5069 diverso
4443 5023 4643 5071 sensu

2690 5109 2812 5172 pro
2856 5088 3334 5155 exsecratione:
3398 5086 3555 5171 quia
3616 5095 3888 5173 propter
3952 5109 4188 5154 aurum
4254 5089 4640 5173 subreptum

2692 5173 3025 5241 maledicti
3082 5181 3274 5239 erant
3331 5173 3449 5239 filii
3494 5172 3733 5251 Israel,
3795 5182 3862 5239 et
3903 5194 4106 5259 prope
4151 5173 4354 5241 exitio
4398 5174 4638 5242 devoti.

2866 5260 2969 5325 13.
3019 5258 3248 5344 Sume,
3291 5260 3613 5341 sanctifica
3645 5259 3970 5343 populum.
4060 5259 4457 5343 Quanquam
4499 5282 4642 5328 ver·

2692 5347 2851 5414 bum
2894 5360 3039 5439 1:7¹2?
3078 5346 3273 5412 latius
3315 5353 3528 5429 patet:
3574 5347 3729 5430 quia
3772 5353 3995 5413 tamen
4040 5346 4122 5411 de
4162 5346 4489 5430 expiando
4531 5366 4641 5432 po-
