5017 6142
452 419 541 485 81
1852 412 2208 482 REDI'I'U
2212 412 2264 479 8
2310 412 2438 479 AD
2483 411 3031 481 HISTORIAM.
4356 412 4442 479 82

465 607 589 675 sibi
625 606 772 672 vult
804 604 998 685 istud,
1041 606 1217 671 Deos
1251 603 1557 673 fabricari
1591 602 1703 687 qui
1742 602 1920 685 ipsos
1963 599 2396 683 praecedant?

461 696 710 761 Annon
745 690 1098 759 cernebant
1131 690 1505 756 columnam
1539 691 1713 773 ignis
1747 694 1816 753 et
1849 684 2139 751 nubem?
2181 707 2398 753 annon

461 781 533 846 in
575 798 820 843 manna
863 776 1152 860 quotidie
1192 777 1352 843 satis
1395 776 1749 860 conspicua
1790 781 1935 838 erat
1977 781 2253 855 paterna
2275 772 2402 838 Dei

462 862 832 933 sollicitudo
846 862 879 927 ⁴?
916 883 1137 928 annon
1158 862 1558 946 propinquus
1580 867 1724 927 erat
1743 857 2108 923 innumeris
2142 856 2397 923 modis?

464 951 669 1034 Atqui
714 956 810 1015 tot
855 948 1062 1028 veris,
1105 949 1299 1014 certis
1340 956 1408 1012 et
1451 946 1643 1013 claris
1686 943 2096 1030 praesentiae
2137 943 2264 1009 Dei
2299 944 2400 1007 in-

464 1036 762 1122 signibus
815 1054 939 1118 pre
994 1032 1206 1100 nihilo
1260 1032 1499 1112 ductis,
1553 1034 1833 1115 figuram
1878 1036 2196 1113 appetunt
2237 1050 2401 1112 quae

463 1124 760 1206 ipsorum
794 1120 1073 1186 vanitati
1106 1118 1517 1203 respondeat.
1589 1119 1809 1201 Atque
1845 1115 2008 1181 haee
2030 1115 2240 1198 prima
2274 1114 2402 1179 fuit

462 1205 871 1274 idololatriae
926 1206 1143 1289 origo:
1196 1202 1366 1288 quod
1422 1204 1719 1269 homines
1776 1222 1906 1269 non
1967 1209 2284 1283 putarunt
2329 1219 2400 1265 se

465 1293 659 1359 aliter
690 1290 837 1358 Deo
879 1292 1094 1376 potiri,
1139 1291 1269 1355 nisi
1311 1311 1461 1356 eum
1507 1310 1666 1355 suae
1699 1286 2155 1371 imaginationi
2197 1284 2400 1351 subii-

465 1389 709 1447 cerent.
753 1376 960 1460 Atqui
989 1376 1153 1441 nihil
1177 1376 1387 1460 magis
1421 1380 1931 1459 praeposterum.
1991 1372 2161 1437 Nam
2197 1392 2401 1455 quum

463 1464 665 1549 longe
727 1463 903 1529 infra
972 1463 1102 1529 Dei
1170 1460 1583 1528 altitudinem
1655 1457 2004 1526 subsidant
2058 1456 2402 1523 hominum

467 1556 723 1617 mentes
778 1558 845 1614 et
904 1569 1131 1615 omnes
1186 1568 1449 1625 sensus,
1510 1546 1620 1612 ubi
1678 1566 1830 1611 eum
1882 1564 2116 1627 capere
2171 1541 2403 1610 volunt

466 1655 588 1702 suo
654 1633 953 1712 medule,
1021 1634 1531 1717 transfigurant:
1596 1630 1875 1714 denique
1940 1628 2254 1713 quidquid
2321 1628 2403 1694 de

466 1724 612 1805 ipso
667 1720 951 1804 concipit
996 1719 1284 1785 hominis
1326 1718 1700 1803 ingenium,
1751 1736 1934 1782 mera
1986 1720 2088 1781 est
2130 1714 2400 1780 falsitas.

471 1808 561 1874 Et
605 1814 831 1871 tamen
866 1806 983 1871 vix
1016 1805 1308 1872 cohiberi
1352 1812 1565 1888 potest
1608 1823 1811 1886 prava
1855 1801 2018 1867 haec
2060 1799 2407 1885 cupiditas,

466 1892 631 1959 adeo
688 1891 995 1957 ardenter
1051 1889 1299 1956 ebullit.
1390 1888 1664 1956 Accedit
1713 1886 2019 1971 superbia
2078 1896 2144 1951 et
2204 1894 2404 1951 teme-

468 1978 652 2057 ritas,
689 1977 861 2061 quod
885 1977 1027 2043 eius
1049 1975 1323 2061 gloriam
1360 1976 1549 2059 quasi
1589 1996 1630 2040 a
1662 1973 1841 2040 coelo
1878 1972 2238 2038 detractam
2271 1979 2406 2037 ter-

467 2064 650 2131 renis
685 2062 1028 2129 elementis
1072 2061 1391 2128 subiicere
1435 2082 1569 2127 non
1603 2059 1924 2125 dubitant.
1986 2058 2183 2124 Nunc
2224 2066 2407 2123 tene-

470 2171 624 2216 mus
666 2147 823 2233 quid
856 2148 1192 2213 Israelitas
1234 2148 1521 2213 maxime
1565 2146 1649 2211 ad
1691 2145 1862 2212 hanc
1909 2144 2247 2211 vesaniam
2289 2143 2406 2207 im-

471 2235 718 2320 pulerit
737 2282 753 2314 ,
797 2241 874 2299 ut
919 2232 1043 2299 Dei
1087 2234 1370 2317 figuram
1413 2253 1632 2299 eoram
1676 2253 1748 2298 se
1788 2230 1989 2296 statui
2031 2238 2410 2313 poscerent:

472 2322 631 2406 quia
686 2318 936 2387 scilicet
992 2339 1112 2385 suo
1168 2339 1367 2385 sensu
1425 2338 1573 2384 eum
1640 2317 2096 2383 metiebantur.
2199 2315 2412 2391 Mirus

475 2428 634 2475 vero
703 2415 964 2488 stupor,
1026 2403 1198 2488 quod
1258 2403 1454 2470 deum
1520 2403 1663 2469 fieri
1719 2401 1956 2469 volunt
2010 2402 2092 2467 ab
2150 2400 2411 2466 homine

475 2491 776 2559 mortali:
842 2490 1029 2574 quasi
1069 2490 1227 2556 deus
1270 2490 1375 2570 sit,
1421 2498 1534 2553 aut
1575 2488 1824 2556 censeri
1860 2486 2094 2552 debeat
2136 2485 2251 2569 qui
2293 2504 2412 2568 pro

479 2578 770 2646 hominis
838 2576 1108 2642 arbitrio
1166 2574 1580 2643 divinitatem
1641 2573 2081 2655 consequitur.
2186 2572 2414 2655 Neque

477 2673 700 2730 tamen
749 2662 1084 2746 probabile
1146 2669 1248 2727 est
1298 2668 1437 2727 tam
1494 2681 1747 2727 crassos
1804 2659 2006 2725 fuisse
2050 2666 2128 2723 ut
2169 2657 2415 2725 vellent

478 2749 675 2817 deum
741 2769 989 2815 novum
1053 2745 1177 2812 sibi
1251 2747 1480 2813 creari.
1584 2745 1718 2814 Sed
1772 2765 1890 2829 per
1945 2743 2412 2828 metonymiam

480 2836 639 2903 dees
685 2844 921 2901 vocant
961 2844 1270 2901 externas
1313 2832 1654 2916 imagines,
1696 2852 1781 2897 ex
1823 2851 2101 2915 quarum
2148 2836 2416 2913 aspectu

478 2921 804 3006 eolligunt
852 2918 1290 3002 superstitiosi
1340 2919 1558 2984 Deum
1602 2918 1727 2984 sibi
1770 2937 1914 2983 esse
1956 2916 2412 3001 propinquum.

484 3010 703 3091 Atque
746 3006 816 3072 id
860 3012 1132 3089 apparet
1188 3024 1274 3069 ex
1330 3003 1568 3087 plurali
1622 3009 1781 3083 [non
1825 3013 2087 3068 tantum
2133 3000 2415 3067 neminis

482 3093 601 3161 sed
629 3093 840 3171 verbi]
888 3108 1192 3157 numero:
1239 3091 1393 3173 quia
1428 3089 1688 3154 tametsi
1713 3110 1842 3154 uno
1864 3088 2008 3154 Deo
2031 3095 2223 3153 erant
2264 3106 2418 3152 eon-

482 3180 678 3258 tenti,
758 3198 873 3262 pro
943 3178 1283 3260 signorum
1340 3176 1659 3247 varietate
1726 3195 1875 3240 eum
1942 3171 2417 3257 quodammodo

480 3266 551 3330 in
607 3271 831 3349 partes
879 3262 1204 3329 scindunt.
1294 3260 1648 3327 Caeterum
1692 3260 2184 3343 quibuscunque
2227 3258 2414 3323 falla-

482 3351 601 3419 ciis
635 3371 706 3417 se
741 3348 1085 3431 decipiant,
1122 3346 1247 3412 boc
1294 3347 1397 3412 vel
1431 3345 1598 3411 illud
1634 3343 1956 3429 fingend0,
2002 3346 2233 3411 volunt
2275 3364 2417 3410 esse

478 3436 609 3502 Dei
660 3443 1004 3503 creatores.
1085 3433 1167 3497 In
1202 3432 1401 3499 verbo
1444 3431 1778 3496 'Pardandi
1820 3431 1932 3514 qui
1975 3430 2417 3496 confusionem

480 3522 699 3587 notari
734 3527 973 3604 putant
1005 3517 1179 3605 (meo
1213 3517 1477 3605 iudicio)
1497 3516 2004 3583 hallucinantur.
2073 3515 2219 3581 Etsi
2243 3516 2418 3581 enim

479 3620 645 3676 mvn
697 3604 1100 3689 duplicatum
1125 3625 1163 3670 a
1200 3617 1326 3672 mn
1361 3602 1715 3683 deseendit,
1750 3601 1918 3684 quod
1955 3611 2053 3668 est
2086 3601 2418 3684 pudefieri,

478 3700 667 3777 patet
701 3700 920 3757 tamen
958 3711 1042 3754 ex
1078 3689 1139 3755 5.
1165 3690 1374 3772 eapite
1397 3688 1716 3767 Iudicum,
1763 3689 1866 3755 28.
1892 3687 2277 3772 simpliciter
2311 3707 2420 3752 ac-

478 3778 611 3863 cipi
657 3798 775 3861 pro
820 3776 1069 3842 Morari
1107 3775 1221 3841 ubi
1264 3775 1547 3840 refertur
1589 3795 1804 3841 sermo
1846 3775 2080 3839 matris
2124 3773 2417 3839 Siserae:

479 3864 705 3947 Quare
770 3873 1071 3928 moratur
1133 3860 1267 3949 (vel
1333 3859 1577 3948 differt)
1638 3860 1870 3926 venire
1934 3879 2167 3925 currus
2231 3857 2417 3924 eius?

479 3952 835 4018 Caeterum
912 3947 1069 4015 hinc
1145 3966 1534 4029 cognoscere
1611 3945 1793 4024 lieet,
1873 3945 2247 4030 hypocritas
2324 3944 2419 4010 sic

478 4037 701 4103 Deum
759 4034 996 4099 timere
1046 4043 1120 4098 ut
1168 4042 1520 4103 evanescat
1576 4053 1661 4097 ex
1705 4051 1926 4097 eorum
1969 4028 2270 4096 cordibus
2315 4050 2418 4094 re-

478 4122 670 4207 ligio:
717 4120 842 4187 nisi
878 4117 1051 4184 adsit
1093 4128 1358 4185 exactor
1392 4120 1505 4201 001
1540 4137 1652 4183 000
1694 4118 1766 4182 111
1811 4116 2026 4182 officio
2071 4115 2417 4183 contineat.

478 4209 689 4274 Recte
725 4205 899 4275 Mosi
944 4204 1501 4289 obtemperabant,
1551 4205 1816 4287 eiusque
1861 4201 2117 4269 vultum
2162 4222 2419 4268 revere-

480 4294 758 4361 bantur:
817 4290 935 4358 sed
978 4291 1132 4375 quia
1171 4298 1432 4355 tantum
1479 4290 1664 4355 affixi
1707 4297 1897 4355 erant
1939 4289 2079 4354 eius
2114 4308 2421 4371 praesen-

482 4380 646 4459 tiae,
702 4398 779 4443 ea
834 4376 1073 4461 privati
1122 4374 1339 4440 Deum
1395 4376 1629 4440 timere
1696 4375 2026 4441 desinunt.
2115 4375 2231 4440 Sic
2270 4375 2422 4440 vivo

483 4463 714 4547 Iosue,
754 4462 1030 4546 aliisque
1074 4461 1318 4527 sanetis
1352 4461 1701 4539 iudicibus,
1747 4461 1874 4526 visi
1916 4467 2073 4527 sunt
2110 4460 2420 4543 pietatem

487 4550 767 4617 fideliter
809 4548 1054 4615 colere:
1098 4547 1230 4613 illis
1266 4553 1488 4612 autem
1533 4547 1833 4626 mortuis,
1878 4546 1962 4610 ad
1999 4545 2420 4611 defectionem

484 4657 644 4703 mox
692 4634 979 4718 prolapsi
1022 4640 1196 4699 sunt.

659 4722 721 4787 2.
757 4718 1014 4802 Eripite
1043 4719 1322 4784 inaurea
1388 4718 1540 4784 Non
1585 4717 1807 4784 dubito
1842 4717 2002 4800 quin
2044 4718 2259 4782 victus
2300 4718 2423 4781 im-

486 4814 773 4891 portuno
817 4805 1098 4871 elamore
1155 4803 1412 4888 populi,
1472 4802 1963 4888 tergiversando
2014 4801 2184 4867 elabi
2226 4823 2422 4871 eona-

489 4902 597 4959 100
631 4893 735 4958 011.
802 4891 1033 4973 Neque
1066 4897 1288 4955 tamen
1324 4889 1485 4955 haec
1520 4892 1692 4955 iusta
1733 4889 2066 4957 excusatio
2108 4895 2227 4969 est,
2269 4888 2426 4973 quia

490 4978 718 5045 debuit
771 4976 1064 5062 praeciso
1124 4996 1433 5058 responso
1491 4975 1753 5043 00111010
1802 4996 1871 5041 00
1928 4994 2290 5057 opponere,
2356 4984 2425 5042 et

488 5065 725 5130 acriter
780 5062 1011 5130 invehi
1066 5071 1297 5128 contra
1344 5061 1685 5127 scelestam
1730 5060 1854 5127 Dei
1899 5062 2420 5145 abnegationem.

495 5149 571 5217 81
614 5168 853 5216 aurum
895 5147 1023 5213 sibi
1065 5147 1208 5213 dari
1261 5149 1589 5224 iussisset,
1636 5154 1903 5230 sumptu
1945 5147 2197 5213 obiecto
2241 5156 2423 5233 pote-

492 5243 599 5302 rat
649 5255 879 5301 eorum
936 5234 1358 5317 intemperies
1417 5232 1652 5300 sedari.
1754 5231 1886 5299 Sed
1945 5234 2163 5315 aptius
2219 5255 2425 5300 reme-

492 5321 674 5389 dium
724 5322 879 5397 fuit,
938 5320 1194 5403 eripere
1248 5318 1379 5385 illis
1429 5325 1814 5385 ornamenta
1847 5325 1914 5383 et
1956 5318 2232 5400 delitias,
2277 5321 2421 5404 qui-

656 5422 881 5480 Oelm‘ni
905 5436 1092 5492 opera.
1163 5421 1277 5478 Vol.
1314 5419 1505 5478 XXV.

2502 601 2625 668 bus
2703 622 2774 668 se
2837 599 3103 684 spoliari
3167 618 3302 665 non
3370 599 3649 667 libenter
3712 601 4040 667 sustinent
4106 602 4437 670 mulieres.

2503 687 2823 754 Oonsulto
2878 687 3103 768 itaque
3154 705 3295 751 rem
3354 685 3642 752 odiosam
3661 733 3676 763 ,
3734 686 3840 753 vel
3896 688 4164 753 minime
4207 690 4437 754 iucun-

2503 773 2657 839 dam
2685 774 2766 839 ab
2794 772 2927 838 illis
2963 772 3189 854 exigit,
3226 781 3302 837 ut
3337 772 3459 838 hoc
3492 771 3684 838 modo
3719 771 4062 839 scelestum
4090 774 4437 840 eonsilium

2502 857 2864 942 impediat:
2916 857 3030 924 sed
3077 856 3258 922 nullo
3323 856 3662 941 profectu:
3707 859 3861 942 quia
3904 881 4033 925 non
4079 861 4294 926 minor
4336 882 4444 927 su-

2504 944 2910 1029 perstitionis
2965 963 3160 1026 quam
3205 943 3494 1010 libidinis
3536 951 3639 1010 est
3680 943 3968 1029 impetus
4012 945 4094 1011 ad
4140 945 4440 1012 homines

2503 1028 2871 1114 rapiendos.
2959 1030 3162 1109 Forte
3206 1035 3274 1096 et
3329 1029 3747 1095 tabernaculo
3800 1032 4154 1114 prospexit,
4210 1053 4293 1098 ne
4336 1054 4442 1098 sa·-

2501 1117 2627 1183 eril
2817 1136 3057 1181 manus
3093 1113 3176 1180 ad
3211 1114 3580 1198 diripienda
3614 1115 3756 1181 eius
3792 1137 3952 1181 vasa
3994 1116 4443 1186 extenderent.
4523 1166 4534 1173 ‚

2508 1202 2601 1268 Et
2633 1201 2964 1288 probabile
2999 1209 3161 1281 erat,
3202 1202 3259 1266 si
3303 1200 3562 1266 salvum
3596 1209 3911 1281 maneret,
3949 1223 4137 1285 posse
4172 1204 4441 1270 tandem

2504 1289 2651 1353 eius
2679 1288 2923 1354 intuitu
2957 1288 3251 1353 revocari
3287 1285 3370 1352 ad
3406 1306 3637 1351 sanam
3673 1295 3979 1353 mentem.
4045 1286 4235 1355 Adde
4271 1289 4443 1375 quod

2504 1373 2875 1458 largitionis
2933 1394 3144 1456 nuper
3210 1372 3517 1455 profusae
3575 1371 3890 1438 memoria
3945 1382 4202 1456 poterat
4253 1375 4445 1443 ardo-

2506 1480 2648 1524 rem
2702 1480 2931 1526 eorum
2984 1459 3425 1543 restinguere,
3484 1457 3589 1524 vel
3633 1456 3894 1539 sedare,
3937 1481 4021 1525 ne
4065 1482 4135 1526 se
4177 1462 4441 1544 penitus

2507 1545 2959 1611 exhaurirent.
3027 1544 3420 1629 Emphatiee
3454 1542 3640 1623 dixit,
3678 1544 3929 1610 auferte
3973 1547 4234 1612 inaures
4277 1568 4440 1613 uxo·

2506 1631 2691 1697 ribus
2724 1641 2794 1696 et
2827 1631 3069 1707 liberis,
3105 1640 3183 1695 ut
3216 1630 3597 1696 offensionis
3632 1638 3812 1695 metu
3856 1629 4173 1698 desistant
4214 1653 4253 1697 a
4295 1653 4446 1716 pro-

2507 1717 2750 1800 posito:
2833 1717 2944 1782 uia
2978 1714 3219 1782 talibus
3253 1716 3743 1782 oblectamentis
3784 1736 3979 1800 aegre
4022 1717 4263 1783 cedunt
4300 1740 4444 1784 mu-

2509 1802 2719 1868 lieres.
2868 1823 3052 1868 erum
3088 1803 3401 1870 continuo
3445 1813 3589 1884 post
3633 1801 3915 1879 subiicit,
3958 1804 4216 1869 fervore
4259 1804 4444 1870 stulti

2510 1889 2632 1954 zeli
2693 1888 2892 1955 fuisse
2952 1895 3363 1954 excaecatos:
3425 1896 3500 1952 ut
3557 1907 3717 1971 prae
3775 1909 3894 1954 suo
3936 1908 4243 1971 perverso
4287 1898 4443 1957 voto

2510 1975 2736 2040 omnia
2794 1973 3302 2056 vilipenderint:
3361 1981 3559 2056 atque
3614 1974 3712 2038 ita
3769 1973 4063 2041 detracta
4121 1976 4317 2041 fuisse
4361 1998 4444 2041 ex

2510 2060 2779 2127 auribus
2813 2067 3214 2125 ornamenta.
3282 2059 3456 2124 Mira
3487 2058 3794 2126 facilitas:
3832 2080 4043 2144 neque
4080 2060 4146 2126 id
4192 2062 4272 2127 ab
4317 2081 4448 2127 uno

2511 2146 2620 2211 vel
2664 2147 2887 2229 paucis
2931 2165 3073 2211 esse
3118 2145 3382 2226 factum,
3425 2144 3541 2210 sed
3584 2145 3882 2210 certatim
3929 2166 3968 2211 a
4010 2153 4146 2212 toto
4187 2147 4449 2231 populo.

2511 2232 2787 2298 Inaures
2835 2252 2990 2297 vero
3029 2231 3225 2298 hodie
3269 2251 3526 2315 quoque
3570 2231 3652 2296 ab
3696 2228 4145 2298 Orientalibus
4189 2241 4452 2316 gestan-

2512 2325 2645 2396 tur,
2681 2316 2854 2401 00οᾶ
2888 2314 3063 2401 apud
3097 2338 3217 2383 nos
3260 2325 3361 2383 est
3397 2317 3632 2381 rarius.
3695 2316 3902 2382 Porro
3932 2318 3987 2382 si
4026 2318 4099 2382 in
4143 2318 4282 2385 suis
4327 2341 4452 2385 nu-

2516 2404 2619 2486 gis
2662 2410 2797 2468 tam
2838 2403 3092 2487 prodigi
3126 2411 3282 2469 sunt
3323 2402 3642 2468 increduli
3678 2416 3751 2467 ut
3788 2401 4058 2468 fortuito
4101 2412 4168 2469 et
4201 2413 4447 2472 temere

2516 2487 2872 2572 dilapident
2935 2487 3248 2573 quidquid
3294 2498 3395 2554 est
3452 2487 3610 2571 ipsis
3666 2489 4068 2570 pretiosum:
4129 2490 4446 2574 quomodo

2516 2575 2910 2641 excusabilis
2944 2575 3073 2640 erit
3104 2594 3332 2640 eorum
3370 2574 3684 2640 tenacitas
3726 2574 3839 2657 qui
3883 2573 3965 2639 ad
4009 2573 4258 2640 cultum
4305 2578 4448 2641 Deo

2518 2661 2983 2744 praestandum
3041 2660 3332 2744 maligne
3388 2659 3675 2725 restricti
3723 2658 3925 2725 sunt?
4018 2660 4196 2727 Hine
4246 2660 4448 2728 disea-

2520 2767 2669 2812 mus
2723 2768 2933 2830 neque
2985 2745 3187 2813 stulte
3244 2743 3518 2830 perdere
3564 2765 3718 2829 opes
3761 2747 3830 2810 in
3876 2754 4177 2828 sumptus
4219 2767 4449 2829 super-

2520 2852 2791 2913 vacuos,
2837 2839 2902 2897 et
2942 2831 3246 2899 liberales
3287 2852 3428 2898 esse
3471 2830 3583 2898 ubi
3625 2838 3904 2913 oportet:
3950 2833 4331 2915 praesertim
4375 2842 4451 2898 ut

2520 2939 2643 2985 nos
2692 2928 2758 2984 et
2812 2926 3038 2984 nostra
3076 2918 3458 3001 impendere
3499 2917 3716 3001 parati
3758 2916 3995 2997 simus,
4051 2916 4163 2982 ubi
4207 2917 4449 2984 scimus

2522 3012 2779 3071 nostras
2822 3002 3178 3069 oblationes
3221 3003 3487 3087 probari
3531 3010 3598 3068 et
3630 3010 3854 3088 gratas
3896 3023 4039 3068 esse
4073 3002 4234 3070 Deo.

2689 3090 2751 3155 4.
2826 3090 3000 3172 Qua-s·
3062 3091 3292 3170 accepit
3331 3109 3364 3154 c
3401 3109 3613 3154 manu.
3699 3088 4006 3154 Breviter
4069 3089 4452 3173 perstringit

2520 3183 2714 3259 turpe
2760 3183 2828 3240 et
2875 3173 3254 3258 pudendum
3297 3174 3653 3257 flagitium:
3700 3174 3859 3239 satis
3903 3183 4124 3239 tamen
4166 3175 4455 3240 ostendit

2522 3260 2794 3327 Aharon
2831 3262 2925 3326 sie
2959 3281 3209 3326 morem
3248 3260 3529 3343 gessisse
3565 3278 3789 3325 eorum
3835 3258 4061 3339 furori,
4103 3270 4178 3325 ut
4220 3280 4454 3326 sanare

2524 3355 2821 3431 cuperet:
2878 3348 3127 3412 interea
3187 3345 3452 3410 mollem
3498 3345 3703 3410 fuisse
3746 3354 3813 3411 et
3855 3346 4168 3425 11001010,
4217 3354 4296 3411 01
4329 3346 4452 3412 sibi

2524 3441 2823 3499 metuens
2846 3452 2885 3496 a
2907 3431 3214 3510 tumultu,
3254 3450 3642 3498 consensum
3677 3429 4036 3496 simularet.
4106 3430 4245 3497 001
4276 3433 4454 3497 0111111

2523 3541 2656 3586 11011
2707 3519 2889 3585 101101
2946 3518 3014 3583 10
3060 3518 3294 3584 cistam
3339 3516 3623 3600 aliquam
3671 3515 3937 3595 coniici,
3996 3537 4082 3581 ne
4125 3517 4455 3603 sacrilegii

2524 3605 2907 3689 contagione
2965 3624 3038 3670 se
3078 3602 3370 3688 polluat?
3451 3601 3647 3685 Quod
3705 3623 3863 3686 ergo
3919 3603 4199 3686 propriis
4242 3605 4455 3668 mani-

2525 3692 2644 3756 bus
2679 3690 2932 3775 aceipit,
2976 3691 3242 3775 signum
3284 3695 3386 3755 est
3421 3687 3779 3754 effeminati
3822 3695 3890 3753 et
3923 3688 4182 3754 servilis
4218 3690 4456 3754 animi:

2523 3778 2715 3842 sicuti
2784 3776 2953 3860 quod
3009 3777 3189 3842 fusor
3241 3775 3349 3841 vel
3403 3775 3694 3859 sculptor
3752 3773 3942 3840 vituli
3996 3794 4141 3838 esse
4199 3773 4455 3856 dicitur,

2524 3882 2727 3944 quum
2772 3873 2991 3927 tamen
3036 3861 3393 3928 verisimile
3428 3861 3512 3926 sit
3547 3861 3827 3925 artifices
3868 3859 4071 3925 fuisse
4114 3858 4454 3927 adhibitos.

2525 3946 2661 4013 Sed
2715 3948 3010 4014 criminis
3060 3949 3332 4013 infamia
3384 3948 3454 4012 in
3499 3968 3652 4012 eum
3687 3948 3832 4012 iure
3875 3944 4225 4024 confertur,
4272 3946 4457 4013 euius

2522 4035 2915 4116 praecipuus
2962 4043 3107 4099 erat
3149 4042 3370 4113 autor,
3427 4052 3630 4115 quum
3675 4052 3797 4098 sua
3837 4032 4030 4113 culpa
4070 4030 4456 4116 religionem

2523 4129 2592 4185 et
2632 4120 2882 4186 cultum
2925 4120 3056 4186 Dei
3113 4118 3488 4203 prodiderit.
3577 4119 3822 4184 Vocem
3883 4117 4253 4184 hebraicam
4316 4131 4457 4187 ισἻΠ

2525 4205 2637 4272 0111
2689 4206 2971 4290 stylum,
3015 4205 3128 4270 alii
3169 4214 3404 4289 typum
3449 4213 3749 4271 vertunt:
3789 4211 3858 4266 et
3899 4203 4151 4284 priores
4194 4205 4460 4286 quidem

2527 4290 2912 4357 existimant
2944 4291 3176 4357 rudem
3221 4311 3506 4356 massam
3546 4288 3884 4372 sculptura
3923 4287 4270 4354 formatam
4317 4310 4462 4357 esse

2526 4379 2739 4443 instar
2797 4377 3020 4442 vituli:
3081 4377 3473 4460 posteriores
3515 4395 3675 4440 vero
3718 4374 4073 4439 conflatum
4114 4375 4314 4440 fuisse
4356 4378 4459 4442 vi-

2529 4463 2761 4543 tulum,
2806 4470 2884 4528 ut
2925 4474 3098 4529 esset
3130 4484 3292 4546 opus
3326 4461 3550 4528 fusile:
3591 4460 3761 4544 quod
3798 4459 4105 4526 dicimus:
4151 4461 4343 4527 Ietter
4383 4482 4459 4528 en

2527 4549 2779 4614 mousle.
2862 4548 3171 4616 Ridicula
3228 4569 3388 4614 vero
3442 4547 3694 4626 fabula,
3754 4567 3953 4631 quum
4009 4548 4080 4610 in
4126 4545 4458 4612 fornacem

2528 4636 2892 4701 coniectum
2936 4635 3167 4701 fuisset
3208 4656 3461 4716 aurum,
3517 4635 3660 4700 sine
3704 4633 3992 4699 humano
4037 4632 4316 4696 artificio
4358 4633 4462 4698 vi-

2529 4721 2741 4786 tulum
2765 4722 3114 4786 exstitisse.
3176 4719 3309 4786 Sed
3345 4721 3440 4785 ita
3472 4720 3808 4785 licentiose
3829 4717 4057 4783 Iudaei
4104 4716 4241 4782 suis
4286 4738 4453 4783 com-

2530 4806 2771 4873 mentis
2844 4803 3098 4871 ludunt.
3196 4806 3415 4890 Magis
3482 4804 3830 4889 probabilis
3902 4804 4274 4869 coniectura
4345 4811 4462 4884 est,

2528 4892 2801 4957 Aharon
2862 4891 3014 4957 data
3071 4911 3270 4975 opera
3326 4892 3656 4976 quaesisse
3709 4889 4068 4957 remedium
4129 4887 4461 4955 sanandae

2529 4978 2750 5063 populi
2809 4978 3139 5045 vesaniae.
3225 4979 3554 5044 Probrosa
3596 4998 3703 5043 100
3745 4984 3889 5042 0101
3931 4996 4001 5040 00
4041 4982 4460 5056 prosternere

2530 5086 2746 5132 eoram
2791 5064 3016 5143 vitulo,
3061 5065 3128 5130 in
3173 5085 3299 5148 quo
3342 5063 3514 5129 nibil
3557 5070 4067 5129 consentaneum
4114 5059 4217 5125 vel
4263 5061 4460 5127 affine

2531 5157 2674 5217 erat
2716 5151 2843 5216 Dei
2887 5150 3155 5236 gloriae.
3242 5148 3445 5232 quue
3490 5149 3876 5214 nominatim
3923 5145 4057 5208 illis
4100 5146 4462 5227 exprobrat

2527 5236 2847 5321 propheta
2901 5233 3071 5318 quod
3127 5237 3526 5301 mutaverint
3582 5234 3855 5317 gloriam
3913 5250 4098 5295 suam
4145 5228 4296 5316 (hoc
4340 5240 4460 5311 est,

2528 5323 2746 5389 Deum
2783 5322 2853 5387 in
2889 5342 3019 5406 quo
3057 5322 3195 5387 solo
3227 5320 3498 5404 gloriari
3542 5314 3927 5402 debuerant)
3969 5316 4041 5380 in
4085 5316 4465 5383 similitudi·
