5017 6142
412 460 541 528 201

418 649 588 714 citas
622 645 856 712 merito
883 664 1005 711 nos
1032 651 1279 711 terrere
1309 651 1525 728 queat,
1550 642 2072 729 magnitudinem
2101 640 2370 726 gratiae,

418 733 614 801 cuius
668 731 775 799 hic
832 733 909 797 fit
950 730 1196 797 mentio
1212 779 1228 808 ,
1281 730 1468 798 nobis
1525 749 1866 797 occurrere
1918 746 2182 794 necesse
2250 734 2369 807 est,

419 827 501 885 ut
552 837 814 884 omnem
869 816 1210 881 materiam
1268 817 1405 882 irae
1465 816 1591 882 Dei
1646 814 2005 881 absorbeat.
2094 810 2200 878 Ad
2249 812 2372 877 hoc

420 924 677 989 quoque
719 902 978 988 asylum
1019 900 1240 968 David
1283 902 1699 986 confugiens,
1744 920 1863 966 suo
1905 899 2205 983 exemplo
2247 918 2373 963 nos

423 992 614 1056 docet
670 987 991 1072 quomodo
1057 987 1412 1072 superandi
1454 989 1585 1054 sint
1629 1007 1855 1052 omnes
1900 1004 2176 1069 pavores
2233 982 2370 1070 (ΡΒ.

421 1074 653 1163 51,3);
691 1094 919 1140 verum
939 1073 1094 1156 quia
1117 1093 1310 1158 saepe
1343 1073 1539 1157 friget
1568 1073 1849 1155 simplex
1883 1080 1946 1136 et
1979 1070 2152 1135 nuda
2187 1068 2371 1134 boni-

420 1162 581 1228 tatis
607 1159 736 1226 Dei
761 1158 1063 1244 cognitio,
1097 1159 1368 1225 alteram
1392 1159 1706 1224 fulturam
1733 1159 1952 1224 Moses
1982 1154 2266 1239 applicat
2290 1154 2372 1220 ab

421 1246 850 1330 experientia.
939 1244 1244 1329 Ignosce,
1303 1245 1548 1328 inquit,
1601 1244 1792 1310 sicuti
1849 1240 2131 1309 antehac
2178 1242 2371 1305 toties

420 1333 656 1399 fecisti.
715 1329 891 1413 Quia
926 1331 1102 1396 enim
1137 1330 1535 1396 inexhausta
1562 1338 1663 1395 est
1692 1350 1766 1396 ac
1789 1325 2212 1425 infatigabilis
2243 1324 2373 1392 Dei

422 1419 701 1499 bonitas,
737 1435 865 1501 quo
887 1417 1150 1498 saepius
1192 1436 1335 1480 eam
1367 1436 1597 1482 sumus
1616 1415 1900 1499 experti,
1932 1433 2008 1480 eo
2032 1412 2263 1477 fortius
2288 1410 2370 1477 ad

423 1524 570 1570 eam
627 1501 1101 1586 implorandam
1155 1501 1432 1567 animari
1492 1522 1612 1566 nos
1670 1501 1887 1566 decet:
1942 1519 2070 1563 non
2127 1506 2201 1562 ut
2248 1494 2370 1561 dif-

421 1591 710 1655 fluamus
767 1587 847 1653 ad
896 1587 1208 1669 peccandi
1266 1585 1628 1666 licentiam,
1686 1585 1800 1652 sed
1845 1606 1927 1652 ne
1975 1583 2209 1650 obruat
2252 1600 2372 1648 nos

423 1674 795 1758 desperatio
866 1671 976 1738 ubi
1054 1674 1181 1739 Dei
1246 1671 1484 1739 iudicio
1555 1691 1896 1755 urgemur,
1974 1675 2044 1735 et
2111 1668 2371 1752 propria

423 1760 823 1827 conscientia
901 1780 1019 1825 nos
1095 1758 1280 1842 angit
1354 1766 1424 1822 et
1487 1758 1754 1823 cruciat.
1842 1755 2144 1837 Denique
2210 1753 2373 1820 haee

424 1845 617 1912 nobis
651 1846 737 1910 sit
782 1842 998 1910 valida
1041 1843 1492 1910 obtestationis
1527 1842 1788 1926 species,
1833 1843 2051 1908 Deum
2096 1859 2213 1922 per
2254 1858 2373 1904 sua

428 1951 598 2016 quae
652 1930 909 2014 experti
975 1950 1200 1995 sumus
1258 1928 1570 1995 beneficia
1627 1948 1848 2008 orare,
1912 1936 1988 1994 ut
2039 1925 2372 1992 beneficus

422 2036 763 2100 nunquam
805 2035 946 2082 esse
988 2014 1261 2082 desinat.

951 2363 1082 2431 EX
1124 2362 1453 2432 EODEM
1503 2364 1858 2431 OAPITE.

598 2537 701 2605 20.
772 2537 950 2604 Tunc
1000 2536 1166 2602 dveit
1219 2535 1486 2603 Iehova:
1541 2535 1803 2618 Peperci
1852 2538 2190 2604 secundum
2243 2557 2370 2604 ser-

422 2644 663 2691 monem
704 2627 898 2689 mum.
987 2621 1092 2688 21.
1170 2621 1601 2688 Verumtamen
1642 2622 1782 2687 vivo
1825 2644 1958 2707 eqo,
2017 2628 2073 2689 et
2115 2622 2372 2707 replebit

414 2710 624 2796 yloria
654 2728 795 2775 mea
835 2708 1197 2807 aniversae:
1236 2712 1488 2807 terram.
1573 2708 1677 2774 22.
1742 2708 1960 2790 Quoad
1989 2714 2232 2777 cunctos
2261 2708 2370 2774 ho·

414 2815 625 2949 22⁸1?
647 2798 1107 2963 3:⁴21&wa
1120 2793 1487 2957 ἆῖοᾶἒὲηνέο,
1542 2884 1621 2979 et·
1651 2799 2180 2946 iegtwvmntmgae
2207 2816 2368 2980 qffi

416 2969 627 3035 decem
659 2965 912 3044 vicibus,
956 2984 1063 3031 nec
1091 2969 1448 3046 pamenmt
1489 2985 1620 3030 vom
1657 2986 1859 3032 mae.-
1921 2966 2024 3032 23.
2084 2966 2162 3032 Si
2202 2967 2368 3034 mde-

418 3054 575 3120 btmt
624 3056 887 3131 terram,
943 3049 1021 3116 de
1074 3070 1203 3131 qua
1252 3051 1472 3115 iuravi
1512 3050 1807 3132 patribus
1848 3072 2062 3118 eorum
2078 3102 2094 3133 ,
2141 3072 2365 3135 cmm,

416 3141 701 3220 inquam,
736 3138 849 3220 qui
868 3156 968 3201 me
990 3136 1416 3213 irritaverunt,
1448 3156 1570 3202 non
1594 3135 1887 3203 videbunt
1915 3156 2071 3203 eam,
2125 3138 2229 3205 24.
2272 3141 2368 3205 At

414 3219 2367 3306 sewummewmoaleb,eoquodaliusfiaitepirituscwm

416 3330 522 3389 ee,
579 3313 635 3374 et
690 3306 1053 3388 adanplevit
1105 3308 1202 3372 ire
1246 3312 1392 3388 post
1445 3327 1569 3385 me,
1625 3309 1837 3390 speum
1892 3329 2129 3392 quoque
2168 3311 2365 3375 intro-

417 3397 650 3462 ducam
702 3394 774 3460 in
830 3398 1063 3459 terram
1116 3410 1308 3475 quam
1350 3393 1672 3476 inyressus
1716 3399 1830 3473 est,
1886 3399 1944 3460 et
1981 3414 2187 3461 semen
2230 3397 2368 3461 eius

414 3481 798 3546 haereditate
840 3479 1099 3562 accipiet
1138 3498 1292 3544 eam.
1379 3478 1482 3544 25.
1547 3479 1809 3546 Amalec
1849 3485 1906 3545 et
1951 3478 2369 3547 Chanoenaeus

414 3565 660 3632 habitat
709 3567 786 3632 in
844 3564 1040 3631 valle.-
1090 3582 1236 3630 cras
1272 3566 1658 3632 revertimini
1699 3569 1756 3630 et
1782 3564 2259 3647 proficiscimini
2299 3568 2370 3633 in

412 3653 730 3720 deserum:
765 3652 873 3717 via
913 3650 1114 3716 maris
1161 3649 1358 3732 Suph.

593 3822 697 3888 20.
768 3821 1033 3904 Peperci
1130 3821 1472 3886 seeundwm
1565 3842 1918 3889 sermonem
2020 3822 2367 3910 Significat

414 3909 608 3975 Deus
673 3929 833 3992 quos
896 3907 1028 3973 iam
1092 3907 1291 3973 exitio
1356 3906 1697 3975 addixerat
1760 3930 1830 3974 se
1894 3909 2226 3976 remittere
2290 3933 2367 3978 ac

416 3994 668 4061 donare
702 4015 895 4061 servo
929 4013 1046 4058 suo
1092 3993 1271 4059 Mosi.
1357 3993 1554 4060 Unde
1590 3993 1954 4080 colligimus
1988 3997 2143 4079 quid
2194 4016 2233 4061 a
2277 3995 2366 4062 ud

414 4081 644 4147 Deum
719 4081 935 4148 valeat
1008 4080 1261 4162 piorum
1343 4080 1741 4166 deprecatio:
1821 4016 2366 4164 quemadmodlilm

419 4166 661 4233 dicitur
725 4167 794 4233 in
861 4164 1128 4232 Psalmo
1192 4167 1405 4232 facere
1484 4166 1841 4232 secundum
1906 4189 2130 4233 eorum
2196 4167 2365 4235 desi-

417 4252 711 4333 derium,
772 4252 886 4335 qui
931 4252 1145 4334 ipsum
1198 4252 1434 4317 timent
1572 4253 1687 4319 sal.
1747 4252 1903 4335 145,
1958 4252 2085 4341 19).
2172 4253 2366 4322 Ultro

417 4338 684 4424 quidem
729 4339 1015 4404 facturus
1059 4345 1200 4404 erat
1240 4337 1412 4422 quod
1534 4339 1632 4405 esi
1673 4340 2020 4406 concessit:
2079 4341 2195 4406 sed
2238 4361 2365 4424 quo

418 4424 630 4493 simus
673 4422 753 4490 ad
795 4421 1199 4507 precandum
1255 4424 1635 4503 alacriores,
1692 4446 1961 4510 precum
2006 4425 2254 4493 utilitas
2298 4434 2365 4490 et

416 4511 677 4578 fluctus
719 4508 1244 4586 commendatur,
1291 4509 1402 4576 ubi
1445 4512 1837 4593 pronunciat
1883 4511 2068 4578 Deus
2116 4534 2188 4578 se
2231 4533 2362 4576 non

420 4603 687 4662 tantum
746 4616 1036 4662 annuere
1093 4595 1268 4662 votis
1322 4596 1594 4676 nostris,
1650 4597 1763 4662 sed
1819 4598 2015 4663 etiam
2075 4597 2362 4680 obsequi.

418 4681 679 4749 Verum
716 4680 797 4747 de
831 4681 1066 4765 quibus
1109 4689 1468 4746 extremam
1506 4702 1781 4765 poenam
1817 4685 2077 4767 exigere
2113 4684 2367 4765 statuit,

421 4780 491 4835 et
533 4790 693 4851 quos
748 4769 1069 4852 promissa
1111 4766 1515 4832 haereditate
1558 4768 1845 4850 abdicat,
1893 4769 2001 4851 qui
2056 4770 2367 4835 convenit

420 4861 503 4921 ut
577 4868 826 4920 asserat
890 4872 961 4919 se
1027 4852 1157 4917 illis
1231 4853 1641 4936 pepercisse?
1742 4851 2157 4938 Respondeo,
2233 4874 2366 4919 non

419 4940 751 5025 personis,
830 4938 946 5005 sed
1023 4937 1251 5022 generi
1321 4946 1386 5002 et
1449 4939 1801 5006 memoriae
1881 4941 2101 5005 datam
2168 4941 2367 5006 fuisse

421 5026 689 5092 veniam
731 5027 916 5091 cuius
958 5026 1035 5090 fit
1068 5023 1330 5090 mentio.
1378 5023 1545 5089 Nam
1580 5025 1751 5105 quod
1794 5026 2024 5091 mortis
2067 5030 2369 5091 aeternae

422 5119 615 5178 reatu
659 5111 903 5176 solutos
940 5131 1086 5176 esse
1125 5109 1387 5193 quidam
1436 5109 1696 5190 volunt,
1754 5119 1821 5177 et
1863 5111 2004 5176 ideo
2041 5111 2369 5195 placatum

422 5199 627 5264 fuisse
670 5197 800 5262 illis
857 5197 1104 5277 Deum,
1155 5198 1307 5279 quia
1349 5216 1561 5280 poena
1627 5196 1970 5280 temporali
2026 5204 2372 5263 contentus

422 5285 654 5366 fuerit,
734 5291 1027 5350 coactum
1105 5289 1222 5348 est.
1320 5283 1472 5349 Non
1550 5279 1772 5349 dubito
1857 5283 2061 5365 igitur
2136 5283 2372 5350 Mosen

423 5371 630 5437 fuisse
667 5378 937 5435 eatenus
974 5366 1375 5450 exauditum,
1414 5391 1496 5435 ne
1530 5366 1740 5434 deleto
1776 5371 2022 5435 semine
2045 5366 2369 5449 Abrahae,

1841 451 2251 521 REDI'PUS
2297 452 2425 520 AD
2470 451 3014 521 HISTORIAM.

4291 462 4423 529 202

2470 640 2700 708 foedus
2734 643 2861 709 Dei
2906 640 3253 710 excideret.
3312 646 3409 712 Ac
3452 647 3544 713 sic
3588 651 3977 732 temperavit
4020 652 4301 732 veniam,
4347 662 4421 719 ut

2473 737 2772 793 maneret
2846 728 3192 796 incolumis
3277 733 3654 813 posteritas,
3758 734 4111 803 incredulis
4198 748 4420 805 tamen

2474 812 2861 896 rependeret
2927 817 3371 883 contumaciae
3441 819 3824 886 mercedem.
3926 821 4034 887 Ita
4110 824 4420 905 parcendi

2475 899 2643 964 ratio
2703 899 2870 964 nihil
2928 900 3150 983 impiis
3232 902 3666 971 defectoribus
3731 906 4007 988 profuit:
4075 917 4141 973 et
4197 915 4420 977 tamen

2477 984 2653 1051 viam
2701 986 2959 1069 aperuit
3000 985 3083 1051 ad
3128 988 3525 1071 implendam
3567 992 4010 1075 promissionis
4053 994 4272 1062 fidem.

2645 1070 2749 1136 21.
2831 1071 2985 1138 Vivo
3040 1093 3159 1157 eqo.
3247 1074 3521 1141 Certum
3577 1076 3837 1160 quidem
3897 1088 3997 1144 est
4039 1078 4256 1146 Deum
4302 1104 4420 1166 per

2476 1155 2681 1220 vitam
2715 1166 2783 1221 et
2816 1157 3093 1241 gloriam
3136 1181 3324 1225 suam
3368 1162 3603 1228 iurare.
3661 1163 3744 1227 In
3788 1183 3865 1229 eo
3910 1174 4165 1231 tantum
4211 1167 4417 1234 ambi-

2569 1263 2645 1307 us
2704 1248 2806 1307 est
2862 1264 3122 1324 sensus,
3179 1244 3349 1329 quod
3405 1247 3476 1312 in
3527 1250 3876 1331 praeterito
3933 1257 4222 1334 tempore
4279 1255 4419 1336 qui-

2521 1347 2625 1393 am
2669 1336 3010 1411 exponunt
3063 1337 3307 1397 terram
3352 1333 3550 1399 fuisse
3595 1334 3907 1417 repletam
3952 1336 4192 1420 gloria,
4250 1360 4416 1421 quae

2474 1413 2606 1478 iam
2642 1415 2970 1498 patefacta
3012 1415 3224 1481 fuerat
3257 1417 3553 1501 pluribus
3597 1420 3945 1487 miraculis.
4022 1423 4114 1487 Et
4159 1423 4418 1491 videtur

2474 1500 2643 1564 bene
2699 1499 3017 1582 quadrare
3075 1502 3245 1585 quod
3303 1523 3457 1568 mox
3522 1506 3847 1588 sequitur:
3907 1505 4040 1588 Qui
4108 1507 4417 1576 viderunt

2473 1584 2750 1668 gloriam
2807 1605 3054 1666 meam,
3116 1608 3247 1653 non
3307 1588 3617 1656 videbunt
3673 1599 3948 1657 terram:
4006 1592 4129 1659 loci
4193 1602 4415 1660 tamen

2475 1671 3003 1737 circumstantiae
3052 1675 3268 1756 aptius
3326 1681 3429 1740 est
3484 1682 3738 1760 tempus
3797 1678 4120 1745 futurum:
4179 1702 4415 1765 nempe

2476 1763 2553 1821 ut
2605 1755 2789 1822 Deus
2846 1768 3075 1822 testem
3135 1760 3293 1825 citet
3333 1781 3521 1827 suam
3574 1763 3885 1846 gloriam,
3931 1764 4117 1831 cuius
4157 1765 4415 1833 futurus

2476 1849 2621 1908 erat
2665 1851 2964 1908 assertor.
3055 1844 3354 1911 Timebat
3397 1848 3617 1914 Moses
3660 1870 3742 1914 ne
3784 1851 3855 1915 in
3903 1850 4027 1914 Dei
4082 1861 4413 1918 contume-

2475 1928 2631 1992 liam
2677 1937 2743 1993 et
2786 1928 3098 2011 probrum
3143 1930 3517 1998 traheretur
3564 1935 3867 2001 interitus
3921 1936 4176 2019 populi:
4236 1958 4412 2005 nunc

2473 2017 2658 2081 Deus
2692 2013 3111 2081 iureiurando
3152 2020 3539 2100 pronunciat
3570 2041 3639 2085 se
3675 2022 3768 2086 ita
3803 2021 3936 2087 fore
3972 2023 4217 2105 gloriae
4256 2044 4415 2089 suae

2476 2102 2839 2176 vindicem,
2894 2111 2969 2165 ut
3025 2102 3134 2185 qui
3195 2112 3375 2169 tanto
3432 2104 3673 2172 scelere
3730 2118 3886 2172 sunt
3927 2106 4219 2174 obstricti
4259 2129 4415 2192 poc-

2475 2208 2629 2252 nam
2675 2205 2807 2250 non
2851 2185 3187 2272 effugiant.
3274 2188 3491 2270 Negat
3545 2199 3784 2257 terram
3835 2193 4086 2259 visuros
4143 2194 4254 2277 qui
4299 2196 4417 2260 mi-

2475 2272 2716 2353 racula,
2758 2292 3034 2354 quorum
3072 2281 3464 2355 spectatores
3498 2276 3758 2342 fuerant
3802 2287 3869 2343 et
3911 2286 4111 2345 testes
4152 2278 4413 2361 oculati,

2474 2360 2712 2426 clausis
2765 2357 2969 2423 oculis
3022 2359 3525 2441 praeterierant,
3580 2374 3647 2428 et
3698 2362 3918 2427 conati
3971 2363 4236 2429 fuerant
4290 2388 4413 2432 sua

2473 2445 2783 2512 caecitate
2850 2445 3034 2526 quasi
3099 2446 3167 2509 in
3233 2445 3516 2512 nihilum
3582 2447 3894 2532 redigere.
3981 2448 4152 2514 Nam
4209 2471 4411 2533 quum

2473 2538 2572 2596 tot
2614 2529 2823 2613 signis
2859 2550 2989 2595 non
3032 2529 3313 2597 fuissent
3353 2531 3564 2599 edocti
3619 2533 3702 2599 ad
3749 2533 4114 2599 timendum
4172 2533 4414 2618 Deum,

2471 2615 2625 2702 plus
2659 2636 2858 2698 quam
2900 2615 3160 2699 indigni
3203 2628 3396 2683 erant
3437 2627 3649 2685 terrae
3694 2626 3990 2703 aspectu:
4035 2619 4219 2685 cuius
4264 2643 4413 2705 pos-

2470 2703 2679 2768 sessio
2723 2702 2931 2787 signis
2983 2702 3144 2786 ipsis
3200 2711 3347 2769 rata
3396 2725 3538 2770 esse
3592 2704 3933 2785 debuerat,
4000 2706 4129 2771 nisi
4184 2727 4411 2772 eorum

2468 2788 2942 2872 ingratitudine
3021 2788 3246 2871 procul
3321 2789 3562 2857 reiecta
3637 2790 3868 2857 fuisset
3945 2788 4072 2855 Dei
4144 2790 4411 2860 veritas.
4496 2856 4504 2864 .

2469 2876 2714 2942 Decem
2787 2873 3031 2942 vicibus
3094 2895 3163 2941 se
3213 2881 3536 2942 tentatum
3590 2876 3789 2943 fuisse
3853 2876 4036 2942 Deus
4085 2878 4412 2960 queritur:

2471 2961 2623 3044 quia
2675 2982 2805 3025 non
2862 2958 3246 3026 destiterant
3300 2960 3576 3029 subinde
3627 2965 3844 3046 ipsum
3901 2984 4250 3047 provocare
4293 2984 4414 3029 sua

2470 3046 2822 3129 protervia.
2892 3045 3119 3128 Neque
3163 3048 3336 3112 enim
3382 3070 3694 3116 numerus
3735 3055 3952 3115 certus
3995 3068 4071 3114 ac
4105 3047 4412 3116 definitus

2470 3133 2763 3216 ponitur:
2830 3130 2945 3197 sed
3009 3139 3268 3198 tantum
3333 3134 3664 3233 significat
3720 3133 3906 3201 Deus
3965 3134 4220 3200 nullum
4268 3155 4411 3201 esse

2471 3217 2740 3283 modum
2805 3218 2913 3284 vel
2977 3219 3195 3283 finem.
3284 3217 3461 3300 de
3517 3220 3604 3285 sit
3670 3220 3883 3286 Deum
3941 3228 4199 3286 tentare
4255 3220 4412 3287 alibi

2473 3303 2793 3383 diximus,
2872 3324 3108 3389 nempe
3184 3324 3414 3370 sensus
3478 3305 3690 3371 nostri
3764 3305 4028 3370 modulo
4092 3305 4411 3372 subiicere

2471 3391 2611 3457 eius
2653 3390 3034 3474 potentiam,
3077 3398 3144 3454 et
3186 3410 3305 3474 pro
3340 3398 3561 3456 nostra
3600 3391 3872 3457 libidine
3915 3391 4129 3476 legem
4173 3392 4411 3476 agendi

2470 3474 2944 3560 praescribere:
3022 3485 3098 3540 ut
3176 3475 3384 3540 nihilo
3449 3477 3599 3561 plus
3662 3476 3722 3542 ei
3788 3476 4152 3543 deferamus
4215 3498 4411 3560 quam

2471 3562 2675 3628 dictat
2729 3564 2944 3628 carnis
3002 3560 3190 3627 ratio.
3279 3560 3566 3628 Additur
3623 3562 3769 3629 fons
3823 3574 3889 3629 et
3944 3582 4140 3630 causa
4197 3570 4411 3629 tenta-

2471 3648 2687 3729 tionis,
2732 3648 2891 3713 dum
2925 3649 3065 3714 eius
3101 3666 3323 3715 vocem
3361 3658 3680 3733 respuunt
3714 3648 4045 3715 homines:
4090 3649 4242 3732 quia
4273 3649 4411 3715 sola

2469 3732 2837 3800 obedientia
2903 3733 3331 3817 petulantiam
3396 3754 3800 3818 compescere
3866 3750 4112 3818 posset,
4169 3743 4244 3799 ut
4309 3749 4409 3802 est

2467 3822 2787 3907 magistra
2830 3819 3199 3885 modestiae.

2638 3908 2743 3974 24.
2803 3906 2898 3972 At
2950 3924 3194 3972 servum
3234 3924 3437 3970 meum
3482 3902 3682 3971 Galeb.
3769 3904 3902 3972 Per
3957 3904 4407 3992 synecdochen

2465 3993 2642 4060 solus
2697 3992 2898 4059 Oaleb
2951 4012 3127 4058 nunc
3180 3990 3526 4074 excipitur:
3584 4013 3784 4074 quum
3844 3999 4066 4057 tamen
4125 3991 4409 4057 Iehosua

2466 4078 2758 4146 eiusdem
2826 4078 3077 4163 gratiae
3141 4076 3338 4143 fuerit
3404 4076 3758 4161 particeps,
3838 4081 4004 4144 sicut
4071 4086 4135 4142 et
4193 4078 4408 4144 socius

2466 4165 2760 4233 virtutis:
2822 4163 2938 4229 sed
2983 4163 3329 4248 praecipue
3371 4160 3708 4243 laudatur,
3754 4163 3904 4247 quia
3946 4162 4209 4247 signum
4254 4184 4409 4247 quo-

2467 4250 2812 4318 dammodo
2855 4251 3212 4328 extulerat,
3257 4247 3598 4331 fueratque
3640 4249 3944 4333 princeps
3986 4247 4068 4314 ad
4113 4249 4409 4315 animan·

2465 4337 2625 4403 dum
2669 4336 2968 4403 Iehosua.
3060 4333 3337 4403 Summa
3390 4332 3605 4399 laudis
3663 4342 3766 4400 est
3816 4333 3985 4418 qnod
4035 4334 4409 4420 impleverit

2465 4423 2562 4488 ire
2606 4426 2752 4507 post
2795 4420 3029 4487 Deum.
3118 4420 3291 4486 Nam
3344 4417 3515 4502 quod
3574 4419 3688 4485 alii
3736 4420 4134 4486 subaudiunt
4176 4421 4405 4488 volun-

2466 4517 2701 4585 tatem,
2769 4527 3243 4591 supervacuum
3311 4514 3441 4571 est:
3507 4527 3707 4589 quum
3777 4506 4055 4589 simplex
4111 4505 4404 4590 loquutio

2465 4597 2662 4681 plena
2718 4595 2821 4662 sit.
2910 4590 3341 4660 Commendat
3401 4611 3556 4675 ergo
3610 4591 3796 4658 Deus
3852 4591 4144 4675 obsequii
4186 4613 4404 4676 perse-

2467 4680 2834 4748 verantiam
2863 4679 2931 4745 in
2962 4678 3196 4746 Caleb:
3233 4678 3383 4761 quia
3412 4697 3546 4742 non
3573 4683 3827 4742 tantum
3859 4685 4159 4762 prompto
4187 4678 4404 4744 animo

2466 4768 2628 4834 alios
2706 4766 2904 4832 fuerit
2980 4764 3306 4843 hortatus,
3368 4761 3483 4828 sed
3547 4771 3923 4829 constanter
4000 4774 4067 4829 et
4129 4763 4404 4828 infracto

2466 4854 2687 4918 animo
2744 4852 3134 4937 perrexerit,
3198 4870 3318 4915 nec
3379 4858 3677 4914 retentus
3738 4849 3938 4916 fuerit
3985 4849 4136 4915 ullis
4189 4846 4404 4912 obsta-

2466 4939 2650 5006 culis.
2741 4937 3034 5004 Laudem
3103 4957 3254 5003 vero
3320 4936 3721 5002 constantiae
3788 4933 4142 5017 amplificat
4199 4932 4403 5010 Deus,

2469 5021 2640 5110 quod
2696 5044 2866 5090 unus
2924 5045 3075 5089 cum
3133 5030 3314 5087 tanta
3378 5019 3799 5086 multitudine
3861 5021 4115 5086 fortiter
4178 5019 4404 5085 confli-

2470 5109 2683 5196 gendo
2702 5159 2716 5184 ‚
2802 5108 3014 5176 solum
3108 5109 3323 5192 ipsum
3425 5110 3800 5190 respexerit.
3888 5105 4141 5169 Rarum
4225 5104 4403 5169 enim

2471 5197 2844 5279 exemplum
2926 5205 3057 5272 est,
3145 5195 3319 5259 inter
3385 5193 3702 5257 violentos
3779 5198 3846 5255 et
3931 5198 4403 5272 tempestuosos

2473 5288 2718 5358 motus,
2762 5282 2949 5364 quasi
2991 5294 3122 5346 toto
3166 5283 3321 5345 orbe
3363 5298 3704 5356 concusso,
3740 5288 3915 5340 stare
3949 5276 4018 5339 in
4054 5275 4290 5358 gradu,
4327 5296 4402 5342 ac

2472 5378 2724 5433 rectum
2778 5388 3041 5433 cursum
3085 5373 3324 5433 tenere.
3410 5364 3561 5430 Etsi
3599 5371 3815 5429 autem
3859 5379 4103 5428 nomen
4136 5375 4246 5431 ΠἾἾ
4281 5383 4401 5446 pro
