5017 6142
614 412 747 478 511

618 597 1086 686 paterfamilias
1141 594 1307 661 nihil
1352 593 1522 678 quod
1558 593 1642 659 ad
1686 594 1862 660 illius
1906 592 2262 658 utilitatem
2303 590 2566 672 faceret,

621 685 932 772 neglexit,
975 682 1086 749 vel
1130 681 1370 748 omisit.

794 770 893 835 19.
955 769 1105 835 Non
1153 769 1282 850 fiait
1330 765 1481 832 urbs
1535 785 1696 849 quae
1737 784 1977 848 pacem.
2065 762 2242 829 Huic
2300 771 2565 827 senten·

621 857 755 923 tiae
806 857 1020 942 primo
1073 854 1319 919 intuitu
1376 860 1704 938 repugnat
1760 849 1936 934 quod
1992 850 2237 933 passim
2281 847 2567 913 occurrit

620 942 791 1024 apud
846 942 1113 1019 Mosen,
1171 961 1254 1005 88
1312 938 1681 1022 percutiant
1732 935 2075 1002 Israelitae
2132 932 2357 1000 foedus
2412 953 2565 998 cum

615 1029 751 1094 illis
786 1024 1106 1111 gentibus,
1152 1025 1259 1090 vel
1303 1023 1471 1089 ullas
1513 1023 1693 1106 pacis
1734 1022 2139 1089 conditiones
2182 1019 2564 1085 admittant:

620 1114 736 1181 sed
789 1111 1084 1179 funditus
1136 1109 1416 1194 perdant
1472 1118 1539 1175 et
1582 1108 1846 1174 deleant
1885 1106 2166 1174 sobolem
2213 1115 2281 1169 81
2322 1126 2565 1170 808188

618 1199 860 1287 (Exod.
913 1198 1033 1277 23,
1076 1196 1179 1263 32.
1225 1206 1294 1262 et
1334 1196 1532 1261 Deut.
1581 1195 1653 1270 7,
1700 1193 1788 1282 2).
1877 1191 2097 1274 Quum
2144 1211 2300 1275 ergo
2342 1190 2558 1256 exclu-

616 1285 680 1353 si
738 1293 957 1352 essent
1011 1282 1094 1348 ab
1136 1282 1316 1348 omni
1359 1281 1686 1364 pactione,
1738 1299 1814 1344 ac
1856 1279 2097 1344 frustra
2140 1276 2221 1342 de
2264 1295 2423 1360 pace
2465 1294 2568 1340 ac-

620 1371 752 1436 turi
808 1377 1058 1435 essent:
1108 1365 1465 1435 absurdum
1518 1374 1617 1432 est
1678 1385 1903 1431 eorum
1961 1364 2410 1430 contumaciae
2449 1362 2567 1425 im-

619 1456 841 1541 putari
882 1475 1081 1539 quem
1127 1454 1413 1519 liberum
1459 1472 1587 1517 non
1632 1463 1777 1516 erat
1819 1449 2154 1533 deprecari
2196 1449 2564 1514 interitum.

614 1543 983 1626 Fingamus
1040 1539 1219 1604 enim
1264 1538 1516 1623 legatos
1560 1536 1822 1602 obviam
1866 1536 2124 1600 misisse
2167 1555 2319 1600 cum
2364 1533 2565 1599 ramis

614 1630 939 1695 olearum:
1011 1624 1093 1691 ad
1152 1621 1624 1709 pacificandum
1680 1622 1882 1687 fuisse
1936 1622 2244 1686 intentos.
2346 1620 2561 1685 Exce-

614 1716 816 1798 pisset
867 1713 1169 1795 protinus
1213 1709 1406 1775 Iosue
1425 1756 1440 1786 ,
1498 1708 1621 1774 sibi
1667 1708 1767 1773 fas
1812 1729 1946 1773 non
1988 1728 2134 1772 esse
2177 1706 2561 1788 transigere,

616 1802 769 1884 quia
813 1798 1000 1863 Deus
1042 1804 1364 1862 vetuerat.
1455 1792 1679 1875 Quare
1720 1794 1778 1859 si
1821 1793 2068 1859 centies
2113 1791 2358 1858 bellum
2399 1791 2564 1855 effu-

619 1907 773 1971 gere
831 1890 1215 1960 tentassent,
1257 1879 1665 1964 pereundum
1708 1887 1850 1944 erat
1892 1877 2338 1944 nihilominus.
2427 1877 2568 1942 Our

619 1991 776 2055 erge
820 1967 980 2035 vitio
1023 1967 1152 2031 illis
1193 1966 1506 2045 vertitur,
1554 1964 1724 2049 quod
1760 1984 1988 2047 pacem
2033 1984 2167 2028 non
2212 1960 2564 2046 petierint?

620 2054 830 2137 Quasi
866 2074 1021 2120 vero
1057 2052 1438 2119 necessitate
1472 2051 1792 2134 compulsi
1827 2070 1961 2115 non
1997 2049 2241 2115 fuerint
2276 2048 2360 2113 ad
2399 2068 2490 2130 pu
2541 2083 2567 2095 -

619 2139 936 2217 nandum,
980 2147 1321 2222 postquam
1355 2135 1672 2203 videbant
1704 2157 1858 2201 cum
1890 2134 2285 2219 implacabili
2328 2153 2501 2216 popu
2529 2154 2568 2197 o

621 2247 765 2294 esse
819 2246 902 2291 ne
988 2225 1172 2289 tium.
1260 2221 1452 2304 Quod
1510 2225 1567 2288 si
1622 2221 1814 2288 aliter
1874 2241 2068 2305 agere
2112 2219 2391 2287 liberum
2434 2239 2567 2284 808

620 2313 780 2391 snit,
837 2312 1078 2376 iniuste
1132 2309 1265 2375 illis
1321 2308 1514 2393 culpa
1555 2306 1951 2374 adscribitur
1969 2358 1985 2386 ,
2028 2305 2202 2389 quod
2245 2306 2454 2373 coacti
2495 2325 2567 2370 se

621 2397 910 2464 hostium
967 2395 1176 2460 furori
1234 2393 1682 2477 opposuerint.
1785 2391 2207 2476 Respondeo,
2267 2391 2567 2474 quamvis

622 2484 978 2550 clementer
1020 2502 1133 2547 eos
1174 2482 1464 2565 recipere
1506 2480 1706 2545 veriti
1746 2479 1991 2545 fuerint
2031 2476 2394 2557 Israelitae,
2437 2495 2566 2559 quo

622 2577 847 2636 tamen
904 2569 1153 2634 iustum
1210 2575 1381 2631 esset
1414 2564 1674 2643 bellum,
1721 2564 2049 2630 hostiliter
2091 2563 2292 2630 fuisse
2335 2582 2568 2644 excep*

622 2665 745 2720 tos.
836 2654 1054 2737 Atque
1118 2652 1188 2716 id
1253 2670 1490 2716 arcana
1534 2651 1660 2717 Dei
1725 2648 2139 2733 providentia
2181 2648 2570 2714 mirabiliter

623 2738 1063 2826 gubernatum
1097 2738 1240 2817 fuit,
1281 2746 1358 2802 ut
1393 2737 1596 2803 exitio
1629 2736 1872 2803 addicti
1905 2735 2080 2802 ultro
2122 2756 2193 2800 88
2237 2735 2569 2811 offerrent,

626 2837 695 2892 et
736 2823 1077 2891 Israelitas
1113 2821 1491 2889 lacessendo
1544 2822 1899 2906 perniciem
1957 2821 2083 2886 sibi
2141 2826 2569 2886 accerserent.

628 2913 813 2977 Deus
859 2911 1080 2993 itaque
1122 2908 1234 2991 qui
1277 2908 1538 2973 veniam
1583 2907 1713 2972 illis
1757 2908 1984 2992 negari
2029 2907 2341 2987 iusserat,
2399 2904 2570 2970 idem

626 3018 737 3064 eos
795 2995 878 3062 ad
935 3015 1201 3062 caecum
1255 2993 1546 3059 furorem
1604 2994 1894 3077 impulit,
1954 3013 2039 3058 ne
2083 2992 2296 3059 locum
2340 2990 2575 3057 darent

624 3081 1124 3149 misericordiae.
1215 3083 1433 3163 Atque
1491 3080 1617 3145 hac
1678 3080 1747 3144 in
1812 3088 1997 3164 parte
2061 3077 2371 3162 populum
2437 3097 2573 3142 non

624 3169 913 3254 oportuit
970 3167 1165 3232 nimis
1220 3185 1519 3252 sagacem
1580 3186 1725 3232 8888
1780 3165 1889 3232 vel
1946 3165 2296 3231 curiosum.
2398 3162 2573 3228 Nam

625 3275 827 3338 quum
875 3254 956 3318 ab
1000 3273 1134 3317 una
1175 3264 1362 3336 parte
1404 3250 1825 3317 interdiceret
1858 3249 2064 3331 Deus,
2107 3271 2192 3315 ne
2234 3248 2319 3315 ad
2362 3248 2574 3314 ullum

626 3338 855 3406 foedus
907 3336 1401 3404 descenderent:
1458 3347 1526 3401 81
1567 3336 1765 3403 811881
1808 3347 2031 3402 tamen
2074 3335 2278 3401 nollet
2318 3334 2574 3421 hostili·

627 3436 730 3490 ter
788 3426 1039 3490 saevire
1099 3425 1223 3489 nisi
1283 3431 1504 3488 essent
1545 3423 1910 3506 provocati,
1955 3421 2150 3488 nimis
2196 3421 2397 3487 anxia
2439 3418 2573 3485 dis-

624 3511 904 3593 ceptatio
945 3509 1137 3577 valde
1179 3507 1506 3575 turbasset
1547 3529 1777 3573 eorum
1819 3508 2089 3575 animos.
2176 3505 2398 3588 Quare
2442 3527 2577 3571 una

626 3596 793 3661 ratio
858 3593 1299 3678 expediendae
1362 3594 1813 3677 perplexitatis
1879 3593 2037 3673 fuit,
2111 3614 2335 3659 curam
2391 3592 2575 3657 illam

625 3683 695 3748 in
743 3681 870 3746 Dei
928 3680 1146 3747 sinum
1190 3680 1474 3746 reiicere.
1564 3679 1654 3744 Et
1698 3681 1836 3762 ipse
1880 3699 1997 3762 pro
2041 3700 2165 3745 sua
2207 3679 2575 3761 incompre-

625 3765 935 3834 hensibili
979 3765 1303 3848 sapientia
1347 3765 1704 3849 prospexit,
1752 3785 1836 3829 ne
1877 3785 2005 3848 quo
2047 3764 2415 3845 obstaculo,
2461 3763 2576 3830 ubi

628 3852 712 3918 ad
771 3873 912 3918 rem
969 3861 1240 3918 ventum
1298 3860 1427 3931 est,
1484 3850 1987 3933 abrumperetur
2041 3870 2271 3916 cursus
2330 3849 2574 3934 populi.

631 3938 743 4006 Sic
778 3958 967 4022 reges
1002 3945 1186 4002 trans
1209 3934 1557 4001 Iordanem
1594 3957 1797 4020 quum
1835 3936 2085 4020 priores
2121 3957 2305 4001 arma
2347 3956 2574 4019 sump-

627 4025 901 4103 sissent,
960 4022 1197 4087 merite
1255 4020 1584 4088 dederunt
1644 4043 1802 4089 suae
1862 4022 2247 4087 temeritatis
2312 4041 2575 4104 poenas.

626 4110 856 4193 Neque
912 4110 1088 4174 enim
1131 4106 1390 4173 infestis
1434 4109 1633 4175 armis
1677 4128 1789 4175 eos
1831 4108 2124 4192 aggressi
2169 4116 2326 4172 sunt
2366 4107 2577 4174 Israe-

626 4196 786 4261 litae
821 4195 1073 4260 donnec
1108 4203 1325 4259 essent
1368 4194 1717 4277 provocati.
1786 4194 2039 4260 Eodem
2082 4213 2339 4276 quoque
2383 4191 2574 4259 modo

628 4283 804 4349 cives
845 4279 1103 4346 Iericho
1146 4300 1343 4361 quum
1391 4288 1610 4364 portas
1654 4279 2077 4360 clausissent,
2121 4279 2365 4345 bellum
2412 4278 2574 4362 ipsis

628 4366 1034 4432 indixerunt.
1140 4362 1391 4432 Similis
1465 4364 1741 4431 aliorum
1811 4366 2010 4444 ratio,
2082 4365 2194 4449 qui
2252 4384 2370 4430 sua
2425 4386 2575 4431 con-

628 4452 917 4518 tumacia
949 4471 1213 4517 causam
1256 4450 1590 4549 pugnandi
1636 4451 1957 4518 dederunt
1977 4451 2310 4518 Israelitis.
2380 4451 2440 4516 N
2447 4471 2574 4517 unc

628 4550 902 4622 apparet
935 4556 1131 4619 quam
1167 4546 1315 4619 apte
1350 4543 1527 4601 inter
1560 4557 1631 4602 se
1664 4537 2077 4618 conveniant,
2124 4535 2340 4603 Deum
2385 4558 2574 4603 man·

629 4624 817 4691 dasse
838 4621 1033 4700 Mosi,
1077 4632 1154 4686 81
1188 4619 1616 4705 perderentur
1650 4633 1880 4708 gentes
1923 4644 2085 4706 quas
2130 4622 2575 4689 destinaverat

630 4710 713 4776 ad
758 4710 1130 4775 interitum:
1174 4707 1445 4790 ideoque
1488 4708 1663 4774 viam
1706 4711 2088 4791 patefecisse
2129 4729 2247 4775 suo
2290 4708 2570 4788 decreto,

629 4795 742 4861 ubi
812 4793 1125 4879 reprobos
1195 4791 1562 4859 obduravit.
1663 4795 1891 4860 Primo
1956 4795 2176 4878 itaque
2231 4795 2300 4860 in
2356 4795 2571 4880 gradu

629 4881 882 4949 locatur
926 4881 1051 4945 Dei
1109 4880 1411 4948 voluntas
1426 4927 1443 4958 ,
1496 4888 1571 4944 ut
1624 4882 1908 4946 emineat
1963 4892 2274 4965 tanquam
2318 4881 2569 4965 praeci-

628 4987 762 5051 pua
838 4985 1050 5032 causa.
1157 4965 1329 5030 Nam
1406 4965 1560 5048 quia
1634 4964 1719 5031 ad
1781 4966 2116 5032 cumulum
2180 4975 2571 5051 pervenerat

629 5053 892 5117 illorum
948 5050 1290 5135 iniquitas,
1363 5051 1595 5117 statuit
1651 5072 1761 5117 808
1815 5051 2051 5119 1181818.
2146 5052 2314 5119 18118
2371 5053 2570 5119 fluxit

632 5138 857 5204 datum
914 5136 1086 5204 Mosi
1142 5142 1596 5222 praeceptum:
1664 5137 1835 5221 1111011
1893 5147 2109 5203 tamen
2168 5139 2406 5205 effectu
2458 5159 2566 5206 ea-

630 5224 905 5307 rnisset,
959 5223 1085 5288 nisi
1141 5243 1366 5291 eorum
1427 5223 1537 5307 qui
1589 5221 1903 5307 perdendi
1965 5235 2154 5289 erant
2207 5226 2567 5308 pertinacia

632 5318 701 5374 et
741 5309 1171 5375 obstinatione
1209 5315 1506 5377 armatus
1547 5317 1720 5377 esset
1762 5308 2042 5394 populus
2083 5310 2165 5375 ad
2208 5331 2566 5394 exsequen-

1813 401 2557 472 COMMENTARIUS
2602 402 2701 469 IN
2744 401 3025 472 IOSUE
3070 404 3269 470 CAP.
3313 404 3438 470 XI.

4483 398 4604 467 512

2671 591 2830 657 dum
2874 592 3003 657 Dei
3059 590 3392 658 iudicium.
3478 592 3562 657 In
3617 592 3796 660 hunc
3838 592 4040 657 finem
4081 588 4227 656 illos
4271 590 4458 655 Deus
4496 588 4605 655 ob-

2669 677 2880 756 durat,
2924 687 3002 742 ut
3037 699 3078 743 a
3109 699 3182 744 se
3215 677 3730 743 misericordiam
3775 684 4114 745 avertant:
4160 674 4335 742 unde
4380 684 4452 741 81
4492 674 4606 740 du-

2671 764 2854 829 rities
2897 764 3024 828 ista
3069 775 3345 830 vocatur
3389 764 3533 829 eius
3573 784 3765 847 opus,
3810 764 3962 847 quia
4006 762 4310 828 effectum
4354 759 4608 829 consilii

2669 849 2812 916 eius
2875 849 3143 916 stabilit.
3247 849 3442 914 Nunc
3508 849 3566 915 si
3636 868 3774 915 rem
3850 848 4009 916 adeo
4066 847 4418 914 dilucidam
4475 847 4608 912 suis

2670 934 2925 1001 nebulis
3010 935 3360 1001 obscurare
3437 943 3756 1000 conentur
3833 935 3950 1019 qui
4026 934 4244 999 Deum
4319 952 4360 998 8
4435 930 4608 998 00810

2669 1020 2994 1105 8118081811
3043 1022 3306 1105 fingunt
3348 1020 3507 1104 quid
3551 1019 3929 1087 hominibus
3973 1020 4189 1097 libeat,
4234 1038 4358 1084 880
4399 1017 4607 1084 homi·

2669 1128 2829 1172 num
2907 1106 3103 1172 corda
3181 1127 3419 1173 arcano
3484 1106 3625 1172 eius
3682 1106 3998 1174 instinctu
4062 1102 4350 1171 fraenari
4413 1103 4609 1170 susti-

2669 1203 2864 1259 nent:
2909 1192 3060 1277 quid
3097 1190 3275 1257 aliud
3311 1212 3505 1276 quam
3541 1214 3728 1258 suam
3769 1190 4242 1275 impudentiam
4284 1187 4608 1275 prodent?

2671 1277 2814 1344 Deo
2883 1284 3143 1343 tantum
3209 1277 3578 1345 concedunt
3646 1288 3720 1343 ut
3773 1279 4141 1361 permittat:
4213 1277 4338 1342 hoc
4392 1284 4609 1342 autem

2668 1362 2859 1429 modo
2920 1363 3332 1444 suspendunt
3388 1365 3531 1429 eius
3582 1364 3924 1431 consilium
3969 1364 4050 1429 ab
4095 1362 4439 1428 hominum
4483 1359 4615 1444 pla·

2669 1451 2816 1517 cito.
2908 1448 3085 1529 Quid
3143 1459 3363 1515 autem
3418 1449 3734 1533 spiritus?
3782 1471 3823 1515 a
3865 1450 4009 1516 Deo
4053 1469 4196 1516 esse
4238 1446 4610 1515 obduratio-

2670 1556 2841 1615 nem,
2888 1549 2961 1600 111
3004 1535 3383 1619 praecipitet
3423 1556 3584 1619 quos
3627 1534 3770 1601 vult
3805 1532 4096 1619 perdere.

2839 1621 2943 1688 21.
3007 1621 3187 1687 Venit
3238 1626 3446 1686 autem
3501 1620 3708 1687 Iesus.
3807 1621 3912 1687 De
3964 1621 4124 1687 filiis
4181 1618 4386 1686 Anak
4455 1616 4614 1684 alibi

2669 1708 2884 1772 visum
2942 1705 3085 1771 fuit.
3175 1707 3532 1791 Progenies
3578 1707 3700 1772 fuit
3741 1707 4107 1792 gigantum,
4149 1725 4425 1791 quorum
4468 1723 4616 1789 pro-

2670 1794 2937 1859 ceritate
2973 1802 3348 1858 terruerant
3424 1793 3689 1876 epulum
3725 1792 4187 1876 exploratores,
4232 1802 4309 1857 nt
4340 1809 4617 1875 pergere

2672 1879 2953 1944 noluerit
2996 1880 3068 1943 in
3111 1889 3356 1944 terram
3437 1878 3721 1945 hanaan.
3788 1879 3970 1963 Ergo
4012 1899 4212 1962 quum
4257 1878 4352 1943 ita
4394 1883 4619 1943 888881

2671 1964 3130 2043 formidabiles,
3173 1985 3411 2049 operae
3454 1965 3738 2048 pretium
3781 1965 3908 2030 fuit
3950 1985 3988 2029 e
4030 1963 4245 2030 medio
4287 1961 4449 2042 tolli,
4489 1981 4618 2044 quo

2673 2050 2947 2117 alacrior
3005 2060 3177 2115 esset
3230 2050 3508 2134 populus
3552 2049 3638 2116 ad
3698 2051 3862 2117 bene
3904 2048 4320 2134 sperandum.
4410 2046 4616 2131 Spec-

2672 2137 2960 2201 taculum
3028 2137 3207 2202 enim
3263 2135 3427 2218 ipsis
3489 2136 3860 2215 obversari,
3945 2134 4115 2218 quod
4181 2134 4444 2201 assidue
4507 2154 4619 2201 eos

2672 2229 3799 2392 ffiiffigfssfiffmmffriii121333333
3834 2220 4187 2374 ”313³ssssss
4189 2220 4383 2373 mat
4363 2219 4622 2372 ‘3332

2672 2395 2887 2472 timor,
2932 2404 2999 2458 81
3032 2393 3231 2458 fidem
3274 2393 3609 2471 obruebat,
3651 2414 3854 2477 quum
3896 2393 3969 2458 in
4014 2393 4252 2459 animis
4295 2392 4433 2458 suis
4476 2390 4620 2456 vol·

2674 2491 2906 2545 verent
2962 2479 3084 2546 sibi
3129 2487 3380 2545 restare
3422 2477 3879 2546 difficillimum
3925 2478 4220 2543 omnium
4263 2485 4618 2543 certamen.

2672 2563 2962 2630 Proinde
3020 2585 3152 2630 non
3208 2566 3324 2631 abs
3381 2586 3459 2629 18
3513 2566 3687 2631 18181
3741 2564 3993 2649 18111188
4033 2564 4162 2631 Dei
4205 2563 4453 2629 auxilia
4495 2560 4622 2627 1100

2673 2657 3097 2731 18818018181,
3142 2649 3298 2716 dum
3332 2649 3573 2718 talibus
3607 2652 3922 2718 monstris
3955 2658 4235 2735 purgata
4276 2649 4400 2715 fuit
4443 2656 4624 2714 terra

2673 2736 3096 2820 tranquillam
3141 2736 3610 2803 habitationem
3669 2737 3911 2822 populo
3970 2737 4169 2803 fuisse
4225 2754 4620 2803 concessam.

2675 2821 2829 2903 Quo
2869 2823 3045 2889 enim
3092 2823 3310 2888 minus
3352 2821 3663 2890 credibile
3706 2831 3851 2889 erat
3890 2842 4082 2907 posse
4124 2820 4471 2900 debellari,
4517 2820 4620 2885 in-

2674 2909 2926 2993 signior
2968 2909 3091 2974 fuit
3135 2907 3264 2974 Dei
3305 2910 3619 2993 potentia.

2846 2994 2951 3059 23.
2996 2995 3255 3076 Accepit
3312 2996 3520 3078 itaque
3574 2994 3776 3061 Iesus.
3881 2993 4277 3077 Quanquam
4338 2991 4619 3058 multum

2677 3077 2916 3160 abfuit,
2976 3080 3132 3163 11818
3189 3081 3385 3146 Iosue
3442 3081 3813 3164 acquisierit
3868 3089 4074 3153 totam
4125 3089 4396 3145 terram:
4468 3098 4623 3147 vere

2680 3178 2901 3230 tamen
2943 3165 3203 3246 dicitur,
3245 3166 3604 3233 obtinuisse
3647 3176 3854 3233 totam
3897 3174 4143 3232 terram
4162 3212 4180 3240 ‚
4223 3165 4395 3232 81081
4440 3162 4625 3230 1)8118

2678 3251 2851 3318 Μο81
2905 3260 3183 3318 18818188
3237 3266 3412 3317 erat:
3462 3273 3592 3336 qua
3632 3273 3792 3319 voce
3835 3251 4258 3334 restringitur
4299 3249 4625 3335 generalis

2678 3340 3026 3404 sententia.
3117 3336 3456 3422 Siquidem
3515 3340 3908 3406 nominatim
3964 3336 4189 3404 addita
4243 3335 4462 3402 fuerat
4513 3355 4624 3401 ex-

2677 3425 2922 3506 ceptio,
2991 3424 3255 3490 nonnisi
3326 3425 3639 3507 paulatim
3687 3424 4120 3491 obventuram
4178 3442 4376 3506 quam
4438 3420 4624 3487 Deus

2676 3510 3006 3593 pollicitus
3062 3519 3205 3574 erat
3246 3510 3558 3575 ditionem
3575 3559 3592 3590 ,
3650 3509 3888 3577 deinde
3929 3531 4076 3576 cum
4123 3508 4515 3575 truculentis
4558 3515 4626 3573 et

2678 3596 3113 3680 sylvestribus
3165 3595 3396 3661 belluis
3452 3595 3879 3680 pugnandum
3936 3597 4135 3675 foret,
4190 3595 4250 3661 si
4291 3595 4361 3660 in
4409 3593 4622 3660 deser·

2681 3694 2817 3747 tam
2871 3680 3290 3747 solitudinem
3346 3702 3417 3747 88
3471 3682 3881 3764 111011081881.
3968 3680 4154 3747 Deus
4205 3682 4428 3763 itaque
4467 3679 4617 3746 licet

2681 3766 2976 3833 nondum
3035 3768 3105 3832 in
3154 3767 3559 3850 possessione
3612 3768 3904 3853 regionis
3945 3767 4302 3852 promissae
4344 3766 4619 3832 locasset

2678 3851 2990 3937 populum
3006 3903 3023 3932 ,
3080 3863 3301 3919 tamen
3359 3855 3547 3936 quasi
3600 3875 3686 3920 ex
3741 3853 4023 3920 formula
4079 3852 4402 3936 praestitit
4494 3848 4617 3916 uod

2678 3939 3051 4024 pepigerat:
3120 3940 3275 4022 quia
3324 3938 3734 4006 commodum
3789 3939 4143 4023 hospitium
4200 3945 4270 4003 et
4324 3872 4499 4021 quod
4549 3936 4616 4001 18

2677 4026 3049 4109 praesentia
3082 4026 3413 4091 sufficeret
3446 4023 3641 4093 dedit.
3707 4024 3928 4110 Atque
3962 4046 4046 4090 ex
4083 4025 4298 4090 verbis
4341 4022 4617 4100 elicitur,

2678 4110 2844 4176 alias
2897 4111 3097 4176 etiam
3152 4111 3380 4195 plagas
3431 4111 3933 4196 comprehendi,
3990 4130 4156 4194 quae
4214 4108 4510 4175 nondum
4551 4109 4616 4174 in

2679 4217 2948 4262 manum
2985 4205 3053 4263 et
3084 4205 3475 4282 potestatem
3519 4206 3861 4264 venerant.
3929 4196 4190 4263 Dicitur
4230 4196 4407 4260 enim
4451 4192 4618 4278 qnod

2677 4284 3069 4366 acquisierat
3136 4282 3545 4352 distribuisse
3602 4281 3962 4351 seeundum
4010 4281 4316 4349 familias.
4417 4281 4618 4364 Atqui

2678 4368 2914 4435 deinde
2969 4369 3038 4434 in
3095 4369 3447 4453 partitione
3490 4369 3855 4436 videbimus
3896 4369 3966 4435 in
4009 4376 4252 4435 sortem
4297 4367 4620 4435 coniectas

2678 4454 2883 4521 fuisse
2954 4455 3217 4540 plagas,
3299 4475 3465 4539 quae
3527 4464 3786 4523 mortuo
3853 4454 4118 4520 tandem
4180 4453 4409 4532 Iesus,
4488 4453 4617 4519 imo

2676 4540 2903 4607 multis
2984 4548 3131 4623 post
3206 4541 3517 4619 saeculis,
3596 4541 3920 4608 subiectae
3984 4548 4140 4607 sunt
4205 4539 4432 4625 populi
4497 4542 4617 4606 im·

2674 4626 2873 4709 perio.
2932 4625 3127 4693 Nunc
3170 4647 3401 4693 sensus
3444 4625 3791 4693 verborum
3835 4627 4054 4710 liquet,
4099 4627 4252 4692 vivo
4296 4625 4514 4694 adhuc
4553 4635 4617 4692 et

2675 4711 3026 4798 superstite
3102 4712 3297 4778 Iosua
3370 4710 3737 4778 exhibitum
3816 4712 4016 4779 fuisse
4093 4720 4347 4779 certum
4414 4713 4614 4797 speci-

2673 4818 2854 4949 ffiend
2888 4798 3340 4880 promissionis
3356 4846 3374 4882 ,
3431 4806 3510 4864 ut
3561 4819 3790 4866 secure
3843 4799 4104 4865 licuerit
4154 4809 4403 4866 terram
4444 4806 4615 4866 sorte

2740 4906 2812 4949 vi
2858 4904 2986 4950 ere.
