5017 6142
580 391 701 458 111

574 579 1013 664 captationem
1051 578 1372 644 trahitur:
1408 576 1954 661 quemadmodum
1992 576 2215 661 siquis
2241 578 2531 643 eximere

574 688 645 734 se
690 666 916 732 volens
961 665 1241 731 aliorum
1285 665 1598 744 censuris,
1644 663 1850 730 dicat:
1903 663 2022 730 Ibo
2067 684 2196 747 quo
2231 662 2374 743 ibo,
2431 661 2532 727 fa-

574 752 743 819 ciam
789 751 957 835 quod
1006 750 1256 817 faciam.

745 838 849 904 20.
899 837 1051 903 Non
1083 837 1322 919 poteris
1363 836 1571 903 videre
1610 836 1857 918 faeiem.
1943 832 2225 899 Viderat
2284 844 2527 912 tamen,

574 923 691 989 sed
724 945 843 1008 pro
886 921 1078 988 modo
1124 922 1561 1003 revelationis,
1629 922 1742 1005 qui
1787 921 1980 1005 pleno
2024 920 2277 1002 fulgore
2336 919 2530 1004 longe

573 1018 718 1076 erat
760 1010 1049 1074 inferior.
1138 1006 1283 1072 Iam
1341 1017 1494 1074 ante
1554 1016 1784 1072 natum
1830 1006 2059 1072 Mosen
2119 1005 2378 1071 dixerat
2418 1004 2527 1069 Ia-

574 1095 727 1161 cob:
788 1095 941 1160 Vidi
995 1096 1214 1161 Deum
1282 1093 1444 1158 facie
1503 1092 1587 1159 ad
1643 1094 1908 1160 faciem:
1954 1091 2124 1157 Mosi
2170 1088 2273 1176 (ut
2318 1111 2529 1173 nuper

572 1179 869 1267 exposui)
913 1180 1148 1245 clarior
1190 1179 1408 1245 oblata
1450 1179 1575 1244 fuit
1618 1179 1802 1244 visio.
1876 1177 2069 1263 Nunc
2113 1198 2272 1242 vero
2315 1178 2528 1241 maius

575 1266 818 1350 aliquid
865 1275 931 1331 et
973 1266 1412 1349 praestantius
1448 1265 1730 1331 obtinet:
1776 1284 1912 1330 non
1950 1274 2174 1328 tamen
2211 1272 2286 1327 ut
2307 1264 2527 1328 Deum

570 1352 857 1439 perfecte
898 1351 1120 1418 videat
1163 1351 1377 1434 qualis
1419 1351 1489 1416 in
1549 1372 1620 1416 se
1664 1361 1782 1429 est,
1843 1349 1959 1416 sed
2016 1358 2338 1433 quatenus
2396 1347 2528 1414 fert

571 1446 804 1523 captus
847 1437 1176 1502 humanae
1218 1439 1478 1502 mentis.
1568 1437 1739 1502 Nam
1784 1436 1908 1502 etsi
1953 1434 2171 1519 angeli
2218 1433 2525 1499 dicuntur

568 1525 800 1590 faciem
848 1523 976 1588 Dei
1019 1522 1248 1588 videre
1308 1522 1770 1588 excellent-iore
1827 1519 2018 1587 modo
2060 1541 2255 1603 quam
2316 1518 2526 1584 homi·

572 1633 711 1688 nes,
758 1630 894 1674 non
935 1618 1159 1674 tamen
1205 1609 1477 1693 capiunt
1531 1609 1923 1673 immensam
1978 1606 2222 1691 gloriae
2277 1606 2528 1689 perfec-

572 1698 837 1773 tionem,
905 1716 1036 1778 qua
1100 1693 1629 1760 absorberentur.
1740 1694 1980 1760 Merito
2048 1693 2268 1776 itaque
2328 1700 2528 1774 negat

571 1783 756 1848 Deus
798 1803 868 1846 se
904 1801 1092 1864 posse
1128 1780 1412 1864 conspici
1452 1778 1532 1844 ab
1557 1778 1823 1847 homine
1861 1777 2155 1845 mortali:
2202 1777 2359 1861 quia
2393 1798 2527 1842 non

573 1877 728 1933 ante
763 1868 981 1951 ipsum
1017 1865 1385 1932 videbimus
1418 1866 1611 1931 sicuti
1648 1874 1763 1945 est,
1802 1885 1998 1948 quam
2034 1864 2281 1930 similes
2317 1863 2376 1928 ei
2401 1864 2528 1927 eri-

571 1974 742 2019 mus.
816 1950 1086 2036 Optime
1131 1962 1350 2018 autem
1396 1953 1736 2017 fraenatur
1778 1951 1985 2016 stulta
2030 1949 2370 2033 cupiditas,
2415 1948 2528 2014 ubi

573 2039 837 2104 additur
865 2036 1180 2103 lethalem
1227 2037 1417 2104 nobis
1458 2038 1592 2103 fore
1636 2037 1881 2122 gloriae
1907 2035 2031 2101 Dei
2078 2045 2524 2119 conspectum.

571 2125 805 2208 Neque
848 2125 1024 2189 enim
1067 2123 1210 2189 fieri
1255 2131 1467 2206 potest
1510 2123 1668 2206 quin
1703 2123 1816 2188 ille
1851 2118 2527 2204 incomprehensibilis

571 2209 791 2294 fulgor
835 2211 902 2275 in
948 2209 1227 2275 nihilum
1274 2230 1391 2275 nos
1436 2207 1709 2292 redigat.
1800 2208 2028 2293 Itaque
2088 2208 2272 2273 Deus
2321 2203 2528 2272 solida

573 2298 674 2362 sui
742 2295 1115 2381 cognitione
1180 2316 1299 2361 nos
1364 2295 1663 2374 arcendo,
1730 2317 1800 2360 se
1867 2304 2090 2360 tamen
2154 2293 2528 2358 manifestat

574 2380 787 2465 quoad
833 2381 1129 2465 expedit:
1174 2381 1307 2446 imo
1352 2381 1517 2448 lucis
1573 2401 1948 2446 mensuram
1996 2386 2218 2444 nostro
2265 2378 2528 2443 modulo

574 2476 1081 2618 attemperansb
1124 2467 1357 2534 faciem
1422 2466 1637 2532 induit
1702 2487 1895 2550 quam
1962 2466 2287 2550 possimus
2354 2465 2527 2529 serre

606 2555 662 2620 1.
707 2554 887 2619 Ioan.
933 2554 993 2627 3.
1115 2603 1128 2618 .

573 2552 603 2639 (
746 2640 850 2704 21.
888 2638 1046 2706 Ecce
1168 2657 1246 2705 us
1281 2637 1454 2721 apud
1485 2656 1600 2702 me.
1644 2637 1933 2703 Puerilis
1965 2635 2230 2720 quidem
2265 2635 2528 2702 videtur

573 2726 735 2791 haec
779 2725 1162 2808 descriptio,
1222 2723 1335 2788 sed
1395 2732 1656 2789 nostrae
1712 2722 1982 2789 ruditati
2026 2730 2126 2789 est
2169 2723 2525 2807 aptissima.

574 2811 711 2878 Nec
755 2832 909 2877 vero
953 2830 1098 2875 eam
1144 2807 1604 2893 aspernabitur
1646 2810 1939 2893 quisquis
1983 2830 2138 2875 suae
2184 2807 2527 2873 imbecilli-

573 2898 727 2963 tatis
770 2906 837 2963 et
880 2896 1291 2982 ignorantiae
1333 2895 1534 2978 probe
1579 2895 1704 2961 sibi
1738 2897 1866 2960 erit
1910 2896 2225 2962 conscius.
2275 2893 2524 2959 Viden-

573 2996 681 3049 tur
737 2983 914 3048 int-er
966 3003 1036 3048 se
1096 3001 1392 3066 pugnare
1436 2980 1597 3047 haec
1651 2981 1810 3060 duc,
1877 2981 2132 3046 ostendi
2177 2980 2351 3046 Mosi
2396 2980 2526 3045 Dei

572 3069 1102 3153 pulcritudinem,
1170 3077 1237 3132 et
1301 3077 1522 3132 tamen
1590 3069 1816 3152 negari
1881 3069 2024 3133 eius
2083 3076 2522 3150 conspectum.

572 3155 701 3222 Hic
745 3153 997 3219 tollitur
1032 3153 1448 3239 ambiguitas,
1494 3154 1665 3236 quod
1703 3153 1924 3219 Deum
1959 3154 2225 3221 visurus
2269 3152 2357 3218 sit
2380 3153 2524 3218 Mo-

572 3262 677 3306 ses
721 3260 759 3304 a
805 3249 990 3324 tergo
1035 3238 1374 3305 duntaxat.
1423 3237 1801 3305 Similitudo
1848 3249 2066 3306 autem
2113 3240 2194 3304 ab
2241 3238 2526 3303 homini-

574 3324 694 3391 bus
716 3335 976 3409 sumpta
1012 3335 1128 3403 est,
1167 3346 1328 3409 quos
1352 3345 1482 3390 non
1522 3327 1933 3410 agnoscimus
1958 3326 2081 3391 nisi
2106 3346 2189 3390 ex
2225 3335 2429 3409 parte,
2469 3325 2527 3391 si

572 3412 700 3477 alio
734 3432 1049 3477 conversa
1083 3412 1170 3476 sit
1205 3432 1429 3477 eorum
1467 3412 1696 3478 facies:
1736 3413 1888 3494 quia
1923 3433 2005 3477 ex
2043 3412 2175 3477 oris
2212 3421 2276 3476 et
2302 3412 2528 3477 vultus

569 3498 816 3562 intuitu
855 3498 1197 3580 perspicua
1234 3505 1336 3562 est
1369 3497 1675 3581 cognitio.
1744 3497 1887 3564 Iam
1941 3499 2178 3563 fissura
2212 3497 2317 3565 vel
2355 3496 2526 3562 fora·

570 3603 725 3648 men
788 3583 971 3666 rupis
1034 3582 1307 3666 perinde
1369 3584 1495 3647 fuit
1552 3589 1750 3666 atque
1808 3591 2091 3669 angusta
2148 3593 2215 3648 et
2258 3583 2528 3667 obliqua

571 3669 894 3746 fenestra,
961 3689 1127 3754 quae
1185 3668 1279 3735 sic
1335 3667 1628 3733 admittit
1671 3668 1823 3736 solis
1866 3670 2106 3749 radios,
2167 3675 2241 3735 ut
2282 3669 2392 3753 qui
2452 3670 2522 3734 in

571 3757 710 3822 loco
754 3755 1075 3840 profundo
1125 3768 1190 3820 et
1234 3754 1505 3820 obscuro
1552 3754 1849 3821 inclusus
1886 3765 1989 3821 est
2031 3777 2228 3821 usum
2264 3755 2525 3839 quidem

573 3842 893 3925 percipiat
935 3840 1220 3923 aliquem
1258 3840 1450 3919 lucis,
1520 3862 1856 3925 nunquam
1906 3854 2123 3906 tamen
2176 3842 2380 3907 solem
2423 3841 2524 3905 vi-

575 3926 726 3993 deat
766 3927 875 3992 vel
919 3927 1175 3992 fruatur
1217 3926 1361 3991 eius
1405 3925 1767 4010 splendore.
1839 3927 1944 3993 Ita
1986 3947 2105 3992 nos
2149 3925 2526 4010 corporibus

572 4022 887 4096 tanquam
931 4012 1277 4096 ergastulis
1321 4011 1593 4090 inclusi,
1653 4033 1788 4078 non
1834 4033 2180 4096 possumus
2224 4020 2401 4078 recto
2460 4020 2529 4076 et

572 4099 777 4164 libero
821 4098 1068 4163 intuitu
1114 4119 1502 4183 cognoscere
1526 4099 1651 4165 Dei
1696 4099 2008 4183 gloriam:
2054 4096 2168 4164 sed
2212 4119 2333 4163 nos
2367 4097 2528 4163 obli-

576 4205 703 4267 que
746 4184 1038 4261 irradiat,
1085 4194 1159 4249 ut
1202 4205 1352 4249 eum
1389 4184 1621 4250 saltem
1656 4184 1843 4267 quasi
1878 4206 1918 4249 a
1953 4193 2139 4268 tergo
2165 4183 2526 4249 videamus.

573 4270 727 4336 Non
786 4269 867 4335 de
926 4270 1321 4352 quibuslibet
1379 4270 1623 4352 loquor,
1689 4269 1803 4335 sed
1873 4269 1952 4334 de
2016 4269 2527 4353 perfectissimiS,

575 4355 789 4440 qualis
833 4356 955 4420 fuit
980 4356 1224 4421 Moses:
1270 4357 1381 4439 qui
1426 4356 1553 4420 etsi
1595 4356 1939 4440 privilegio
1975 4355 2291 4440 singulari
2330 4353 2529 4438 adep-

574 4449 686 4508 tus
745 4449 848 4506 est
899 4440 1069 4524 quod
1125 4440 1232 4506 hic
1276 4452 1613 4519 narratur,
1683 4463 1813 4508 non
1866 4452 2090 4508 tamen
2148 4461 2269 4524 pro
2313 4441 2529 4506 carnis

574 4528 958 4594 infirmitate
1003 4528 1317 4593 sustinuit
1362 4528 1486 4593 Dei
1532 4527 1839 4611 gloriam:
1897 4528 2172 4610 ideoque
2231 4526 2530 4612 opposita

573 4615 702 4680 fuit
747 4612 876 4678 Dci
920 4633 1186 4690 manus,
1255 4621 1330 4678 ut
1377 4611 1632 4679 videret
1677 4623 1935 4679 tantum
1980 4636 2063 4680 ex
2108 4625 2310 4697 parte.
2403 4612 2529 4678 Dei

575 4710 801 4765 autem
852 4720 1089 4764 manus
1140 4719 1258 4782 pro
1316 4698 1599 4782 caligine
1655 4702 1997 4782 accipitur,
2043 4722 2207 4783 quae
2251 4696 2531 4765 obducta

573 4786 716 4864 fuit,
765 4807 847 4851 ne
872 4785 1067 4850 Mosis
1112 4784 1279 4850 oculi
1317 4784 1581 4867 longius
1619 4805 1813 4867 quam
1849 4786 1947 4851 fas
1982 4795 2153 4851 esset
2188 4785 2267 4850 ad
2315 4786 2528 4850 curio-

575 4895 721 4937 sum
768 4881 1102 4954 aspectum
1145 4870 1385 4935 intenti
1430 4871 1662 4936 forent.
1752 4870 1940 4951 Quod
1985 4872 2344 4957 posteriora
2383 4872 2528 4954 qui·

576 4958 725 5022 dam
791 4957 873 5023 ad
933 4957 1245 5039 temporis
1309 4956 1783 5038 plenitudinem
1842 4978 1967 5039 quo
2028 4958 2361 5024 exhibitus
2406 4958 2531 5021 fuit

576 5043 885 5109 Christus
921 5046 990 5108 in
1025 5065 1241 5121 carne,
1278 5042 1594 5122 referunt,
1642 5062 1717 5107 ac
1751 5043 1808 5107 si
1847 5042 2090 5109 dictum
2130 5052 2331 5109 esset:
2377 5043 2529 5107 Non

576 5128 832 5193 videbis
874 5150 980 5195 me
1025 5129 1150 5196 nisi
1192 5142 1434 5194 natura
1468 5127 1759 5192 humana
1792 5128 2116 5208 indutum,
2163 5138 2395 5213 arguta
2432 5137 2530 5194 est

575 5214 955 5314 speculatio,
1001 5215 1113 5281 sed
1158 5216 1427 5281 minime
1473 5215 1683 5295 firma,
1725 5215 1854 5280 imo
1901 5235 2163 5299 prorsus
2204 5224 2453 5280 remota
2489 5237 2529 5280 a

577 5321 871 5384 genuino
916 5324 1131 5368 sensu.

1991 387 2398 456 REDITUS
2443 389 2575 456 AD
2616 387 3163 456 HISTORIAM.

4475 386 4600 454 112

3089 662 3393 731 EXODI
3437 664 3740 732 CAPUT
3793 663 4133 731 XXXIV.

2811 835 2865 900 1.
2903 835 2992 900 Et
3023 836 3117 901 ait
3137 835 3367 902 Iehova
3401 838 3490 903 ad
3511 834 3764 902 Mosen.-
3799 834 3969 901 Dola
4000 835 4116 901 tibi
4146 836 4313 902 duas
4346 838 4592 906 tabulas

2633 922 2841 987 instar
2855 922 3186 1002 priorum:
3222 927 3277 987 et
3296 922 3571 988 scribam
3591 923 3662 986 in
3683 921 3786 987 his
3805 920 4038 987 tabulis
4056 922 4244 988 verba
4264 943 4422 1005 quae
4452 926 4589 1008 fue-

2634 1007 2853 1073 runtin
2873 1007 3106 1073 tabulis
3115 1008 3450 1090 prioribus
3472 1029 3632 1091 quas
3661 1008 3932 1092 freqisti.
3969 1007 4028 1072 2.
4054 1007 4209 1073 Esto
4230 1029 4371 1091 erqo
4391 1031 4593 1091 para·

2634 1098 2738 1158 tus
2792 1112 2992 1173 mane,
3036 1098 3092 1160 et
3134 1095 3394 1160 ascende
3434 1114 3618 1159 mane
3661 1095 3729 1158 in
3771 1097 4033 1159 montem
4080 1092 4297 1160 Sinai.-
4352 1101 4593 1178 stesque

2634 1178 2795 1244 mihi
2852 1178 2984 1245 illie
3037 1200 3229 1262 super
3284 1182 3567 1246 verticem
3619 1179 3830 1261 ipsius
3893 1180 4141 1245 montis.
4231 1181 4290 1245 3.
4354 1182 4593 1248 Nullus

2634 1265 2925 1330 ascendat
2985 1269 3214 1343 tecum,
3304 1286 3410 1331 nec
3472 1266 3646 1331 ullus
3709 1265 3995 1331 videatur
4058 1266 4129 1332 in
4191 1271 4310 1333 toto
4372 1273 4590 1346 monte,

2633 1351 2822 1415 etiam
2887 1371 3025 1416 oves
3088 1357 3201 1416 aut
3264 1351 3436 1418 boves
3497 1371 3627 1415 non
3691 1356 4042 1432 pascantur
4118 1352 4189 1416 in
4254 1374 4381 1435 pro

2632 1437 2861 1501 montis
2903 1435 3112 1502 huius.
3199 1439 3258 1502 4.
3304 1437 3566 1504 Dolavit
3625 1456 3768 1520 erqo
3808 1437 3975 1502 duas
4016 1436 4263 1504 tabulas
4303 1439 4591 1521 lapideas

2633 1524 2840 1588 instar
2867 1522 3201 1603 priorum:
3237 1527 3294 1587 et
3328 1542 3704 1606 consumens
3727 1520 3942 1587 Moses
3984 1542 4167 1588 mane
4207 1525 4486 1591 aseendit
4519 1526 4591 1592 in

2631 1612 2897 1673 montem
2944 1607 3150 1687 Sinai,
3195 1610 3356 1674 sicut
3385 1612 3793 1689 praeceperat
3833 1608 3892 1673 ei
3937 1607 4196 1689 Iekova,
4254 1615 4309 1675 et
4361 1612 4593 1695 accepit

2632 1694 2702 1759 in
2747 1713 2940 1758 manu
2982 1714 3103 1760 sua
3146 1695 3312 1759 duas
3353 1693 3600 1759 tabulas
3641 1694 3944 1776 lapideas.
4011 1692 4073 1759 5.
4127 1695 4304 1760 Tune
4344 1697 4590 1764 descen·

2631 1780 2726 1846 dit
2752 1778 2980 1845 Iehova
3021 1782 3093 1845 tn
3133 1780 3311 1863 nube,
3358 1784 3412 1846 et
3453 1780 3613 1845 stetit
3655 1798 3865 1844 coram
3907 1799 3975 1844 eo
4009 1778 4160 1859 illic,
4207 1786 4263 1846 et
4293 1782 4591 1849 clamavit

2633 1867 2700 1932 in
2767 1866 3012 1931 nomine
3055 1865 3337 1932 Iehovae.
3439 1866 3499 1931 6.
3564 1865 3946 1945 Transiens,
4001 1866 4295 1948 inquam,
4360 1867 4592 1936 Iehova

2633 1955 2775 2018 ante
2816 1971 2973 2027 eum,
3016 1952 3340 2031 clamavit,
3400 1951 3665 2030 lehova,
3710 1950 3968 2031 Iekova,
4012 1951 4193 2018 Deus
4233 1954 4591 2021 misericors

2632 2042 2688 2103 et
2730 2039 3008 2113 clemens,
3054 2038 3279 2103 tardus
3315 2038 3402 2104 ad
3434 2039 3622 2115 iram,
3687 2041 3743 2102 et
3782 2037 4018 2102 multus
4058 2039 4492 2106 misericordia
4534 2042 4590 2107 et

2632 2124 2911 2188 veritate:
2995 2123 3053 2188 7.
3104 2124 3380 2189 Ser-vans
3417 2121 3916 2189 misericordiam
3955 2122 4252 2203 millibus,
4298 2127 4591 2209 auferens

2634 2210 3042 2291 iniquitatem,
3089 2214 3146 2275 et
3185 2211 3742 2294 transyressiouem
3759 2258 3775 2289 ‚
3819 2213 3875 2273 et
3903 2214 4258 2291 peecatum,
4303 2216 4361 2276 et
4401 2213 4588 2277 inno·

2632 2301 2858 2359 centem
2899 2315 3022 2361 nou
3053 2295 3313 2377 faciens,
3355 2296 3627 2360 visitans
3669 2295 4065 2376 iniquitatem
4095 2301 4362 2376 patrum
4395 2317 4589 2380 super

2627 2381 2801 2462 filios
2837 2381 3117 2461 filiorum
3157 2382 3231 2446 in
3268 2382 3476 2447 tertios
3518 2385 3574 2446 et
3607 2384 3878 2463 quartos.
3991 2380 4049 2447 8.
4095 2379 4434 2448 Festinans
4474 2403 4589 2448 au-

2630 2471 2750 2531 tem
2775 2465 2988 2533 Moses
3009 2468 3341 2533 inelinavit
3361 2487 3429 2533 se
3463 2468 3549 2533 ad
3570 2472 3822 2544 terram,
3847 2470 3905 2530 et
3925 2467 4230 2533 adoravit.
4277 2468 4338 2534 9.
4366 2468 4586 2535 Dixit-

2631 2573 2777 2634 que.-
2838 2550 2913 2616 Si
2961 2573 3124 2618 nunc
3163 2553 3374 2619 inveni
3412 2554 3690 2636 qratiam
3731 2552 3803 2616 in
3846 2551 4042 2617 oeulis
4098 2555 4229 2618 tuis
4242 2604 4259 2633 ,
4318 2553 4588 2621 Domine

2629 2638 2738 2717 mi,
2795 2638 3238 2720 proficiscatur
3303 2639 3570 2723 ayedum
3630 2636 3945 2703 Dominus
4008 2658 4185 2703 meus
4248 2640 4320 2706 iu
4384 2641 4586 2706 medio

2629 2725 2851 2790 nostri:
2906 2729 2962 2790 et
3015 2725 3170 2807 quia
3209 2726 3491 2807 populus
3546 2724 3744 2790 durae
3795 2724 4050 2791 cervicis
4103 2728 4218 2803 est,
4264 2728 4588 2809 propitius

2629 2829 2742 2961 ‚³:0³
2779 2810 3397 2963 :ertatem
3453 2814 4223 2962 :tamesae
4255 2813 4587 2982 pm.

2629 2983 2863 3048 cutiam
2903 2982 3124 3064 foedus
3164 3002 3374 3050 coram
3417 2986 3532 3047 toto
3565 2980 3801 3064 populo
3845 2986 3977 3059 tuo,
4034 2987 4090 3046 et
4145 2982 4327 3049 edam
4380 2985 4586 3049 mira·

2629 3068 2770 3134 cula
2811 3089 2971 3150 quae
3026 3090 3148 3135 non
3203 3073 3352 3134 sunt
3406 3073 3615 3135 ereata
3669 3069 3738 3132 in
3794 3066 4093 3133 universa
4146 3073 4345 3149 terra,
4406 3074 4465 3136 et
4515 3068 4586 3135 in

2629 3155 2863 3220 eunctis
2916 3154 3299 3220 nationibus.-
3358 3158 3413 3216 et
3466 3153 3693 3220 videbit
3749 3157 3909 3217 totus
3954 3155 4235 3235 populus
4289 3156 4361 3221 in
4403 3156 4586 3221 cuius

2628 3241 2827 3306 medio
2884 3261 2978 3319 es,
3037 3242 3200 3323 quod
3257 3239 3529 3307 terribile
3586 3241 3671 3307 sit
3708 3259 3863 3322 opus
3908 3239 4172 3306 Iehovae
4215 3242 4380 3324 quod
4419 3240 4586 3324 facio

2628 3331 2843 3392 tecum.

2803 3497 2859 3561 1.
2909 3495 3082 3563 Dola
3124 3496 3240 3561 tibi
3295 3497 3477 3563 duaa
3574 3495 3968 3580 Quanquam
4016 3495 4141 3562 hac
4184 3505 4433 3563 tessera
4478 3494 4585 3562 vel

2629 3592 2901 3650 externo
2969 3582 3268 3667 symbolo
3334 3583 3586 3648 sancita
3647 3581 3778 3646 fuit
3845 3583 4238 3648 instauratio
4323 3582 4583 3666 abrupti

2628 3669 2926 3745 foederiS,
2971 3688 3057 3733 ne
3102 3680 3323 3733 tamen
3361 3677 3686 3751 torporem
3732 3667 4075 3734 induceret
4117 3670 4350 3734 veniae
4386 3668 4585 3735 facili-

2628 3764 2763 3834 tas,
2824 3755 3036 3822 voluit
3083 3753 3264 3819 Deus
3308 3751 3564 3838 aliquod
3610 3774 3858 3837 poenae
3904 3754 4255 3838 vestigium
4302 3760 4606 3820 restare:‘

2629 3863 2705 3908 ac
2749 3841 2807 3906 si
2851 3841 3123 3907 vulnere
3177 3846 3406 3905 sanato
3461 3848 3760 3905 maneret
3800 3840 4094 3906 cicatrix.
4183 3840 4455 3906 Nullum
4511 3840 4582 3906 in

2627 3927 2957 4010 prioribus
3023 3925 3262 3991 tabulis
3326 3924 3612 3991 hominis
3678 3926 4026 4004 artificium
4100 3927 4580 3994 intervenerat:

2631 4034 2784 4077 nam
2844 4012 3026 4078 Deus
3088 4031 3326 4077 arcana
3385 4032 3506 4076 sua
3563 4012 3809 4076 virtute
3875 4012 4163 4095 sculptas
4220 4011 4584 4078 tradiderat

2593 4098 2822 4177 ‚Mosi,
2868 4116 3047 4161 nunc
3090 4119 3242 4180 pars
3284 4096 3461 4163 illius
3506 4104 3726 4162 tantae
3763 4095 4106 4180 dignitatis
4141 4099 4581 4179 imminuitur,

2631 4184 2788 4249 dum
2846 4183 3107 4249 iubetur
3154 4183 3373 4249 Moses
3428 4183 3679 4267 lapides
3739 4183 3973 4248 afferre
4033 4205 4236 4249 manu
4296 4185 4582 4251 hominis

2630 4270 2887 4353 politos,
2923 4270 2994 4333 in
3027 4269 3260 4354 quibus
3295 4269 3536 4335 scribat
3579 4269 3761 4335 Deus
3800 4269 4023 4337 decem
4062 4269 4285 4336 verba.
4355 4270 4581 4351 Quare

2634 4377 2763 4420 non
2790 4375 3057 4438 prorsus
3080 4355 3291 4419 deleta
3317 4355 3440 4419 fuit
3460 4354 3820 4440 ignominia
3843 4355 4130 4422 sceleris:
4169 4356 4336 4421 nihil
4362 4368 4582 4422 tamen

2631 4440 2802 4525 quod
2847 4441 2918 4506 in
2962 4441 3240 4506 salutem
3278 4441 3717 4507 necessarium
3752 4440 3923 4506 foret
3957 4442 4064 4507 vel
4101 4441 4282 4521 utile,
4329 4442 4582 4508 detrac-

2633 4540 2793 4592 tum.
2883 4526 3057 4591 Nam
3125 4526 3208 4592 ad
3275 4527 3726 4593 testimonium
3792 4528 4042 4611 gratiae
4102 4527 4228 4592 Dei
4296 4538 4362 4593 et
4418 4528 4582 4612 legis

2632 4612 3294 4692 commendationem,
3365 4624 3437 4677 ut
3503 4624 3881 4679 reverenter
3947 4633 4088 4677 eam
4155 4614 4580 4697 susciperent,

2633 4698 2800 4763 nihil
2869 4698 3103 4764 defuit:
3180 4706 3434 4765 tantum
3503 4712 3655 4764 nota
3720 4700 3834 4764 illa
3899 4698 4164 4764 fuerunt
4230 4700 4582 4777 humiliati,

2633 4784 2802 4868 quod
2848 4783 3095 4867 lapides
3140 4785 3211 4850 in
3255 4784 3489 4869 quibus
3528 4786 3710 4851 Deus
3753 4784 3980 4850 foedus
4026 4807 4217 4851 suum
4265 4785 4579 4869 deposuit,

2634 4892 2764 4935 non
2819 4872 3085 4936 fuerunt
3129 4893 3327 4936 manu
3372 4873 3511 4937 eius
3554 4872 3847 4950 formati,
3917 4892 4036 4938 nec
4087 4872 4226 4937 nati
4283 4872 4355 4936 in
4400 4892 4582 4937 sacro

2633 4964 2871 5022 monte.
2963 4956 3156 5037 Quod
3216 4978 3290 5022 ar
3340 4971 3448 5022 ute
3504 4958 3769 5041 quidam
3824 4966 4162 5039 exponunt
4220 4957 4342 5024 hoc
4393 4958 4581 5043 signo

2635 5043 2894 5108 edoctos
2955 5043 3152 5108 fuisse
3209 4980 3516 5123 luffaeos,
3571 5045 3784 5127 legem
3844 5065 4110 5108 manere
4154 5044 4406 5109 irritam
4455 5043 4582 5109 nisi

2633 5126 2892 5210 lapidea
2937 5128 3130 5193 corda
3172 5131 3483 5195 offerrent
3530 5131 3687 5207 Dec,
3733 5130 3968 5211 quibus
4012 5130 4223 5212 ipsam
4270 5130 4580 5196 inscribe·

2635 5224 2770 5295 rct,
2835 5214 3138 5280 frivolum
3183 5225 3313 5296 est,
3371 5216 3527 5299 quin
3573 5216 3790 5299 potius
3835 5215 3962 5281 alio
4009 5237 4123 5280 nos
4169 5214 4346 5282 ducit
4390 5214 4581 5281 Pauli

2637 5299 2967 5379 autoritas,
3015 5303 3125 5384 qui
3169 5301 3438 5368 idoneus
3483 5323 3555 5367 ac
3600 5301 3772 5368 fidus
3818 5311 3918 5367 est
3957 5301 4155 5367 huius
4207 5303 4328 5369 loci
4378 5303 4579 5367 inter·
