5017 6142
368 452 498 521 269

375 640 680 710 trahebat
724 641 995 709 ambitio
1032 650 1098 708 et
1134 641 1414 711 avaritia
1441 641 1521 708 ad
1558 641 2083 728 gratificandum,
2127 643 2183 707 si
2233 643 2327 708 ni-

374 728 534 795 ficet
578 749 650 795 se
695 728 934 812 alioqui
977 749 1374 812 propensum
1434 728 1631 794 fuisse
1691 727 1773 794 ad
1832 749 1945 795 sus
1992 726 2161 795 icien
2212 749 2324 795 um

376 814 538 895 iter,
603 813 737 879 nisi
803 813 1124 880 divinitus
1190 823 1361 881 esset
1424 813 1814 897 prohibitus.
1974 813 1999 879 i
2064 817 2324 880 animus

377 900 679 967 sincerus
722 900 973 978 fuisset,
1017 901 1307 984 ingenua
1342 901 1677 984 responsio
1713 899 1784 964 in
1821 906 2127 983 promptu
2162 909 2326 981 erat,

374 987 625 1052 frustra
670 984 776 1051 vel
819 985 1038 1069 ipsum
1082 986 1192 1051 vel
1236 985 1557 1070 quoslibet
1599 985 1757 1052 alios
1802 987 2065 1065 accersi,
2108 993 2182 1052 ut
2223 986 2324 1050 in-

376 1070 675 1138 violabili
717 1071 848 1137 Dei
907 1070 1168 1138 decreto
1222 1093 1294 1137 re
1343 1081 1546 1157 ugnet
1594 1071 1815 1140 Balac.
1907 1069 1985 1138 Si
2043 1072 2139 1136 ita
2182 1091 2324 1138 cor-

375 1156 529 1223 date
565 1156 842 1242 gloriam
864 1155 1010 1223 Deo
1044 1158 1113 1222 in
1150 1157 1274 1224 soli
1324 1179 1434 1223 um
1479 1154 1783 1238 dedisset,
1830 1177 1959 1222 non
2003 1157 2329 1223 submissa

375 1243 608 1309 fuisset
654 1242 861 1309 altera
896 1242 1172 1328 legatio:
1218 1242 1330 1309 sed
1366 1242 1716 1326 flexiloqua
1752 1262 1872 1309 sua
1908 1243 2326 1310 excusatione

377 1329 563 1395 visus
627 1339 729 1395 est
794 1328 1146 1396 accendere
1213 1327 1607 1395 desiderium
1675 1329 1859 1394 stulti
1925 1329 2134 1413 regis,
2199 1350 2326 1413 quo

375 1414 589 1500 pluris
633 1434 824 1480 suam
868 1412 1393 1481 maledictionem
1436 1413 1771 1481 venderet.
1841 1412 2105 1481 Scimus
2147 1415 2325 1480 enim

378 1502 561 1568 hunc
620 1499 961 1584 vulgarem
1015 1521 1158 1567 esse
1214 1520 1464 1567 morem
1523 1501 2021 1584 impostoribus,
2080 1507 2154 1564 ut
2208 1522 2325 1584 pro

378 1586 476 1651 rei
545 1585 930 1652 difficultate
1039 1586 1145 1652 lus
1206 1587 1330 1654 sibi
1401 1586 1720 1652 mercedis
1780 1584 2143 1652 concilient.
2247 1584 2325 1652 Si

380 1672 529 1757 quis
565 1681 787 1738 tamen
824 1693 970 1738 cum
1060 1673 1272 1738 alaam
1308 1672 1600 1739 conferat
1646 1669 2075 1738 conductitios
2118 1692 2199 1756 pa
2249 1693 2325 1738 ae

379 1758 755 1842 prophetas,
801 1778 932 1823 non
967 1777 1197 1841 parum
1236 1756 1448 1826 laudis
1483 1757 1844 1823 merebitur
1878 1756 2116 1824 servile
2147 1757 2197 1822 il
2224 1759 2327 1824 ius

381 1853 450 1909 et
495 1850 791 1909 coactum
836 1845 1214 1927 obsequium
1236 1894 1253 1923 ‚
1315 1851 1512 1929 prout
1557 1842 1956 1909 detestabilis
2001 1851 2101 1909 est
2139 1843 2322 1909 indo-

379 1927 641 1995 mabilis
698 1929 972 1995 istorum
1031 1930 1347 2010 amentia,
1405 1931 1514 2013 qui
1571 1929 1968 1996 reclamante
2033 1929 2175 1995 Deo
2242 1927 2325 1994 ad

378 2015 620 2100 impias
708 2014 1201 2081 maledictiones
1282 2036 1705 2100 perrumpere
1783 2036 1918 2081 non
2001 2014 2324 2082 dubitant.

382 2100 743 2184 Perspicua
785 2115 884 2168 est
925 2121 1119 2184 quam
1165 2120 1339 2186 oppu
1390 2109 1506 2167 nat
1552 2101 1822 2167 veritas:
1882 2099 2327 2167 Formidabile

384 2184 550 2252 illud
611 2185 780 2270 quod
835 2207 953 2270 per
1009 2186 1250 2252 Isaiam
1296 2186 1323 2273 (
1366 2237 1383 2265 ,
1426 2185 1538 2274 20)
1584 2186 1938 2254 denunciat
1993 2185 2326 2267 iudicium,

382 2281 701 2357 personat
741 2275 812 2339 in
860 2292 1090 2338 eorum
1134 2274 1431 2339 auribus:
1480 2272 1613 2338 l'ae
1666 2272 1777 2356 qui
1832 2271 2060 2340 dicunt
2111 2273 2326 2339 lucem

385 2358 712 2436 tenebras,
759 2367 823 2423 et
868 2357 1172 2424 tenebras
1216 2357 1450 2425 lucem.
1539 2358 1836 2442 Pergunt
1881 2357 2327 2439 nihilominus,

388 2451 456 2508 et
501 2441 692 2510 bruto
728 2443 947 2510 furore
984 2443 1428 2528 blasphemias
1471 2454 1804 2523 evomunt,
1850 2465 1979 2510 non
2019 2444 2209 2510 modo
2244 2443 2328 2510 ad

386 2528 788 2614 perdendam
833 2529 1201 2605 ecclesiam,
1265 2531 1379 2597 sed
1438 2529 2017 2615 exstinguendam,
2083 2531 2139 2596 si
2185 2530 2330 2597 fieri

384 2616 615 2699 possit,
662 2627 863 2681 totam
910 2614 1236 2699 pietatem.

901 2988 1036 3055 EX
1079 2987 1411 3057 EODEM
1457 2989 1815 3057 CAPITE.

558 3217 659 3284 15.
709 3215 971 3284 Rursus
1011 3237 1155 3301 erqo
1194 3217 1374 3283 misit
1405 3214 1614 3282 Balac
1639 3214 1964 3298 principes
1994 3216 2239 3300 plures,
2275 3224 2334 3285 et

382 3303 714 3372 nobiliores
757 3303 921 3370 istis.
1014 3303 1115 3368 16.
1185 3303 1309 3385 Qui
1351 3303 1658 3369 venientes
1700 3301 1786 3367 ad
1826 3299 2106 3369 Balaam
2148 3304 2325 3372 dixe-

380 3394 531 3456 runt
575 3390 633 3455 ei
647 3414 666 3454 .-
723 3388 834 3455 Sic
875 3389 1045 3455 dixit
1084 3387 1296 3455 Balac
1330 3388 1509 3472 filius
1554 3387 1822 3471 Sippor:
1878 3389 2039 3455 Noli
2096 3411 2328 3473 quaeso

371 3474 702 3561 prohibere
742 3479 798 3541 te
837 3474 1052 3556 ipsum
1094 3495 1171 3540 ne
1211 3477 1428 3541 venias
1470 3473 1558 3539 ad
1598 3494 1725 3540 me.-
1790 3472 1890 3540 17.
1939 3475 2114 3541 Nam
2147 3475 2327 3542 hono-

382 3561 587 3629 rando
641 3559 947 3627 honorabo
1003 3565 1060 3625 te
1113 3560 1323 3640 valde,
1379 3565 1438 3626 et
1488 3560 1797 3643 quidquid
1850 3560 2094 3627 dixeris
2144 3562 2322 3642 mihi,

378 3647 652 3731 faciam.-
704 3646 848 3712 veni
904 3647 1104 3731 iqitur
1157 3646 1430 3727 obsecro,
1486 3650 1541 3712 et
1593 3646 1858 3713 maledic
1898 3646 2058 3712 mihi
2085 3648 2325 3732 populo

379 3733 544 3800 huic.
650 3731 753 3798 18.
1288 3737 1493 3799 autem
1556 3730 1838 3798 Balaam
1899 3732 2062 3798 dixit
2122 3734 2325 3800 servis

380 3818 618 3885 Balac.-
651 3817 932 3884 Etiamsi
965 3818 1234 3886 daturus
1265 3819 1351 3884 sit
1375 3816 1537 3884 milvi
1557 3816 1765 3885 Balac
1783 3817 2042 3901 plenam
2075 3819 2324 3886 domum

379 3904 2324 4073 mmm.-matffflfftwwffmmzaez

954 4039 973 4071 2
1644 4041 1660 4071 ²
2137 4043 2153 4071 1

380 4095 695 4161 maynum.
801 4075 902 4141 19.
964 4075 1151 4141 Nunc
1202 4097 1343 4160 eryo
1396 4081 1666 4154 manete,
1731 4074 2001 4153 obsecro,
2058 4074 2157 4143 hic
2209 4096 2323 4142 vos

381 4182 621 4245 quoque
674 4161 792 4229 hac
843 4165 1034 4241 nocte,
1094 4166 1164 4227 ut
1217 4159 2321 4246 sciamquidaddetlebovaloqui

383 4247 558 4314 mihi.
661 4247 764 4313 20.
833 4248 1009 4313 Tunc
1065 4248 1227 4313 venit
1278 4246 1459 4314 Deus
1516 4248 1603 4314 ad
1656 4245 1939 4314 Balaam
2002 4254 2202 4330 nocte,
2266 4253 2323 4316 et

383 4335 547 4401 dixit
587 4334 647 4400 ei
661 4358 681 4399 .·
725 4331 802 4399 Si
846 4334 932 4400 ad
972 4334 1314 4400 vocandum
1356 4339 1413 4400 te
1453 4333 1735 4399 venerint
1774 4334 1903 4398 viri
1942 4334 2073 4412 isti,
2117 4355 2319 4419 surqe,

381 4420 537 4488 vade
592 4439 733 4487 cum
776 4419 898 4487 eis:
956 4424 1373 4486 verumtamen
1438 4419 1601 4502 quod
1663 4419 1882 4485 dixero
1946 4419 2091 4501 tibi,
2155 4419 2320 4488 illud

378 4506 590 4589 facies.
676 4505 782 4571 21.
831 4503 1123 4571 Surrexit
1163 4506 1371 4588 itaque
1412 4503 1697 4572 Balaam
1738 4524 1921 4573 mane
1936 4555 1953 4583 ,
1998 4510 2055 4571 et
2092 4506 2321 4572 stravit

381 4593 634 4658 asinam
690 4609 907 4671 εααηι,
983 4596 1040 4656 et
1102 4591 1385 4672 perrowit
1459 4610 1599 4657 cum
1640 4591 2044 4674 principibus
2108 4589 2316 4658 Moab.

384 4678 482 4745 22.
531 4676 755 4743 Iratus
785 4697 932 4744 vero
966 4681 1056 4743 est
1091 4675 1277 4758 furor
1295 4675 1426 4743 Dei
1457 4677 1622 4759 quod
1655 4679 1791 4761 ipse
1822 4677 1942 4744 iret
1971 4697 2113 4742 cum
2154 4677 2319 4744 illis.-

384 4764 668 4847 stetitque
700 4763 984 4848 Anyelus
1017 4761 1277 4828 Iehovae
1303 4761 1375 4829 in
1408 4763 1555 4846 ipsa
1595 4764 1721 4839 via,
1767 4763 1837 4828 in
1881 4763 2319 4830 adversarium

385 4850 483 4916 illi
497 4876 517 4916 .-
561 4850 700 4931 ipse
739 4853 948 4915 autem
989 4847 1303 4933 equitabat
1341 4867 1533 4930 super
1576 4850 1829 4915 asinam
1860 4868 2064 4929 suam,
2108 4852 2163 4915 et
2194 4849 2319 4916 duo

378 4937 568 5017 pueri
609 4935 746 5001 eius
787 4939 969 5003 erant
1009 4955 1147 5002 cum
1189 4954 1274 4999 eo.
1346 4933 1447 5000 23.
1491 4934 1585 4999 At
1624 4935 1841 5000 videns
1881 4935 2071 5001 asina
2113 4934 2319 5020 Ληρε-

390 5020 516 5088 lum
540 5020 802 5088 Iehovae
843 5025 1107 5087 stantem
1148 5020 1220 5085 in
1261 5020 1385 5097 via,
1431 5023 1487 5085 et
1523 5019 1807 5104 yladium
1849 5021 1989 5087 eius
2027 5021 2319 5105 evaqina-

388 5110 512 5173 tum
556 5109 626 5174 in
679 5127 874 5173 manu
929 5106 1094 5187 eius,
1151 5106 1484 5172 declinavit
1538 5105 1655 5172 illa
1699 5127 1731 5171 e
1772 5106 1910 5186 via,
1966 5111 2023 5173 et
2080 5108 2194 5172 ivit
2248 5108 2319 5173 in

389 5214 642 5278 cyrum.-
682 5193 893 5276 itaque
924 5193 1239 5274 percussit
1282 5191 1559 5259 Balaam
1603 5192 1857 5259 asinam
1899 5197 1969 5258 ut
2009 5193 2321 5259 declinare

387 5279 615 5361 faceret
669 5298 807 5345 eam
862 5278 931 5344 in
988 5279 1174 5344 viam.
1262 5278 1366 5345 24.
1425 5276 1719 5361 Stetitque
1768 5283 1985 5361 postea
2039 5278 2322 5363 Anqelus

391 5364 651 5432 Ielzovae
693 5367 765 5431 in
804 5365 1028 5432 semita
1069 5364 1428 5431 vinearum.-
1482 5364 1757 5431 maceria
1812 5384 1942 5431 una
1984 5369 2118 5431 erat
2159 5364 2319 5446 hinc,

1792 451 2198 521 REDITUS
2245 453 2372 520 AD
2416 453 2963 521 HISTORIAM.

4239 460 4371 527 270

2429 649 2487 710 et
2519 644 2796 711 maceria
2829 642 3026 710 altera
3062 645 3225 711 inde.
3285 645 3388 712 25.
3443 645 3675 712 Videns
3707 667 3850 714 vero
3882 649 4146 716 secundo
4179 651 4370 715 asina

2428 729 2742 815 Anyelum
2804 728 3090 807 Iekovae,
3153 731 3484 798 coarctavit
3539 751 3670 798 sese
3711 734 3980 816 parieti,
4039 735 4368 802 coarctavit

2426 835 2668 899 quoque
2704 815 2918 899 pedem
2939 814 3225 882 Balaam
3266 818 3354 883 ad
3375 819 3718 899 parietem.-
3748 824 4083 902 propterea
4123 820 4370 887 addidit

2417 906 2735 983 percutere
2777 919 2931 967 eam.
2998 900 3100 967 26.
3148 901 3420 969 Addidit
3451 909 3776 985 praeterea
3799 905 4081 988 Anyelus
4102 905 4366 973 Iehovae

2428 988 2735 1065 transire,
2795 991 2852 1051 et
2902 989 3068 1053 stetit
3121 987 3190 1052 in
3244 987 3370 1053 loco
3410 993 3668 1072 anqusto
3708 989 3818 1055 ubi
3860 991 4040 1057 nulla
4083 996 4218 1058 erat
4258 992 4366 1058 via

2428 1073 2517 1138 ad
2572 1071 3007 1138 declinandum
3057 1074 3189 1139 sive
3246 1075 3331 1140 ad
3386 1074 3673 1140 dextram
3720 1075 3848 1142 sive
3890 1076 3975 1142 ad
4014 1078 4362 1143 sinistram.

2428 1157 2535 1224 27.
2610 1157 2813 1239 Quum
2877 1163 3081 1224 autem
3143 1159 3403 1225 vidisset
3463 1160 3654 1226 asina
3708 1160 4020 1246 Anyelum
4085 1162 4364 1244 Iehovae,

2427 1243 2745 1310 succubuit
2807 1245 2920 1310 sub
2982 1243 3263 1310 Balaam
3280 1295 3295 1324 ‚
3359 1244 3524 1311 unde
3582 1247 3788 1312 iratus
3846 1247 4030 1330 furor
4086 1246 4367 1314 Balaam

2417 1329 2730 1414 percussit
2782 1330 3036 1395 asinam
3092 1329 3323 1397 baculo.
3411 1329 3514 1397 28.
3574 1330 3662 1396 Et
3713 1334 3962 1415 aperuit
4018 1333 4247 1400 Iehova
4299 1353 4367 1400 os

2428 1417 2671 1493 asinae,
2714 1413 3000 1497 dixitque
3040 1415 3154 1481 illa
3190 1416 3275 1482 ad
3297 1414 3610 1482 Balaam.-
3660 1417 3826 1500 Quid
3861 1418 3984 1501 feci
4026 1417 4157 1499 tibi,
4202 1419 4369 1501 quod

2417 1501 2794 1584 percussisti
2849 1521 2947 1565 me
3003 1501 3137 1566 iam
3188 1501 3387 1567 tribus
3439 1502 3712 1568 vicibus.-
3796 1502 3898 1569 29.
3969 1503 4145 1570 ,Tunc
4196 1505 4364 1571 dixit

2429 1586 2713 1652 Balaam
2755 1586 2843 1652 ad
2884 1586 3170 1653 asinam:
3219 1587 3385 1669 Quia
3417 1587 3683 1654 illusisti
3714 1589 3890 1669 mihi,
3934 1589 4176 1655 utinam
4210 1595 4366 1656 esset

2424 1673 2683 1758 yladius
2757 1672 2830 1736 in
2905 1693 3103 1738 manu
3178 1691 3349 1752 mea,
3428 1679 3584 1740 certe
3658 1695 3821 1740 nunc
3897 1675 4222 1741 occiderem
4286 1680 4361 1741 te.

2429 1759 2533 1825 30.
2581 1756 2772 1823 Dixit
2802 1762 3008 1823 autem
3044 1759 3230 1824 asina
3265 1759 3351 1825 ad
3383 1757 3700 1825 Balaam:
3747 1759 3967 1825 Nonne
4000 1780 4143 1826 sum
4174 1761 4366 1826 asina

2428 1844 2593 1911 tua?
2632 1862 2823 1926 super
2865 1864 2960 1909 me
2998 1844 3288 1927 equitasti
3329 1864 3406 1909 ex
3446 1865 3565 1926 quo
3598 1865 3729 1912 esse
3759 1845 4012 1927 coepisti
4044 1865 4238 1928 usque
4278 1844 4366 1911 ad

2429 1932 2598 1999 diem
2639 1927 2815 2003 hanc,
2864 1930 3172 2013 numquid
3213 1930 3402 1996 solita
3444 1950 3588 1996 sum
3625 1930 3833 2013 facere
3874 1930 3988 1996 tibi
4029 1930 4174 1997 sic?
4240 1931 4365 2013 Qui

2429 2014 2778 2097 respondit.-
2825 2014 3258 2098 Nequaquam.
3346 2015 3449 2081 31.
3495 2015 3583 2080 Et
3623 2016 3850 2082 deteoeit
3892 2015 4116 2083 Iehova
4160 2016 4367 2083 oculos
4507 2062 4516 2071 -

2430 2101 2730 2181 Balaam,
2771 2101 3045 2184 viditque
3080 2100 3391 2184 Anyelum
3429 2100 3696 2167 Iehovae
3737 2106 3995 2168 stantem
4038 2103 4104 2168 in
4147 2103 4275 2180 via,
4312 2107 4368 2167 et

2425 2187 2712 2273 qladium
2758 2187 2897 2252 eius
2937 2188 3331 2272 evaqinatum
3372 2187 3441 2252 in
3483 2207 3678 2252 manu
3721 2189 3886 2253 eius.-
3927 2192 4057 2253 tum
4099 2187 4365 2254 demisso

2429 2273 2632 2354 capite
2673 2270 2961 2338 adoravit
2992 2292 3243 2354 pronus
3283 2273 3355 2337 in
3392 2272 3621 2355 faciem
3662 2293 3863 2339 suam.
3937 2273 4041 2339 32.
4085 2273 4177 2338 Et
4216 2273 4367 2339 allo·

2430 2363 2662 2442 quutus
2717 2363 2808 2423 est
2859 2378 2997 2423 eum
3040 2357 3320 2443 Anyelus
3374 2357 3668 2424 Iehovae:
3744 2359 3951 2440 Quare
3995 2359 4368 2442 percussisti

2431 2445 2687 2511 asinam
2723 2448 2900 2510 tuam
2931 2445 3067 2510 iam
3100 2444 3297 2510 tribus
3330 2443 3617 2510 vicibus?
3661 2464 3738 2510 en
3770 2464 3874 2528 eqo
3909 2461 4191 2528 eqressus
4222 2464 4366 2510 swm

2432 2531 2504 2596 in
2550 2529 2984 2598 adversarium
3027 2529 3158 2610 tibi,
3202 2531 3353 2612 quia
3393 2529 3723 2597 declinavit
3764 2551 3807 2596 a
3851 2529 3960 2595 via
4000 2549 4207 2596 coram
4250 2550 4363 2597 me.

2434 2616 2538 2682 33.
2600 2614 2688 2681 Et
2738 2616 2900 2681 vidit
2950 2635 3046 2679 me
3102 2615 3321 2697 asina,
3393 2615 3836 2698 declinavitque
3888 2619 4028 2681 ante
4083 2635 4177 2680 me
4232 2615 4364 2680 iam

2427 2702 2633 2769 tribus
2686 2700 2961 2767 vicibus.-
3016 2702 3179 2784 quod
3219 2701 3281 2767 si
3333 2721 3456 2767 non
3510 2700 3872 2768 declinasset
3920 2721 3964 2766 a
4001 2700 4169 2784 facie
4208 2719 4363 2779 mea,

2429 2790 2565 2855 iam
2605 2806 2768 2853 nunc
2806 2788 2996 2853 etiam
3036 2791 3091 2852 te
3131 2786 3512 2868 occidissem,
3569 2792 3625 2853 et
3674 2785 3883 2869 ipsam
3924 2787 4133 2852 vivam
4173 2805 4366 2851 reser-

2427 2893 2693 2941 vassem.
2783 2872 2886 2939 34.
2927 2870 3119 2938 Dixit
3170 2873 3367 2957 iqitur
3421 2871 3702 2939 Balaam
3758 2872 3845 2939 ad
3900 2871 4215 2957 Angelum
4259 2872 4361 2937 1e-

2430 2959 2656 3027 hovae.-
2700 2957 2991 3025 Peecavi:
3045 2978 3166 3025 non
3217 2959 3381 3025 enim
3431 2958 3696 3026 sciebam
3738 2958 3899 3040 quod
3939 2963 4009 3023 tu
4049 2961 4252 3023 stares
4294 2958 4363 3022 in

2428 3063 2748 3112 occursum
2789 3045 2913 3110 mei
2966 3045 3038 3109 in
3094 3044 3233 3110 via.-
3289 3064 3455 3110 nunc
3513 3048 3716 3111 autem
3764 3045 3826 3111 si
3879 3043 4118 3109 malum
4162 3047 4252 3108 est
4293 3043 4362 3108 in

2431 3130 2626 3197 oculis
2667 3130 2824 3206 tuis,
2865 3134 3146 3196 revertar
3185 3128 3359 3195 mihi.
3445 3129 3549 3196 35.
3594 3130 3882 3214 Anqelus
3918 3148 4059 3195 vero
4103 3126 4365 3194 Iebovae

2430 3217 2593 3283 dixit
2632 3215 2721 3282 ad
2762 3214 3076 3281 Balaam.-
3135 3213 3303 3283 Vade
3342 3235 3483 3282 cum
3522 3216 3669 3282 istis
3709 3216 3905 3281 viris.-
3945 3217 4364 3280 verumtamen

2428 3300 3627 3384 verbumquodloquaradteilludl
3828 3298 4366 3384 &Abiitiyitur

2432 3388 2713 3454 Balaam
2753 3407 2903 3457 ‚cum
2947 3385 3345 3469 principibus
3403 3385 3637 3453 Balac.-
3720 3386 3825 3452 36.
3880 3385 4174 3451 Audiens
4219 3403 4363 3451 vero

2429 3473 2638 3540 Balac
2680 3473 2843 3556 quod
2883 3472 3202 3539 adveniret
3243 3471 3544 3553 Balaam,
3586 3491 3871 3556 eqressus
3910 3476 4000 3537 est
4041 3471 4109 3535 in
4155 3489 4361 3535 occur-

2426 3580 2571 3627 sum
2613 3559 2748 3625 eius
2789 3559 2859 3624 in
2890 3559 3198 3625 civitatem
3231 3558 3550 3641 quandam
3573 3556 3779 3640 Moab,
3823 3576 3982 3638 quae
4012 3559 4149 3622 erat
4181 3556 4361 3621 itata

2426 3647 2759 3712 terininum
2804 3646 3045 3725 Arnon,
3087 3664 3248 3727 quae
3287 3648 3375 3709 est
3416 3645 3485 3709 in
3518 3648 3783 3710 extrevno
3818 3642 4064 3724 finium.
4131 3639 4234 3707 37.
4273 3640 4364 3706 Et

2426 3731 2597 3798 dixit
2638 3729 2849 3797 Balac
2891 3730 2977 3795 ad
3020 3728 3332 3796 Balaam.-
3375 3730 3608 3796 Annon
3649 3728 3941 3795 mittendo
3984 3727 4135 3793 misi
4175 3727 4262 3794 ad
4304 3731 4362 3792 te

2424 3819 2512 3884 ad
2553 3816 2989 3884 assersendum
3030 3815 3137 3881 te?
3181 3836 3266 3881 an
3299 3836 3439 3882 vere
3468 3836 3587 3882 non
3618 3833 3888 3896 possum
3920 3812 4220 3879 honorare
4249 3816 4307 3878 te
4322 3811 4360 3877 ἓ

2424 3904 2529 3970 38.
2578 3902 2922 3984 Respondit
2953 3906 3160 3968 autem
3195 3899 3476 3967 Balaam
3508 3900 3594 3967 ad
3627 3898 3862 3966 Balac:
3905 3897 4064 3964 Ecce
4103 3898 4241 3964 veni
4275 3896 4363 3964 ad

2423 3995 2511 4056 te.-
2545 4010 2710 4057 nunc
2729 3993 2935 4055 autem
2953 3987 3260 4070 numquid
3282 3988 3526 4053 omnino
3537 3990 3750 4069 potero
3775 3984 3944 4066 loqui
3971 3985 4314 4067 quidquam
4328 3982 4364 4048 ‚2

2439 4074 2709 4142 Verbum
2744 4074 2911 4158 quod
2930 4073 3216 4155 posuerit
3250 4072 3430 4139 Deus
3462 4074 3533 4137 in
3580 4092 3685 4137 ore
3717 4091 3865 4150 meo,
3913 4069 4077 4136 illud
4116 4071 4357 4153 loquar.

2424 4161 2529 4229 39.
2575 4160 2664 4226 Et
2691 4162 2977 4243 perrexit
3008 4158 3290 4226 Balaam
3323 4178 3464 4224 cum
3497 4155 3720 4235 Balac,
3762 4160 3817 4223 et
3844 4161 4259 4239 pervenerunt
4290 4156 4359 4220 in

2423 4248 2730 4314 civitatem
2773 4245 3053 4311 Husoth:
3136 4244 3241 4309 40.
3294 4244 3384 4310 Et
3438 4243 3730 4309 mactavit
3772 4239 3981 4308 Balac
4037 4241 4244 4320 boves,
4303 4246 4359 4306 et

2424 4355 2595 4400 oves.-
2649 4333 2939 4414 misitque
2986 4331 3071 4397 ad
3114 4329 3394 4396 Balaam
3452 4333 3509 4395 et
3554 4328 3639 4395 ad
3682 4328 4008 4412 principes
4056 4330 4167 4411 qui
4219 4346 4359 4394 cum

2422 4421 2564 4502 ipso
2584 4422 2778 4486 erant.
2840 4417 2942 4482 41.
2983 4416 3243 4483 Postera
3275 4420 3483 4482 autem
3515 4414 3617 4480 die
3650 4415 3880 4496 accepit
3902 4412 4110 4480 Balac
4143 4416 4358 4497 ipsum

2424 4504 2742 4584 Balaam,
2799 4508 2854 4569 et
2909 4502 3231 4568 ascendere
3280 4501 3428 4580 fecit
3474 4520 3613 4567 eum
3657 4500 3722 4564 in
3766 4497 4004 4566 excelsa
4047 4498 4251 4579 Baal,
4302 4502 4359 4563 et

2423 4591 2582 4656 vidit
2623 4590 2800 4656 illinc
2840 4593 3178 4656 extremum
3207 4585 3453 4670 populi.

2599 4761 2698 4828 15.
2746 4759 2934 4827 Misit
2979 4757 3183 4826 Balac
3226 4756 3400 4825 alios.
3489 4756 3618 4823 Hic
3660 4759 4008 4837 cernimus,
4054 4753 4356 4839 quamvis

2423 4848 2805 4933 suppliciter
2848 4845 2976 4911 Dei
3021 4845 3299 4929 gratiam
3345 4844 3695 4928 implorent
3738 4843 3990 4927 profani
4036 4841 4353 4919 homines,

2422 4957 2557 5000 non
2602 4943 2824 4999 tamen
2868 4933 3107 4998 fastum
3145 4950 3414 4996 exuere:
3484 4951 3560 4996 ac
3606 4930 3663 4994 si
3699 4929 3782 4994 ad
3817 4923 4353 5012 perstringendos

2423 5019 2553 5087 Dei
2596 5017 2815 5085 oculos
2858 5018 3183 5086 sufficeret
3226 5037 3455 5083 eorum
3490 5012 3811 5099 splendor.
3878 5014 4057 5096 Ergo
4098 5022 4168 5079 ut
4206 5033 4356 5077 eum

2424 5105 2561 5173 suis
2603 5104 2773 5171 votis
2815 5103 3179 5181 subiiciaut,
3225 5103 3356 5169 illis
3400 5101 3560 5169 satis
3606 5108 3705 5166 est
3738 5108 4064 5165 ostentare
4100 5098 4355 5182 magni-

2424 5192 2581 5258 ficas
2641 5208 2946 5274 pompas:
3013 5200 3080 5254 et
3135 5206 3590 5272 quamcunque
3648 5184 4031 5251 modestiam
4092 5183 4357 5250 simulet

2423 5276 2817 5362 superstitio,
2861 5275 3170 5340 interiore
3213 5271 3604 5342 confidentia
3648 5291 3904 5353 semper
3947 5277 4183 5354 turget.
4249 5268 4357 5334 Ita

2423 5362 2629 5431 Balac
2675 5383 2801 5447 quo
2846 5361 3136 5429 favorem
3183 5367 3651 5444 promereatur,
3693 5356 3944 5423 obiecta
3987 5377 4105 5423 sua
4142 5353 4352 5441 digni·
