5017 6142
433 458 558 526 381

437 651 598 733 gent
650 645 724 711 in
767 650 946 711 terra
991 644 1116 713 sibi
1156 645 1496 729 promissa.
1575 645 1723 713 Lex
1765 666 1922 731 ergo
1966 647 2205 714 dicitur
2246 667 2379 713 non

437 751 580 799 esse
615 731 830 797 inanis
864 731 1021 815 quia
1052 731 1386 798 fructuosa
1427 732 1514 798 sit
1547 731 1619 797 in
1661 732 1961 800 salutem.
2036 732 2380 814 Quomodo

440 826 663 883 autem
720 816 950 883 cadem
1006 818 1093 884 sit
1147 818 1518 896 mortifera,
1579 838 1698 884 nec
1754 818 2105 902 quidquam
2148 838 2269 903 per
2311 839 2382 885 se

440 903 765 970 efficaciae
806 901 1060 981 habeat,
1104 910 1257 968 ante
1301 903 1604 970 diximus,
1664 904 1910 970 Verum
1947 904 2210 988 quidem
2248 911 2378 971 est:

438 988 650 1073 legem
671 1038 688 1067 ,
742 995 823 1054 ut
878 997 981 1054 est
1032 995 1210 1054 certa
1270 989 1561 1054 iustitiae
1608 991 1866 1075 regula,
1926 990 2204 1056 salutem
2248 1010 2379 1056 non

438 1074 757 1141 fallaciter
799 1074 1176 1157 promittere
1220 1073 1621 1141 hominibus:
1679 1075 1794 1141 sed
1839 1076 1995 1159 quia
2044 1095 2238 1140 nemo
2281 1084 2381 1141 est

440 1161 552 1243 qui
602 1180 676 1226 re
734 1160 880 1243 ipsa
928 1166 1214 1243 praestet
1253 1159 1427 1243 quod
1469 1159 1656 1226 Deus
1699 1161 1938 1246 exigit,
1996 1160 2379 1228 accidentali

437 1245 781 1310 hominum
834 1246 1059 1329 culpa,
1112 1245 1254 1311 vita
1310 1247 1714 1312 convertitur
1767 1248 1841 1312 in
1895 1255 2208 1311 mortem:
2266 1245 2378 1312 ubi

439 1339 656 1398 autem
695 1351 924 1397 omnes
944 1329 1067 1397 sub
1088 1330 1539 1398 maledictione
1572 1329 1853 1398 demersi
1880 1343 2055 1413 sunt,
2090 1331 2381 1399 succedit

439 1437 681 1483 novum
761 1415 1154 1495 remedium,
1239 1418 1355 1483 ubi
1432 1419 1721 1502 gratuita
1792 1419 1987 1483 venia
2065 1420 2159 1484 sic
2236 1419 2379 1484 Deo

436 1501 942 1653 reconciliantur
1003 1510 1078 1569 ut
1140 1503 1589 1586 qualecunque
1654 1505 1943 1587 ipsorum
1998 1504 2377 1587 obsequium

436 1609 480 1673 p
507 1597 706 1654 accat.

609 1673 713 1739 48.
775 1673 1217 1755 Loquutusque
1255 1680 1344 1741 est
1365 1672 1594 1740 Iekova
1626 1676 1711 1741 ad
1731 1673 1953 1740 Mosen
1985 1694 2053 1740 eo
2084 1675 2224 1757 ipso
2256 1673 2374 1740 die.

436 1759 584 1825 Hoc
624 1780 745 1826 suo
786 1759 1016 1824 ordine
1051 1780 1186 1825 non
1218 1760 1447 1825 referri
1482 1760 1636 1825 inde
1670 1760 2015 1844 colligitur,
2057 1761 2210 1844 quia
2236 1779 2378 1825 cer·

436 1853 582 1910 tum
639 1853 741 1911 est
782 1845 1017 1912 Mosen
1071 1856 1224 1911 ante
1272 1846 1715 1930 conscriptum
1767 1847 2093 1913 canticum
2136 1844 2217 1910 de
2258 1864 2378 1911 sua

434 1938 645 1996 morte
699 1930 901 1996 fuisse
957 1930 1385 1998 admonitum.
1472 1930 1680 2013 quue
1736 1931 1975 1997 diserte
2031 1932 2377 1998 confirmat

435 2016 641 2082 altero
704 2016 851 2083 loco
912 2036 1106 2100 quem
1157 2017 1426 2082 attexui.
1514 2016 1696 2082 Dicit
1749 2018 1921 2082 enim
1940 2070 1957 2094 ,
2024 2026 2373 2100 antequam

434 2103 562 2168 sibi
601 2103 1027 2169 substitueret
1069 2103 1260 2169 Iosue
1277 2153 1294 2181 ,
1338 2101 1704 2169 condictum
1746 2101 1870 2167 sibi
1912 2102 2114 2168 fuisse
2158 2101 2373 2167 locum

438 2187 548 2253 ubi
587 2195 869 2253 mortem
910 2187 1147 2254 obiret:
1192 2187 1307 2254 sed
1350 2207 1596 2255 novum
1638 2208 1774 2253 non
1809 2196 1909 2255 est
1940 2189 2177 2254 seriem
2221 2207 2374 2252 nar·

434 2274 707 2339 rationis
748 2274 1008 2339 inverti.
1099 2273 1445 2339 Caeterum
1493 2274 1599 2338 hic
1642 2293 1863 2339 rarum
1915 2273 2066 2339 fidei
2108 2282 2179 2339 et
2219 2273 2371 2339 obe-

436 2357 722 2425 dientiae
763 2359 1091 2447 specimen
1129 2380 1394 2426 cernere
1436 2356 1606 2424 licet.
1665 2360 1947 2426 Mortem
1984 2358 2373 2424 naturaliter

434 2446 699 2529 fugiunt
756 2465 1034 2524 omnes,
1070 2454 1147 2510 ut
1202 2465 1398 2510 nemo
1455 2454 1685 2529 sponte
1728 2444 1811 2512 ad
1858 2466 2004 2512 eam
2050 2452 2370 2528 properet,

434 2550 770 2614 nunquam
823 2550 897 2595 er
941 2551 981 2596 o
1045 2539 1276 2615 sponte
1339 2531 1679 2614 ingressus
1743 2539 1917 2597 esset
1977 2530 2373 2615 sepulcrum,

432 2616 563 2681 nisi
615 2636 733 2699 spe
795 2636 899 2681 me
927 2617 1082 2683 ioris
1148 2619 1323 2682 vitae
1384 2616 1612 2683 fretus.
1701 2616 1937 2683 Simile
1997 2615 2373 2700 exemplum

433 2710 585 2768 aute
641 2701 923 2769 vidimus
981 2704 1053 2767 in
1109 2702 1436 2767 Aharone.
1524 2703 1730 2786 Atqui
1786 2709 1947 2769 tunc
2002 2722 2215 2785 neque
2269 2722 2370 2766 re·

431 2788 747 2855 surrectio
792 2796 927 2852 tam
967 2788 1376 2853 familiariter
1410 2788 1731 2871 patefacta
1773 2795 1915 2854 erat
1949 2808 2141 2871 quam
2177 2786 2373 2853 hodie

430 2894 551 2957 per
608 2874 1046 2957 evangelium,
1103 2874 1382 2940 necdum
1429 2883 1822 2956 apparuerat
1878 2872 2187 2939 Christus
2238 2874 2371 2956 pri-

428 2960 655 3025 mitiae
697 2959 1197 3043 resurgentium.
1264 2958 1585 3041 Quamvis
1628 2979 1785 3042 ergo
1821 2980 1862 3024 a
1894 2965 2102 3025 morte
2137 2957 2371 3024 abhor-

428 3053 574 3112 reat
615 3045 830 3112 carnis
874 3065 1123 3124 sensus,
1158 3048 1534 3128 praevaleat
1575 3045 1647 3109 in
1682 3045 1870 3110 nobis
1914 3044 2074 3111 fides
2111 3044 2194 3110 ad
2239 3053 2370 3110 ter-

430 3152 612 3197 rores
654 3150 884 3196 omnes
927 3130 1358 3213 superandos,
1418 3131 1610 3197 sicuti
1653 3130 1901 3195 Paulus
1958 3130 2146 3196 docet
2200 3129 2371 3195 filios

428 3218 589 3294 Dei,
635 3216 937 3298 quamvis
979 3237 1113 3282 non
1156 3224 1469 3299 appetant
1502 3217 1687 3297 exui,
1729 3225 1956 3300 optare
1992 3226 2212 3282 tamen
2258 3236 2370 3280 su-

425 3301 730 3386 perindui
748 3352 763 3380 ,
830 3311 909 3367 ut
972 3301 1396 3368 absorbeatur
1458 3303 1825 3367 mortalitas
1889 3322 1930 3367 a
1993 3302 2146 3367 vita.
2238 3300 2368 3367 Sed

426 3387 799 3454 obedientia
831 3386 992 3453 haec
1024 3389 1151 3454 fuit
1171 3388 1544 3473 singularis,
1582 3388 1665 3453 ad
1695 3396 1970 3453 mortem
1995 3407 2129 3452 non
2152 3386 2372 3452 minus

425 3474 709 3541 libenter
773 3493 846 3539 se
910 3474 1250 3558 accingere
1314 3493 1509 3557 quam
1563 3474 1624 3538 si
1684 3473 2009 3538 invitatus
2052 3480 2229 3539 esset
2285 3472 2369 3539 ad

422 3560 674 3625 laetum
730 3559 992 3643 aliquod
1060 3559 1438 3643 hospitium.
1526 3557 1718 3626 Unde
1783 3566 2055 3643 apparet
2114 3565 2374 3625 sanctos

424 3646 603 3713 viros
646 3646 739 3709 ita
772 3666 843 3711 se
885 3665 1296 3712 consecrasse
1338 3646 1502 3729 Deo,
1547 3657 1624 3710 ut
1658 3646 1796 3711 eius
1832 3644 2102 3710 arbitrio
2144 3644 2372 3710 vivere

425 3740 497 3798 et
527 3731 698 3796 mori
731 3731 943 3813 parati
978 3739 1217 3797 essent.
1297 3731 1493 3797 Mons
1527 3731 1798 3797 Abarim
1835 3729 2096 3796 videtur
2128 3749 2371 3795 nomen

426 3818 782 3900 sumpsisse
824 3817 905 3882 ab
949 3817 1240 3901 angulis,
1300 3817 1402 3883 vel
1446 3816 1790 3895 lateribus,
1846 3817 2000 3900 quia
2040 3816 2107 3880 in
2151 3816 2372 3899 plures

425 3903 627 3971 colles
682 3902 934 3969 divisus
976 3915 1117 3969 erat
1132 3954 1148 3983 ,
1208 3903 1402 3970 sicuti
1445 3904 1640 3968 etiam
1683 3902 1792 3968 hic
1848 3908 2122 3969 vocatur
2163 3900 2369 3980 Nebo,

424 3997 497 4056 et
537 3989 694 4055 alibi
738 3988 1014 4055 diversis
1058 3989 1451 4055 nominibus.
1538 3988 1676 4054 Alii
1720 4009 1760 4052 a
1802 3987 2083 4053 transitu
2123 3985 2368 4052 dictum

426 4083 693 4158 putant:
750 4073 868 4140 sed
922 4075 1146 4159 opinio
1191 4075 1308 4141 illa
1358 4073 1741 4158 probabilis,
1796 4072 2036 4156 plurali
2094 4092 2369 4138 numero

424 4160 705 4227 Abarim
760 4161 972 4227 vocari
1017 4161 1123 4226 vel
1165 4160 1503 4227 cacumina
1545 4166 1612 4225 et
1652 4160 1933 4224 vertices
1948 4207 1964 4239 ,
2009 4158 2118 4224 vel
2161 4159 2367 4224 inter-

426 4246 608 4312 stitia
660 4267 826 4330 quae
868 4247 995 4312 sita
1051 4255 1242 4311 erant
1297 4246 1612 4330 oppositis
1667 4222 2130 4312 cacuminibus.
2218 4244 2369 4310 Etsi

426 4340 651 4397 autem
715 4338 944 4417 postea
999 4331 1364 4397 videbimus
1422 4331 1617 4396 aliam
1673 4330 1874 4396 fuisse
1926 4349 2192 4397 causam
2250 4350 2370 4397 cur

425 4438 693 4490 servum
751 4438 947 4484 suum
996 4417 1352 4484 subducere
1403 4417 1601 4483 vellet
1643 4415 1830 4483 Deus
1886 4416 1968 4481 ab
2024 4415 2367 4481 hominum

425 4511 806 4586 conspectu:
866 4503 1157 4569 notanda
1200 4512 1419 4568 tamen
1472 4510 1576 4568 est
1618 4522 1786 4585 quae
1831 4501 1937 4566 hic
1977 4502 2369 4585 exprimitur

424 4588 798 4667 consolatio,
842 4587 1130 4655 levatum
1175 4588 1379 4655 fuisse
1412 4588 1640 4653 mortis
1682 4587 1986 4663 dolorem,
2031 4586 2200 4670 quod
2235 4594 2368 4652 ter-

423 4696 571 4741 ram
634 4675 956 4742 chanaan
1023 4676 1313 4759 aspicere
1378 4674 1609 4741 datum
1674 4674 1816 4739 fuit.
1902 4672 2051 4740 Hac
2114 4672 2369 4738 ratione

426 4761 645 4827 iussus
701 4768 803 4827 est
846 4759 1283 4828 conscendere
1339 4760 1584 4826 montis
1624 4760 1957 4825 verticem.
2046 4757 2369 4839 Quamvis

424 4847 602 4913 enim
666 4845 790 4913 hoc
854 4846 1168 4914 beneficio
1230 4845 1557 4929 privatus,
1617 4843 2049 4927 acquievisset
2104 4844 2173 4908 in
2231 4842 2370 4909 sola

425 4931 555 4998 Dei
609 4932 1041 5016 promissione
1055 4983 1071 5013 ,
1127 4931 1286 4997 haec
1344 4939 1567 4997 tamen
1625 4930 1904 4996 accessio
1947 4948 2080 4993 non
2133 4949 2367 5012 parum

425 5018 669 5101 profuit
732 5025 807 5083 ut
869 5018 1149 5084 alacrius
1212 5016 1528 5100 populum
1593 5015 1664 5080 in
1732 5014 2155 5080 haereditatis
2211 5035 2368 5080 suae

423 5103 650 5169 limine
701 5102 1113 5187 relinqueret.
1202 5102 1433 5185 Neque
1491 5102 1668 5166 enim
1711 5101 1884 5167 filios
1924 5100 2055 5165 Dei
2101 5120 2370 5183 prorsus

423 5190 604 5256 omni
638 5187 926 5255 humano
968 5190 1206 5256 affectu
1237 5188 1425 5254 exuit
1455 5187 1616 5253 fides
1632 5238 1649 5266 ‚
1695 5186 1809 5252 sed
1845 5185 2144 5253 coelestis
2186 5196 2372 5271 pater

421 5296 541 5360 pro
575 5294 697 5341 sua
722 5273 1134 5360 indulgentia
1162 5294 1389 5340 eorum
1424 5272 1874 5339 infirmitatem
1896 5271 2209 5340 sublevat.
2262 5271 2371 5337 Ita

422 5382 624 5447 quum
683 5361 857 5428 Mosi
898 5361 1085 5428 triste
1141 5368 1314 5428 esset
1368 5360 1447 5428 ab
1505 5360 1808 5445 ingressu
1872 5367 2084 5424 terrae
2141 5357 2367 5437 arceri,

1830 458 2239 528 REDI'I'US
2284 458 2413 527 AD
2455 458 3001 527 HISTORIAM.

4302 462 4430 530 382

2483 654 2849 731 opportuno
2890 646 3177 714 subsidio
3215 644 3479 713 adiutus
3512 645 3670 730 fuit,
3715 670 3801 716 ne
3843 650 4177 717 obstaculo
4219 651 4427 737 impe-

2483 732 2739 799 diretur
2779 733 2849 798 in
2884 752 3003 799 suo
3043 753 3259 800 cursu.

2655 818 2759 884 51.
2826 818 2914 884 Et
2973 820 3138 901 quod
3188 820 3636 901 praevaricati.
3739 821 3847 885 Ex
3909 841 4123 904 poena
4190 823 4425 891 melius

2482 904 2899 989 cognoscitur
2962 924 3159 988 quam
3193 906 3646 987 {necessarium
3689 906 3862 972 Mosi
3914 908 4112 972 fuerit
4175 909 4427 993 gratiae

2482 990 2764 1074 signum.
2824 990 3008 1056 Mors
3049 991 3225 1057 enim
3265 1011 3383 1073 per
3416 1011 3487 1056 se
3520 1011 3654 1056 non
3694 991 3855 1058 adeo
3898 993 4132 1059 fuisset
4164 995 4428 1061 acerba:

2483 1075 2599 1141 sed
2652 1096 2849 1143 causa
2903 1095 3069 1159 quae
3112 1077 3348 1141 iterum
3385 1077 3808 1159 exprimitur,
3867 1079 4159 1161 graviter
4200 1080 4427 1145 vulne·

2481 1162 2672 1227 rabat
2724 1163 2932 1228 sancti
2987 1161 3111 1226 viri
3155 1162 3474 1242 animum,
3577 1162 3707 1227 uod
3751 1163 4015 1229 videbat
4054 1185 4126 1230 se
4168 1185 4209 1230 a
4247 1185 4425 1232 com-

2481 1247 2669 1311 muni
2733 1246 3134 1313 haereditate
3202 1246 3285 1312 ob
3350 1266 3680 1330 propriam
3743 1248 4002 1331 culpam
4063 1250 4238 1315 iusta
4295 1250 4424 1317 Dei

2482 1332 2775 1398 vindicta
2830 1331 3119 1399 excludi:
3177 1328 3350 1415 quod
3405 1333 3546 1416 pios
3587 1334 3796 1418 magis
3854 1336 4190 1401 excruciat
4228 1357 4425 1420 quam

2482 1426 2750 1485 centum
2793 1426 3054 1497 mortes,
3097 1418 3232 1483 imo
3272 1418 3674 1484 innumerae.
3761 1419 3940 1485 Hinc
3975 1420 4427 1489 lamentabiles

2480 1504 2618 1568 illic
2638 1504 3080 1588 querimoniae
3103 1503 3381 1570 Davidis
3402 1511 3469 1569 et
3490 1504 3830 1581 Ezechiae,
3866 1513 3935 1570 et
3956 1505 4110 1572 alibi
4132 1507 4425 1573 omnium

2483 1589 2772 1655 fidelium
2815 1588 2930 1654 ubi
2973 1590 3112 1657 vita
3152 1590 3427 1673 eripitur
3471 1590 3552 1655 ab
3594 1588 3761 1655 irato
3805 1589 3984 1671 Deo,
4032 1590 4423 1675 Sepulcrum

2481 1695 2617 1740 non
2661 1673 3078 1740 confitebitur
3121 1675 3237 1741 tibi
3256 1726 3272 1756 ,
3331 1696 3541 1759 neque
3584 1695 3761 1742 mors
3803 1675 4092 1742 laudabit
4134 1685 4229 1756 te,
4290 1698 4424 1743 non

2480 1760 2951 1843 exspectabunt
2993 1760 3336 1826 veritatem
3382 1767 3566 1826 tuam
3610 1763 3720 1844 qui
3766 1761 4169 1828 descendunt
4210 1765 4281 1829 in
4323 1763 4421 1829 fo·

2477 1867 2669 1912 veam
2715 1843 2851 1931 (Ps.
2899 1848 2959 1922 6,
3004 1847 3062 1912 6.
3122 1847 3274 1912 Isai.
3321 1846 3423 1926 38,
3473 1847 3573 1911 18.
3619 1847 3794 1913 Psal.
3842 1847 3985 1928 115,
4033 1847 4160 1997 17}
4228 1848 4422 1915 Oerte

2478 1952 2613 1997 non
2657 1932 2817 1997 adeo
2857 1931 2991 1998 illis
3023 1932 3152 1997 fuit
3192 1931 3597 1998 formidabile
3638 1933 3824 2014 mori,
3867 1935 4022 2016 quin
4068 1954 4110 2016 p
4137 1934 4319 2000 acide
4358 1944 4426 2001 et

2475 2017 2780 2084 alacriter
2819 2018 3182 2103 migrarent
3223 2038 3259 2082 e
3300 2018 3547 2083 mundo
3596 2038 3795 2101 quum
3840 2019 4106 2085 advenit
4145 2027 4422 2103 tempus,

2477 2103 2592 2169 sed
2656 2102 3063 2169 formidabile
3111 2102 3424 2168 iudicium
3480 2101 3642 2184 Dei,
3705 2104 3894 2171 cuius
3944 2125 4142 2169 sensu
4206 2107 4421 2171 territi

2446 2208 2449 2211 ·
2477 2196 2685 2267 erant,
2722 2188 3059 2273 deprecati*
3082 2199 3254 2255 sunt.
3314 2188 3496 2254 Idem
3525 2209 3782 2254 moeror
3815 2190 4133 2256 conficere
4167 2200 4424 2274 poterat

2477 2275 2772 2340 animum
2817 2274 3040 2354 Mosis‚
3085 2276 3212 2340 nisi
3254 2275 3487 2340 fuisset
3522 2274 3878 2357 mitigatus.
3967 2275 4174 2342 Porro
4218 2297 4420 2360 quum

2476 2381 2517 2425 a
2559 2360 2785 2443 poenis
2827 2359 3291 2444 temporalibus
3326 2359 3514 2437 nulli,
3558 2359 3915 2442 quamlibet
3958 2361 4197 2441 eximii,
4235 2383 4421 2446 pror-

2476 2468 2589 2513 sus
2641 2446 2931 2529 exempti
2984 2447 3259 2525 fuerint,
3320 2446 3644 2512 discamus
3687 2464 3797 2510 eas
3848 2446 4174 2528 patienter
4230 2450 4418 2513 ferre.

2476 2531 2652 2598 Mosi
2685 2551 2819 2596 non
2863 2532 3153 2615 pepercit
3185 2532 3386 2610 Deus,
3432 2530 3587 2614 quid
3624 2551 3779 2614 ergo
3822 2531 4063 2596 mirum
4099 2533 4157 2598 si
4190 2534 4421 2599 melior

2475 2637 2612 2682 non
2656 2618 2741 2682 sit
2783 2626 3006 2683 nostra
3059 2616 3389 2684 conditio?
3447 2615 3638 2682 Adde
3685 2614 3856 2700 quod
3898 2617 4237 2682 bominum
4281 2621 4421 2702 opi-

2475 2704 2672 2768 nione
2711 2702 2858 2768 leve
2899 2711 3045 2769 erat
3087 2703 3394 2770 delictum
3409 2752 3424 2780 ,
3469 2702 3653 2769 cuius
3694 2721 3890 2768 causa
3933 2701 4184 2768 duriter
4226 2705 4421 2770 casti-

2473 2795 2667 2873 gatus
2689 2797 2805 2867 est,
2839 2788 3293 2872 indignatione
3312 2790 3486 2854 enim
3508 2795 3863 2870 correptus,
3899 2789 3993 2853 sic
4029 2787 4421 2855 efferbuerat

2474 2883 2704 2940 contra
2743 2873 3077 2957 populum,
3123 2883 3201 2940 ut
3238 2874 3479 2940 mimus
3521 2892 3715 2956 quam
3759 2893 3881 2956 par
3924 2881 4064 2939 erat
4105 2873 4422 2940 tribueret

2474 2961 2604 3026 Dei
2644 2961 2989 3043 potentiae.
3078 2961 3278 3043 Atqui
3315 2960 3573 3026 veniam
3616 2959 3870 3024 facilius
3911 2959 4210 3025 obtinent
4252 2980 4420 3044 quae

2473 3044 2955 3112 inconsiderato
3009 3045 3257 3129 impetu
3301 3046 3489 3111 nobis
3546 3043 3889 3111 excidunt:
3950 3045 4064 3111 sed
4110 3046 4265 3111 hinc
4309 3066 4419 3129 ap-

2473 3140 2666 3215 paret
2708 3152 2907 3214 quam
2966 3132 3248 3215 pretiosa
3291 3131 3379 3197 sit
3422 3131 3565 3197 Deo
3609 3152 3730 3196 sua
3786 3129 4029 3215 gloria,
4090 3131 4249 3197 dum
4293 3131 4419 3195 im·

2474 3238 2652 3302 pune
2706 3216 2816 3285 vel
2855 3238 2973 3300 per
3027 3217 3523 3301 incogitantiam
3571 3217 3903 3282 obscurari
3961 3237 4092 3282 non
4148 3217 4416 3300 patitur.

2475 3302 2692 3369 Simul
2727 3305 2923 3369 etiam
2961 3301 3285 3382 docemur,
3321 3301 3494 3367 nihil
3517 3322 3657 3368 esse
3679 3302 3890 3385 magis
3925 3311 4418 3387 praeposterum

2474 3409 2670 3473 quam
2712 3388 3024 3455 iudicium
3069 3387 3255 3453 nobis
3296 3408 3557 3454 sumere
3600 3387 3681 3451 de
3723 3389 4035 3470 peccatis,
4087 3408 4290 3471 eaque
4333 3389 4417 3454 ad

2475 3482 2771 3540 nostram
2834 3476 3147 3539 trutinam
3205 3473 3607 3557 appendere,
3673 3493 3947 3556 quorum
4003 3473 4180 3539 solus
4233 3475 4418 3539 Deus

2475 3560 2809 3645 legitimus
2854 3565 2953 3625 est
2992 3580 3068 3626 co
3160 3559 3305 3624 itor.
3394 3559 3541 3625 Etsi
3580 3567 3802 3624 autem
3844 3560 4230 3643 pronunciat
4273 3560 4417 3625 Mo·

2477 3667 2596 3712 sen
2641 3654 2710 3713 et
2742 3644 3014 3712 Aharon
3103 3645 3366 3711 efecisse
3385 3696 3399 3722 ,
3461 3654 3528 3710 et
3565 3644 3838 3712 rebelles
3886 3644 4089 3710 fuisse
4132 3647 4229 3709 ori
4274 3664 4421 3712 suo:

2475 3753 2563 3797 ne
2616 3732 2762 3815 quis
2822 3741 3043 3797 tamen
3100 3740 3285 3813 putet
3342 3730 3495 3797 data
3547 3750 3749 3813 opera
3810 3728 4006 3796 fidem
4072 3729 4420 3815 abrogasse

2474 3817 2677 3883 verbo
2722 3816 2872 3896 Dei,
2919 3816 3183 3882 additur
3223 3817 3470 3900 species
3513 3816 3951 3894 correctionis,
4003 3836 4138 3881 non
4184 3817 4426 3882 sancti-

2474 3904 2704 3970 ficasse
2760 3902 2980 3968 Deum
3035 3903 3107 3967 in
3164 3901 3380 3968 medio
3439 3902 3549 3967 vel
3605 3921 3825 3967 coram
3884 3901 4088 3968 oculis
4138 3901 4423 3967 filiorum

2473 3988 2699 4054 Israel.
2783 3988 2979 4055 Unde
3021 3994 3208 4072 patet
3248 4008 3360 4054 eos
3402 3995 3661 4053 tantum
3705 3988 3900 4053 nimis
3943 3987 4230 4054 fervidae
4269 4008 4421 4071 per-

2473 4075 2868 4141 turbationis
2909 4093 3057 4139 reos
3099 4074 3322 4158 peragi
3340 4123 3356 4154 ,
3406 4072 3576 4157 quod
3620 4093 3753 4139 non
3794 4072 3956 4138 satis
4009 4072 4270 4139 cordate
4313 4094 4419 4139 co·

2473 4181 2617 4226 ram
2643 4160 2878 4244 populo
2900 4159 3175 4245 gloriam
3197 4158 3326 4225 Dei
3349 4159 3767 4226 asseruerint.
3808 4157 4090 4242 Reliqua
4109 4167 4419 4243 petantur

2475 4266 2559 4312 ex
2603 4246 2705 4312 20.
2737 4245 2949 4313 Num.
2996 4266 3135 4328 cap.

2936 4532 3333 4600 DEU'I'ER.
3380 4533 3578 4600 OAP.
3623 4531 3964 4600 XXXIII.

2647 4673 2703 4736 1.
2768 4671 2944 4736 Haec
3007 4675 3210 4736 autem
3271 4669 3603 4736 benedictio
3658 4690 3788 4752 qua
3839 4671 4148 4737 benedixit
4202 4670 4414 4736 Moses

2470 4757 2575 4823 vir
2636 4756 2766 4823 Dei
2839 4756 2999 4838 filiis
3062 4756 3271 4821 Israel
3343 4757 3415 4821 in
3472 4761 3661 4822 morie
3724 4777 3862 4823 sua.
3952 4758 4010 4821 2.
4078 4756 4165 4820 Ec
4235 4757 4415 4835 dixit,

2471 4842 2703 4908 Iehova
2735 4862 2769 4909 e
2794 4841 2983 4907 Sinai
3012 4842 3275 4924 prodiit,
3318 4846 3375 4908 et
3406 4846 3578 4908 ortus
3612 4847 3702 4908 est
3734 4862 3768 4907 e
3791 4841 3935 4908 Scir
3977 4842 4158 4922 ipsi&
4200 4842 4416 4908 illuxit

2472 4949 2506 4993 e
2546 4932 2746 4993 monte
2793 4927 3092 5007 Pharan,
3148 4932 3205 4993 et
3245 4928 3408 4992 venit
3447 4947 3588 4993 eum
3630 4928 3832 4993 decem
3872 4927 4150 4992 millibus
4189 4929 4413 4993 sancti-

2473 5015 2656 5079 tatis:
2698 5034 2740 5078 a
2780 5014 3001 5080 dextra
3042 5014 3181 5079 eius
3220 5014 3403 5097 iynea
3446 5012 3544 5079 lex
3577 5013 3729 5078 illis.
3810 5013 3870 5077 3.
3944 5011 4166 5095 Utique
4204 5013 4415 5098 dniqit

2461 5099 2750 5182 populos,
2795 5118 3002 5165 omnes
3041 5100 3242 5164 sancti
3284 5100 3355 5163 in
3395 5097 3685 5164 manibus
3727 5098 3872 5177 tuis,
3919 5103 3974 5162 et
4014 5099 4146 5178 ipsi
4186 5099 4412 5165 adhae-

2473 5189 2686 5250 serunt
2748 5184 3020 5266 pedibu-s·
3081 5186 3242 5264 iaia,
3314 5189 3385 5249 ut
3434 5188 3738 5250 sternerent
3801 5203 3877 5247 ex
3938 5183 4203 5263 eloquiis
4265 5187 4407 5251 buia.

2473 5272 2535 5336 4.
2580 5271 2803 5353 Leyem
2832 5272 3154 5352 praecepit
3191 5271 3367 5335 nobis
3388 5268 3599 5335 Moses
3631 5270 3702 5333 in
3738 5268 4176 5334 haereditatem
4208 5277 4413 5337 coetus

2476 5356 2705 5423 Israel.
2773 5355 2833 5422 5.
2878 5356 2966 5422 Et
3002 5357 3131 5440 fuit
3171 5356 3241 5420 in
3277 5354 3463 5421 Recto
3500 5373 3633 5433 rex,
3676 5354 3748 5419 in
3789 5353 4147 5439 colliyendis
4188 5358 4410 5438 eapiti-
