5017 6142
600 436 736 502 271

612 630 749 689 tate
790 633 858 687 et
901 620 1227 704 potentia:
1272 616 1553 682 Balaam
1592 622 1776 699 putat
1810 613 1937 682 sibi
1973 615 2111 681 fore
2148 614 2554 681 obstrictum.

610 708 760 775 Etsi
813 714 1031 773 autem
1092 701 1351 771 videtur
1405 703 1722 785 impostor
1779 702 1850 766 in
1909 700 2033 768 hoc
2105 699 2391 768 secundo
2452 719 2554 765 re-

610 814 853 878 sponso
886 792 1080 874 longe
1119 789 1468 856 animosior
1503 808 1700 871 quam
1743 786 1948 872 prius,
1993 808 2146 853 mox
2187 797 2407 852 tamen
2446 784 2556 851 de-

584 890 783 952 ‚tecto
847 877 993 943 fuco
1012 928 1028 953 ,
1107 873 1326 959 prodit
1390 873 1713 957 duplicem
1779 873 2094 938 animum.
2205 870 2557 939 Praeclara

616 987 762 1043 vox,
805 974 873 1029 et
916 960 1116 1028 index
1158 979 1508 1046 generosae
1552 957 1988 1025 fortitudinis:
2025 957 2307 1024 Etiamsi
2350 955 2554 1023 Balac

611 1050 776 1119 mihi
817 1048 1087 1115 domum
1128 1054 1402 1130 argento
1450 1055 1515 1111 et
1559 1064 1717 1110 auro
1763 1044 2027 1127 plenam
2073 1042 2358 1120 dederit,
2420 1062 2554 1108 non

615 1132 1060 1220 transgrediar
1102 1131 1229 1198 Dei
1274 1129 1677 1197 mandatum.
1766 1129 1903 1197 Sed
1960 1150 2078 1195 cur
2132 1149 2270 1195 non
2326 1129 2554 1195 statim

612 1221 837 1308 procul
905 1218 1169 1303 ablegat
1232 1216 1560 1300 improbos
1623 1215 2012 1295 licitatores,
2079 1216 2191 1298 qui
2255 1235 2405 1280 eum
2470 1213 2556 1282 ad

615 1306 1204 1392 transgressionem
1272 1300 1676 1369 sollicitant?
1764 1299 2085 1367 Videmus
2140 1320 2297 1385 ergo
2357 1307 2434 1365 ut
2482 1319 2555 1365 se

657 1394 833 1461 otius
886 1389 1183 1459 venditet
1237 1409 1433 1472 quam
1477 1389 1619 1454 Deo
1672 1387 1920 1454 tribuat
1969 1387 2212 1453 iustam
2253 1385 2552 1470 gloriam.

609 1416 840 1546 &oluit
875 1477 1051 1544 enim
1085 1475 1210 1541 hac
1245 1472 1651 1541 obedientiae
1699 1472 2014 1539 iactantia
2059 1472 2184 1539 sibi
2219 1470 2554 1555 acquirere

611 1563 822 1633 sancti
901 1560 1259 1646 prophetae
1337 1560 1606 1625 titulum
1684 1569 1752 1624 et
1829 1557 2165 1624 honorem.
2288 1556 2555 1623 Interea

617 1649 919 1718 inducias
960 1646 1081 1715 sibi
1127 1646 1271 1712 dari
1313 1645 1652 1730 postulans
1695 1643 1899 1710 donec
1941 1643 2309 1732 sciscitatus
2352 1642 2553 1709 fuerit

607 1735 763 1821 quid
827 1735 1084 1819 placeat
1143 1731 1288 1797 Deo
1305 1782 1321 1810 ,
1388 1729 1713 1798 scelestae
1775 1729 2152 1796 rebellionis
2218 1731 2558 1796 convictus

608 1829 890 1889 tenetur.
993 1819 1144 1885 Non
1205 1817 1404 1883 audet
1464 1817 1679 1899 palam
1738 1837 1887 1883 cum
1941 1815 2145 1900 impio
2207 1815 2333 1881 Dei
2395 1834 2554 1882 con-

610 1915 868 1991 temptu
910 1926 980 1970 se
1024 1904 1326 1988 ingerere
1371 1901 1454 1968 ad
1512 1899 2032 1967 maledicendum
2093 1901 2236 1967 eius
2287 1898 2551 1984 populo.

612 1994 848 2059 Recte:
893 1988 1009 2057 sed
1052 2011 1169 2056 cur
1213 2009 1347 2054 non
1391 1987 1738 2071 acquiescit
1781 1986 2042 2053 oraculo
2081 1984 2390 2053 coelesti?
2436 2007 2555 2052 cur

613 2078 856 2147 certior
909 2076 1124 2141 factus
1177 2072 1335 2158 quid
1379 2074 1573 2140 liceat
1614 2093 1857 2153 necne,
1917 2072 2294 2138 dubitanter
2337 2071 2554 2137 adhuc

612 2161 933 2248 inquirit?
1034 2160 1205 2243 Nam
1271 2159 1394 2225 hoc
1458 2158 1650 2226 modo
1716 2158 2072 2238 consultat,
2150 2167 2217 2224 et
2279 2157 2556 2243 ambigit

612 2251 907 2316 fixumne
952 2255 1018 2313 et
1060 2256 1277 2315 ratum
1322 2267 1463 2312 esse
1507 2245 1739 2311 debeat
1773 2242 1947 2330 quod
1990 2245 2191 2311 semel
2226 2243 2556 2328 praecepit

613 2336 825 2402 Deus:
892 2334 1023 2399 imo
1068 2332 1299 2398 Deum
1354 2329 1619 2415 adigere
1684 2341 1954 2397 conatur
2016 2328 2099 2396 ad
2163 2327 2554 2395 mutandum

613 2420 976 2488 consilium.
1065 2418 1174 2483 Ex
1228 2438 1354 2500 quo
1413 2416 1738 2483 audierat:
1781 2415 1935 2482 Non
1977 2415 2136 2495 ibis,
2194 2436 2320 2499 quo
2363 2435 2554 2498 prae·

615 2515 803 2573 textu
853 2504 1042 2570 licuit
1097 2503 1610 2571 controversiam
1668 2502 1950 2585 amplius
2004 2499 2313 2569 movere?
2400 2500 2554 2568 Huc

616 2613 774 2677 ergo
817 2587 1029 2655 tendit
1071 2596 1342 2654 conatus
1363 2587 1641 2654 Balaam
1687 2596 1761 2654 ut
1785 2588 1994 2667 Deus,
2038 2609 2236 2672 quam
2279 2585 2555 2670 protulit

616 2676 1009 2744 sententiam
1046 2672 1478 2755 retractando,
1514 2695 1584 2740 se
1607 2673 1822 2757 ipsum
1859 2672 2163 2757 abneget:
2201 2672 2361 2738 haec
2399 2692 2555 2738 vero

612 2761 963 2848 plusquam
1000 2759 1316 2844 sacrilega
1351 2766 1450 2825 est
1483 2759 1804 2844 impietas.
1866 2757 2267 2841 Quanquam
2286 2757 2556 2842 plurimi

614 2847 808 2915 hodie
827 2844 1075 2914 similes
1109 2846 1539 2929 reperientur,
1575 2845 1689 2929 qui
1724 2845 1805 2911 de
1840 2844 2178 2910 voluntate
2202 2843 2329 2910 Dei
2352 2844 2554 2928 probe

614 2932 828 3000 edocti
870 2953 1004 2997 non
1047 2931 1359 2997 desinunt
1402 2939 1626 2996 tamen
1671 2930 1965 3014 obliquos
2023 2929 2357 2996 cuniculos
2400 2929 2557 2995 effo-

617 3019 804 3097 dere,
860 3025 937 3083 ut
996 3015 1264 3083 tandem
1320 3017 1715 3101 perveniant
1770 3037 1898 3100 quo
1956 3017 2130 3101 rapit
2172 3037 2283 3082 eos
2326 3015 2556 3082 illicita

616 3103 960 3189 cupiditas.
1047 3102 1249 3168 Initio
1293 3103 1563 3169 minime
1606 3102 1738 3169 illis
1796 3104 2200 3187 propositum
2246 3111 2347 3167 est
2388 3100 2555 3167 scire

616 3189 775 3276 quid
826 3197 1080 3255 rectum
1133 3187 1249 3266 sit,
1310 3196 1378 3253 et
1433 3198 1776 3273 postquam
1834 3188 2297 3273 cognoverint,
2353 3186 2554 3269 sequi,

615 3274 733 3344 sed
775 3275 935 3342 alios
981 3273 1207 3341 titillat
1247 3274 1537 3352 ambitio,
1582 3273 1744 3340 alios
1788 3275 1925 3339 urit
1967 3273 2188 3354 libide,
2234 3272 2396 3340 alios
2438 3273 2554 3340 sti-

618 3361 829 3427 mulat
883 3360 1193 3440 avaritia,
1252 3359 1532 3444 denique
1592 3360 1774 3425 omni
1824 3358 2292 3426 deliberatione
2353 3357 2557 3424 domi-

618 3456 864 3512 nantur
936 3447 1122 3528 pravi
1187 3445 1475 3513 affectus.
1578 3444 1826 3512 Statim
1889 3444 2297 3513 obstaculum
2367 3445 2557 3529 ponit

619 3531 833 3611 Deus,
890 3542 958 3595 et
1014 3551 1156 3610 eos,
1211 3531 1426 3597 velint
1481 3531 1726 3610 nolint,
1783 3530 1941 3615 quid
1990 3532 2167 3600 factu
2226 3551 2387 3615 opus
2447 3530 2554 3608 sit,

620 3615 866 3682 sentire
921 3616 1130 3698 cogit,
1194 3624 1479 3699 pergunt
1536 3625 1785 3683 tamen:
1846 3626 1914 3683 et
1970 3619 2124 3701 quia
2176 3617 2400 3685 clausa
2456 3627 2557 3683 est

619 3703 751 3780 via,
788 3698 1300 3784 tergiversando,
1337 3722 1456 3784 per
1486 3702 1776 3786 obliquas
1811 3704 2078 3769 semitas
2120 3704 2223 3769 vel
2247 3704 2555 3786 ambages

619 3796 875 3853 certum
917 3785 1048 3852 Dei
1092 3786 1365 3852 verbum
1410 3787 1670 3853 eludere
1713 3796 2051 3856 conantur.
2141 3789 2288 3854 Etsi
2334 3797 2555 3855 autem

619 3870 984 3940 verecunde
1027 3869 1095 3935 id
1138 3871 1351 3937 facere
1399 3873 1721 3953 videntur,
1765 3873 1918 3957 quia
1954 3873 2134 3941 dubii
2169 3873 2553 3955 subsistunt,

621 3960 827 4024 donec
880 3958 1233 4040 impetrata
1287 3956 1485 4023 fuerit
1528 3980 1568 4023 a
1610 3959 1754 4025 Deo
1807 3959 2032 4041 venia,
2082 3961 2154 4026 in
2198 3981 2273 4026 eo
2334 3969 2555 4026 tamen

621 4066 691 4111 se
751 4040 968 4129 prodit
1024 4039 1460 4126 impudentia,
1523 4045 1694 4127 quod
1737 4046 1882 4111 Deo
1926 4052 1992 4112 et
2034 4046 2177 4112 eius
2220 4045 2557 4130 prophetis

622 4127 881 4195 molesti
925 4148 1066 4193 esse
1109 4148 1241 4193 non
1288 4126 1628 4209 desinunt,
1686 4128 1887 4199 donec
1946 4132 2342 4199 extorserint
2385 4130 2555 4215 quod

621 4215 923 4281 illicitum
980 4234 1121 4279 esse
1179 4213 1312 4279 iam
1356 4215 1718 4282 audierant.
1805 4218 1985 4303 Ergo
2031 4217 2380 4302 discipulos
2423 4217 2555 4282 Ba-

622 4301 795 4366 laam
839 4320 979 4365 esse
1024 4307 1281 4366 constat
1323 4301 1692 4386 quicunque
1715 4303 1846 4368 Dei
1889 4304 2364 4388 indulgentiam
2415 4313 2557 4370 ten-

620 4393 798 4465 tant,
842 4392 916 4483 ut
960 4384 1225 4451 tandem
1269 4384 1401 4454 illis
1445 4386 1712 4472 aggredi
1758 4390 2098 4471 permittat
2138 4389 2309 4473 quod
2352 4388 2558 4457 semel

622 4482 908 4557 negavit.

792 4556 894 4622 20.
946 4555 1122 4621 Tunc
1160 4558 1323 4623 venit
1364 4556 1543 4624 Deus
1586 4560 1670 4624 ad
1711 4559 2008 4627 Balaam.
2097 4560 2243 4626 Etsi
2288 4562 2558 4626 minime

620 4643 821 4711 fallax
866 4650 969 4708 est
1011 4640 1226 4719 Deus,
1286 4641 1471 4727 digni
1514 4651 1672 4710 sunt
1716 4654 1934 4711 tamen
1981 4646 2363 4730 hypocritae
2405 4668 2559 4714 cum

622 4731 761 4796 suis
818 4726 1070 4796 cavillis
1126 4748 1405 4811 quorum
1463 4731 1742 4797 astutiae
1798 4730 2049 4798 illudat.
2153 4731 2230 4799 Si
2289 4734 2559 4817 propius

621 4814 1067 4899 expendamus
1131 4812 1420 4879 studium
1487 4813 1794 4898 Balaam,
1871 4817 2077 4884 voluit
2139 4819 2356 4885 Deum
2432 4817 2560 4884 sibi

624 4901 911 4969 mentiri.
977 4898 1151 4964 Nam
1185 4900 1242 4965 si
1276 4920 1631 4983 persuasus
1675 4914 1818 4968 erat
1861 4924 2159 4971 veracem
2201 4924 2363 4985 esse,
2402 4903 2561 4989 quid

625 4987 803 5054 aliud
871 4984 1267 5069 sperandum
1327 4984 1455 5050 fuit
1513 5009 1711 5070 quam
1776 4997 1850 5054 ut
1912 5010 2103 5056 suum
2168 5011 2560 5076 responsum

624 5072 836 5141 decies
901 5070 1228 5138 sanciret?
1316 5072 1581 5138 Interea
1641 5073 1951 5140 scelerate
2015 5077 2337 5143 mentitur
2394 5076 2559 5156 Deo,

624 5159 1005 5225 missionem
1045 5158 1380 5243 flagitans,
1437 5180 1601 5242 quae
1643 5160 1864 5226 Deum
1907 5160 2121 5245 ipsum
2166 5161 2454 5230 levitatis
2496 5170 2564 5227 et

623 5242 1102 5311 inconstantiae
1145 5265 1330 5310 reum
1390 5254 1631 5328 ageret.
1720 5245 1977 5313 Ironice
2034 5268 2188 5331 ergo
2242 5248 2564 5332 permittit

623 5330 807 5397 Deus
850 5330 1018 5414 quod
1062 5328 1515 5398 interdixerat.
1609 5330 1683 5400 Si
1727 5332 1870 5417 quis
1924 5331 2277 5400 absurdum
2334 5333 2562 5401 existi-

2023 427 2430 496 REDI'I'US
2477 425 2606 493 AD
2649 425 3190 495 HISTORIAM.

4483 429 4614 497 272

2657 624 2813 692 met,
2852 615 3069 681 Deum
3089 615 3201 699 qui
3239 615 3483 681 veritas
3508 622 3609 681 est
3628 615 3939 682 simulate
3961 616 4026 683 lo
4074 616 4162 696 ui,
4197 619 4269 682 in
4293 626 4608 701 promptu

2659 708 2762 767 est
2820 700 3089 779 solutio,
3147 701 3367 766 Deum
3425 700 3592 765 nihil
3648 702 3936 768 finxisse.
4080 700 4162 768 ed
4220 702 4475 770 homini
4534 704 4609 768 in

2658 806 2780 854 sua
2813 789 3224 853 contumacia
3260 784 3583 852 obstinato
3618 787 3873 855 laxasse
3909 786 4215 869 habenas,
4252 810 4329 855 ac
4370 788 4429 855 si
4463 788 4610 872 quis

2658 879 3044 957 protervum
3115 872 3324 937 filium
3396 881 3465 937 et
3527 872 3821 939 moribus
3884 873 4156 956 perditis
4217 874 4608 958 emancipet,

2659 957 2812 1042 quia
2854 977 2924 1023 se
2959 957 3099 1042 regi
3131 979 3264 1023 non
3299 957 3571 1042 patitur.
3641 958 3788 1025 Nisi
3822 959 4002 1025 enim
4039 980 4245 1043 prava
4279 958 4609 1044 cupiditas

2659 1054 3072 1111 excaecasset
3113 1042 3385 1109 Balaam
3405 1095 3420 1119 ,
3481 1042 3747 1110 difficile
3790 1045 4059 1129 cognitu
4106 1045 4208 1112 vel
4254 1045 4608 1113 obscurum

2656 1150 2791 1197 non
2825 1136 2966 1195 erat
3000 1150 3123 1213 quo
3160 1135 3484 1213 spectaret
3516 1129 3764 1197 ironica
3803 1130 4164 1214 permissio.
4232 1130 4413 1198 Hinc
4451 1150 4609 1198 vero

2658 1213 2916 1282 discant
2952 1215 3044 1300 hy
3091 1216 3352 1294 ocritae,
3385 1214 3554 1280 nihil
3588 1235 3658 1282 se
3696 1217 4008 1300 proficere
4042 1217 4234 1283 vanis
4256 1216 4605 1297 coloribus,

2702 1301 2960 1367 uamvis
3002 1301 3025 1365 i
3081 1301 3134 1366 ‘s
3176 1298 3363 1367 Deus
3406 1299 3488 1366 ad
3533 1308 3793 1385 tempus
3836 1300 4209 1387 indulgeat,
4254 1303 4412 1387 quia
4455 1310 4607 1368 tan-

2703 1407 2810 1452 em
2874 1384 3308 1471 deprehendit
3372 1394 3625 1453 astutos
3687 1388 3760 1453 in
3818 1408 3938 1454 sua
3990 1387 4279 1455 vafritie.
4381 1386 4608 1470 Quare

2657 1471 2822 1538 nihil
2865 1472 3101 1538 melius
3143 1492 3342 1556 quam
3388 1493 3552 1556 pura
3594 1483 3662 1539 et
3702 1472 3988 1557 simplici
4035 1472 4366 1541 docilitate
4411 1494 4610 1558 quae—

2656 1579 2800 1624 rere
2836 1556 2992 1643 quid
3030 1558 3175 1623 fieri
3212 1579 3250 1622 a
3286 1558 3474 1625 nobis
3519 1558 3695 1639 velit,
3741 1567 3814 1625 ut
3849 1560 4078 1625 statim
4119 1579 4369 1627 morem
4414 1579 4607 1644 gera-

2656 1665 2840 1723 mus,
2907 1665 2992 1710 ne
3060 1642 3334 1709 verbum
3400 1651 3515 1711 aut
3578 1644 3901 1730 syllabam
3959 1654 4215 1711 mutare
4273 1654 4607 1712 tentemus

2655 1729 2853 1795 simul
2894 1750 2969 1797 ac
3012 1749 3269 1796 sacrum
3311 1748 3385 1796 os
3428 1751 3623 1796 suum
3667 1730 3749 1797 ad
3795 1752 3914 1797 nos
3970 1730 4293 1799 docendos
4348 1733 4606 1816 aperire

2661 1815 2973 1901 dignatus
3030 1815 3247 1883 fuerit.
3350 1813 3531 1897 Quid
3585 1817 3762 1883 enim
3830 1815 4012 1883 aliud
4077 1823 4180 1883 est
4245 1836 4478 1883 vocare
4531 1817 4606 1884 in

2659 1901 3113 1986 quaestionem
3171 1899 3344 1985 quod
3387 1902 3467 1967 ab
3512 1922 3589 1968 eo
3647 1900 3987 1969 definitum
4044 1912 4175 1982 est,
4234 1923 4434 1988 quam
4475 1903 4603 1968 im-

2657 1995 2939 2070 portune
2982 2006 3214 2072 cogere
3260 1995 3333 2052 ut
3376 2007 3447 2052 se
3493 1989 3663 2054 votis
3707 1989 3950 2055 nostris
3983 1987 4325 2056 inflectat?

2829 2072 2932 2138 22.
2980 2072 3205 2138 Iratus
3247 2093 3387 2139 vero
3428 2078 3534 2140 est.
3624 2071 3759 2155 Qui
3802 2074 4112 2141 convenit
4146 2072 4367 2140 Deum
4405 2073 4608 2141 irasci

2703 2179 2864 2225 uum
2909 2157 3237 2224 nihildum
3271 2178 3620 2244 aggressus
3651 2160 3740 2226 sit
3775 2159 4053 2227 Balaam
4088 2159 4265 2228 illius
4298 2159 4602 2227 iniussu?

2658 2180 2795 2312 {ed
2841 2243 3195 2310 tenendum
3239 2253 3338 2310 est
3379 2244 3551 2328 quod
3595 2266 3806 2329 nuper
3850 2247 4059 2330 attigi,
4103 2245 4312 2311 multa
4346 2246 4421 2310 in
4455 2267 4604 2329 spe·

2659 2330 2828 2397 ciem
2864 2331 3080 2396 Deum
3126 2329 3500 2409 concedere,
3543 2351 3712 2414 quae
3756 2352 3888 2397 non
3931 2331 4182 2416 probat.
4271 2332 4599 2415 Populum

2658 2416 2728 2481 in
2772 2414 3029 2481 deserto
3071 2414 3377 2483 carnibus
3422 2416 3597 2483 vesci
3640 2438 3872 2500 passus
3915 2426 4047 2483 est:
4095 2417 4257 2485 viris
4302 2418 4600 2502 permisit

2658 2500 2816 2568 dare
2858 2501 3153 2569 libellum
3200 2501 3466 2569 divortii
3508 2502 3845 2581 uxoribus,
3891 2511 4088 2587 atque
4131 2502 4329 2569 etiam
4378 2503 4598 2586 plures

2658 2587 2852 2652 simul
2897 2587 3165 2652 ducere:
3210 2607 3423 2670 neque
3468 2595 3692 2654 tamen
3728 2587 3871 2655 ideo
3906 2588 4093 2655 licuit
4126 2608 4356 2657 carnes
4390 2608 4598 2655 come-

2658 2671 2812 2740 dere
2847 2673 2915 2737 in
2953 2672 3207 2739 deserto
3223 2724 3239 2755 ,
3277 2672 3382 2738 vel
3416 2681 3605 2738 extra
3637 2674 3894 2758 culpam
3932 2676 4200 2741 fuerunt
4243 2673 4596 2740 divortium

2660 2766 2727 2824 et
2772 2758 3165 2844 polygamia.
3256 2757 3595 2841 Quidquid
3636 2761 3741 2838 sit,
3787 2761 4087 2843 peccavit
4130 2759 4405 2827 Balaam
4451 2781 4594 2844 per·

2659 2844 2969 2912 vicaciter
3011 2843 3303 2929 urgendo
3348 2844 3520 2928 quod
3566 2846 3749 2910 nefas
3787 2855 3962 2911 erat:
4009 2855 4200 2930 atque
4245 2844 4370 2927 hoc
4404 2844 4596 2911 modo

2657 2930 2968 2996 lethalem
3025 2949 3301 3013 poenam
3345 2931 3620 2996 meritus
3663 2939 3794 3010 est,
3854 2953 4053 3015 quam
4114 2939 4334 2997 tamen
4378 2930 4595 2997 mode-

2658 3017 2795 3082 rari
2821 3018 2960 3082 Deo
3002 3016 3265 3099 placuit.
3334 3014 3485 3097 Qua
3528 3018 3597 3081 in
3642 3026 3828 3100 parte
3872 3017 4068 3083 etiam
4113 3016 4326 3084 sobrie
4370 3037 4598 3100 sapere

2661 3109 2932 3185 oportet,
2979 3122 3064 3166 ne
3107 3102 3220 3169 ubi
3263 3121 3303 3167 a
3345 3110 3569 3169 nostro
3615 3124 3810 3169 sensu
3858 3101 4175 3169 dissident
4210 3123 4450 3169 arcana
4470 3102 4600 3168 Dei

2659 3188 2918 3267 iudicia,
2962 3188 3121 3270 ipsis
3165 3187 3635 3274 obstrepamus.
3702 3187 4120 3272 Prophetam,
4165 3189 4274 3271 qui
4319 3187 4598 3255 fideliter

2659 3273 2986 3340 mandatis
3052 3272 3399 3341 defunctus
3477 3294 3716 3358 panem
3781 3273 3852 3339 in
3917 3274 4135 3340 reditu
4196 3281 4598 3359 gustaverat,

2658 3358 2856 3443 idque
2913 3360 3184 3426 alterius
3227 3358 3582 3443 prophetae
3627 3359 3892 3427 hortatu
3913 3411 3928 3439 ,
3989 3367 4062 3426 ut
4119 3368 4377 3426 tantum
4423 3362 4596 3426 inco-

2661 3446 2944 3530 gitantia
2995 3454 3063 3511 et
3120 3445 3431 3512 facilitate
3486 3445 3712 3530 lapsus
3776 3455 3978 3526 esset,
4042 3454 4251 3511 morte
4317 3445 4599 3529 punivit,

2660 3532 3002 3616 impostori
3036 3540 3104 3597 et
3138 3531 3416 3610 falsario,
3453 3533 3566 3616 qui
3596 3532 3896 3598 venalem
3931 3531 4268 3616 prostituit
4302 3532 4599 3615 linguam

2661 3639 2795 3684 non
2840 3617 3081 3701 infligit
3124 3617 3454 3684 duriorem
3499 3637 3778 3703 poenam
3823 3638 4020 3701 quam
4064 3617 4237 3702 quod
4286 3614 4600 3683 minando

2661 3725 2814 3769 eum
2874 3704 3151 3769 territat.
3255 3703 3386 3770 Hic
3450 3704 3667 3770 carnis
3734 3704 4069 3770 temeritas
4127 3704 4407 3770 libenter
4462 3723 4602 3768 ma-

2661 3789 2893 3856 teriam
2932 3790 3253 3873 arriperet
3287 3809 3433 3855 cum
3458 3788 3603 3855 Deo
3639 3788 3932 3855 rixandi:
3972 3809 4205 3854 verum
4241 3788 4403 3855 ultio
4438 3808 4606 3872 quae

2660 3876 2935 3942 Balaam
2980 3874 3304 3953 manebat,
3351 3882 3418 3941 et
3453 3893 3493 3938 a
3526 3895 3655 3957 qua
3698 3874 3965 3940 tandem
4009 3875 4269 3958 elapsus
4313 3895 4446 3940 non
4483 3882 4603 3954 est,

2660 3958 3088 4028 illustrandae
3148 3959 3395 4045 gloriae
3440 3959 3569 4025 Dei
3624 3982 3855 4039 causa,
3912 3962 3982 4025 in
4042 3972 4290 4027 certum
4345 3968 4606 4043 tempus

2662 4049 2864 4112 dilata
2895 4047 3035 4113 fuit.
3104 4044 3329 4128 Quare
3364 4045 3422 4113 si
3456 4044 3715 4129 quando
3750 4047 3936 4112 nobis
3969 4047 4241 4130 obrepat
4286 4045 4605 4111 dubitatio

2662 4133 2775 4201 ubi
2832 4135 2999 4198 ratio
3054 4133 3127 4198 in
3179 4131 3482 4216 operibus
3528 4132 3656 4198 Dei
3715 4152 3849 4197 non
3910 4141 4220 4217 apparet,
4274 4129 4607 4199 discamus

2662 4240 2780 4286 nos
2838 4220 3061 4284 statim
3120 4237 3549 4301 compescere.
3638 4216 4053 4285 Describitur
4107 4226 4333 4303 postea
4387 4227 4605 4283 exter·

2663 4326 2821 4371 num
2863 4304 3000 4371 irae
3023 4305 3151 4373 Dei
3186 4304 3518 4383 iudicium,
3560 4301 3729 4387 quod
3773 4304 4045 4388 angelus
4090 4311 4353 4372 exserto
4385 4300 4606 4387 gladio

2662 4392 2978 4458 occurrit:
3023 4391 3135 4457 ubi
3179 4389 3539 4455 notandum
3585 4399 3719 4470 est,
3763 4410 3915 4456 cum
3958 4409 4202 4475 magno
4243 4388 4607 4474 prophetae

2665 4475 2977 4542 dedecore
3054 4476 3454 4559 patefactum
3529 4477 3714 4559 prius
3796 4476 4017 4541 asinae
4097 4475 4303 4541 fuisse
4387 4473 4609 4559 angeli

2664 4562 2958 4647 gloriam.
3049 4561 3196 4628 Etsi
3239 4562 3414 4626 enim
3459 4582 3697 4645 corpus
3738 4560 4043 4627 induerat
4086 4560 4376 4647 angelus,
4419 4561 4607 4626 cuius

2663 4657 3012 4730 conspectu
3058 4648 3237 4731 tangi
3282 4648 3497 4731 potuit
3553 4647 3817 4713 brutum
3876 4648 4117 4713 animal
4136 4697 4154 4727 ,
4212 4647 4324 4730 qui
4379 4653 4608 4712 tamen

2663 4736 2911 4800 factum
2956 4742 3055 4798 est
3099 4741 3173 4799 ut
3212 4733 3296 4800 ad
3337 4731 3747 4799 formidabile
3789 4731 3953 4798 illud
3998 4732 4442 4817 spectaculum
4486 4752 4605 4796 ex-

2664 4821 2920 4904 paverit
2977 4820 3194 4897 asina,
3262 4822 3334 4885 et'
3388 4819 3711 4903 propheta
3768 4818 4178 4897 caecutierit‚
4246 4818 4374 4885 nisi
4430 4815 4606 4901 quod

2664 4904 2894 4990 perfidi
2945 4904 3233 4972 hominis
3290 4906 3542 4988 stupori
3600 4911 3828 4970 notam
3883 4905 4282 4990 ignominiae
4338 4905 4607 4969 inurere

2666 4990 2876 5058 voluit
2922 4990 3151 5058 Deus?
3237 4990 3546 5058 Visiones
3608 4989 4161 5057 extraordinarias
4206 5001 4359 5057 ante
4401 4990 4607 5056 iacta-

2663 5077 2811 5157 bat,
2875 5099 3050 5144 nunc
3106 5076 3276 5161 quod
3320 5075 3566 5143 bestiae
3608 5075 3815 5142 oculis
3871 5075 4243 5162 expositum
4301 5082 4401 5142 est
4454 5095 4607 5140 eum

2667 5162 2853 5247 fugit.
2938 5162 3135 5230 Unde
3177 5162 3340 5230 haec
3388 5170 3570 5227 tanta
3613 5162 3922 5241 caecitas,
3982 5162 4112 5228 nisi
4166 5183 4249 5227 ex
4306 5160 4608 5240 avaritia,

2713 5270 2796 5314 ua
2829 5248 2922 5315 sic
2955 5250 3171 5316 fuerat
3205 5248 3704 5331 obstupefactus,
3731 5255 3805 5313 ut
3826 5258 4018 5332 turpe
4050 5248 4306 5314 lucrum
4341 5254 4609 5314 sanctae

2666 5271 2797 5401 {bei
2839 5336 3162 5404 vocationi
3199 5332 3603 5419 praeferret?
3684 5331 3985 5419 Denique
4026 5335 4098 5400 in
4141 5355 4217 5401 eo
4258 5331 4610 5417 impletum
