5017 6142
414 449 540 515 377

415 655 561 703 esse
617 641 949 721 apertum,
1017 644 1092 702 ut
1145 635 1515 720 triumphos
1569 637 1641 702 in
1697 639 1975 724 gloriam
2030 634 2176 702 veri
2230 634 2360 702 Dei

415 728 691 804 canant,
746 728 815 787 et
870 721 1227 790 incredulis
1271 724 1674 807 exprobrent
1734 724 2029 789 fallacem
2076 742 2205 805 qua
2248 719 2360 787 de-

416 808 587 892 cepti
630 815 785 874 sunt
825 806 1152 874 fiduciam.

590 892 693 959 39.
773 892 984 959 Videte
1023 912 1204 960 nunc.
1294 892 1427 975 Qui
1468 892 1768 959 tribuunt
1807 892 2177 976 proximum
2223 912 2359 957 ser·

414 997 676 1045 monem
752 978 1109 1047 incredulis
1124 1028 1141 1057 ,
1228 979 1445 1045 Deum
1522 1000 1700 1045 nune
1780 976 2103 1043 inducunt
2174 977 2359 1042 velut

418 1086 504 1132 ex
560 1063 836 1148 abrupto
893 1063 1262 1148 loquentem
1278 1116 1295 1145 ,
1353 1072 1430 1130 ut
1487 1085 1712 1131 eorum
1768 1063 2115 1129 maledicta
2161 1062 2358 1127 refel-

416 1150 630 1229 lend0‚
674 1150 951 1235 gloriam
995 1171 1181 1217 suam
1224 1157 1491 1216 asserat.
1575 1149 1817 1216 Verum
1862 1150 2079 1232 potius
2121 1149 2358 1215 confir-

388 1237 617 1302 ·matio
654 1244 753 1302 est
794 1243 1057 1302 sanctae
1099 1235 1524 1321 gloriationis,
1569 1256 1761 1320 quam
1804 1255 2016 1319 nuper
2057 1234 2367 1300 fidelibus*

419 1321 723 1401 dictavit,
779 1321 890 1387 ubi
933 1341 1066 1386 non
1111 1321 1321 1388 solum
1365 1319 1555 1387 Deus
1601 1341 1754 1388 suos
1795 1321 2135 1405 insurgere
2178 1319 2358 1385 iubet

420 1415 648 1474 contra
688 1404 894 1486 idola,
956 1406 1070 1473 sed
1130 1407 1349 1490 prodit
1391 1407 1529 1490 ipse
1575 1406 1645 1471 in
1690 1407 2014 1486 medium,
2066 1413 2141 1471 ut
2198 1425 2357 1489 gen-

419 1493 584 1558 tium
665 1493 1001 1558 vesaniam
1081 1498 1421 1577 coarguat:
1497 1512 1871 1576 quanquam
1948 1492 2149 1557 verba
2212 1490 2356 1555 fieri

420 1578 592 1662 apud
670 1576 894 1643 fideles
958 1598 1044 1643 ex
1106 1586 1419 1644 contextu
1481 1585 1677 1662 patet.
1767 1577 2120 1660 Postquam
2200 1597 2272 1639 er
2317 1595 2356 1639 o

419 1684 573 1730 suos
630 1663 931 1729 hortatus
991 1671 1091 1728 est
1135 1663 1216 1728 ad
1260 1661 1628 1746 spernenda
1677 1662 1880 1741 idola,
1937 1683 2114 1729 nunc
2173 1596 2356 1727 adgit

419 1770 491 1815 se
523 1748 657 1815 illis
680 1747 1094 1833 suppeditare
1130 1749 1414 1832 amplam
1450 1746 1724 1815 fiduciae
1760 1748 2119 1814 materiam.
2181 1746 2247 1811 N
2248 1766 2354 1811 am

420 1854 624 1919 quum
667 1834 955 1918 aspicere
996 1834 1211 1915 iubet,
1266 1834 1596 1918 specimen
1638 1855 1772 1900 non
1807 1833 2151 1899 obscurum
2195 1851 2355 1898 suae

416 1920 749 2005 potentiae
792 1928 944 1985 ante
986 1921 1209 1986 oculos
1252 1941 1392 1985 esse
1436 1920 1778 2004 significat,
1820 1920 1877 1985 si
1908 1918 2099 1985 modo
2143 1925 2353 1984 atten-

420 2006 596 2071 dant.
684 2005 1013 2089 Repetitio
1075 2005 1480 2089 pronominis
1544 2006 1691 2088 Ego
1707 2056 1724 2084 ,
1802 2004 2171 2088 emphatica
2233 2010 2351 2081 est,

421 2100 564 2157 tum
606 2089 687 2154 ad
743 2090 1155 2156 excitandam
1201 2091 1422 2175 populi
1473 2090 1843 2156 tarditatem
1862 2141 1880 2170 ,
1936 2098 2079 2155 tum
2123 2088 2207 2155 ad
2250 2108 2352 2152 re·

419 2175 724 2243 tinendos
766 2177 1047 2258 animos,
1091 2197 1174 2242 ne
1217 2188 1528 2260 tanquam
1573 2177 1644 2242 in
1680 2177 1983 2260 ambiguo
2025 2174 2352 2241 vacillent.

426 2261 682 2328 Scimus
764 2262 940 2328 enim
987 2263 1100 2330 vix
1168 2262 1463 2347 pertrahi
1543 2262 1887 2328 hominum
1954 2268 2206 2326 mentes
2270 2258 2353 2324 ad

424 2368 646 2414 veram
682 2347 812 2413 Dei
846 2348 1303 2433 cognitionem,
1348 2347 1501 2432 quia
1535 2369 1652 2431 per
1685 2349 2009 2413 flexuosos
2042 2345 2355 2413 circuitus

425 2439 803 2514 versantur,
858 2453 944 2499 ne
1000 2444 1181 2501 recta
1237 2433 1320 2498 ad
1362 2454 1512 2499 eum
1564 2432 1852 2499 tendant.
1940 2430 2197 2498 Deinde
2241 2430 2355 2495 ubi

421 2519 638 2585 Deum
687 2518 1294 2604 apprehenderunt,
1353 2520 1596 2586 seimus
1649 2519 1835 2584 facile
1878 2517 2140 2585 abduci:
2198 2536 2355 2600 quo·

422 2605 598 2669 niam
657 2625 879 2671 rerum
936 2603 1423 2672 vicissitudines
1476 2625 1586 2671 eos
1642 2603 2054 2681 obnubilant,
2111 2610 2190 2667 ut
2228 2602 2358 2668 huc

420 2699 489 2757 et
527 2689 687 2757 illuc
743 2690 1031 2757 incertae
1085 2697 1430 2774 vagentur.
1532 2690 1680 2756 Hac
1722 2690 1976 2757 ratione
2016 2687 2200 2753 Deus
2244 2686 2356 2752 ubi

419 2775 686 2841 fictitias
741 2796 966 2842 omnes
1010 2775 1390 2842 divinitates
1433 2776 1819 2859 prostravit,
1863 2774 2144 2841 eundem
2187 2793 2359 2838 sem-

422 2882 538 2945 per
586 2882 853 2927 manere
906 2861 1324 2946 pronunciat,
1381 2862 1523 2927 sive
1578 2860 1827 2928 occidat
1868 2862 2009 2926 sive
2051 2859 2358 2937 vivificet,

421 2954 498 3013 ut
559 2946 633 3011 in
676 2946 903 3012 densa
979 2947 1404 3013 afflictionum
1486 2946 1765 3031 caligine
1842 2966 1977 3011 non
2058 2944 2361 3011 desinant

421 3031 646 3098 fideles
700 3032 767 3097 in
825 3053 979 3097 eum
1038 3034 1374 3117 respicere.
1472 3033 1823 3098 Discamus
1880 3052 1963 3096 ex
2020 3031 2144 3096 hoc
2198 3029 2360 3109 loco,

422 3117 644 3185 Deum
701 3118 845 3183 iure
897 3138 1017 3184 suo
1076 3117 1365 3184 fraudari
1411 3119 1538 3184 nisi
1582 3138 1754 3183 unus
1797 3118 2113 3197 emineat,
2166 3114 2362 3181 idolis

420 3204 720 3269 omnibus
762 3205 831 3269 in
870 3204 1152 3269 nihilum
1195 3202 1508 3271 redactis:
1555 3202 1789 3268 deinde
1832 3202 2028 3268 fidem
2070 3209 2362 3268 nostram

420 3296 584 3354 tunc
624 3289 693 3355 in
739 3309 815 3354 eo
857 3310 1014 3356 vere
1060 3288 1341 3356 defixam
1385 3309 1547 3369 esse,
1592 3297 1659 3354 et
1700 3287 1943 3354 habere
1985 3289 2210 3353 firmas
2252 3307 2360 3352 ra-

421 3373 629 3453 dices,
674 3374 730 3441 si
771 3375 948 3441 inter
986 3376 1227 3456 varias,
1286 3396 1449 3459 quae
1492 3375 1914 3459 contingunt,
1962 3372 2360 3439 mutationes

418 3481 552 3526 non
610 3459 911 3540 labascit,
969 3481 1183 3545 neque
1233 3460 1543 3537 alternat,
1602 3459 1720 3527 sed
1772 3480 1972 3544 supra
2026 3458 2360 3525 obstacula

420 3547 726 3630 emergit,
783 3556 859 3611 ut
911 3547 983 3612 in
1040 3567 1116 3612 eo
1159 3566 1420 3630 sperare
1477 3567 1610 3610 non
1655 3545 1943 3624 desinat,
2003 3545 2200 3610 etiam
2245 3543 2358 3609 ubi

417 3631 710 3698 occidere
746 3631 1026 3713 videtur,
1063 3630 1605 3717 quemadmodum
1628 3631 1916 3715 loquitur
1935 3630 2051 3696 Iob
2073 3628 2204 3716 (13,
2230 3627 2356 3714 15).

415 3717 516 3783 Et
577 3726 750 3784 certe
810 3717 979 3783 nihil
1042 3720 1262 3784 minus
1322 3726 1833 3784 consentaneum
1894 3737 2090 3800 quam
2160 3715 2357 3782 fidem

415 3812 711 3870 nostram
749 3803 1243 3888 circumspicere
1287 3803 1369 3869 ad
1405 3811 1702 3882 eventus,
1746 3812 1821 3869 ut
1855 3801 2010 3868 inde
2043 3801 2358 3886 pendeat:

416 3889 576 3974 quia
638 3888 821 3955 Deus
883 3891 1348 3974 promissiones
1412 3911 1564 3955 suas
1631 3889 1777 3954 vult
1841 3889 2026 3954 nobis
2089 3889 2158 3953 in
2218 3888 2360 3971 ipsa

415 3984 629 4040 morte
693 3996 834 4042 esse
898 3975 1208 4042 vivificas.
1296 3974 1611 4042 Clausala
1669 3995 1901 4042 versus
1957 3974 2217 4057 proprie
2274 3972 2360 4039 ad

416 4060 642 4127 hostes
674 4061 905 4127 referri
943 4059 1152 4142 debet,
1201 4059 1314 4127 ubi
1350 4061 1740 4145 pronunciat
1789 4061 1987 4141 Deus,
2031 4061 2359 4126 neminem

418 4167 564 4213 esse
606 4147 718 4228 qui
759 4146 994 4231 eripiat
1037 4169 1071 4212 e
1114 4166 1313 4213 manu
1357 4167 1493 4214 sua.

592 4232 696 4297 40.
739 4231 913 4300 certe
944 4231 1166 4299 levabo.
1226 4232 1361 4298 Alii
1397 4240 1698 4299 vertunt:
1736 4231 1963 4313 Quum
1997 4232 2357 4312 elevavero,

420 4325 492 4383 et
511 4339 643 4383 uno
666 4325 975 4383 contextu
998 4319 1243 4402 legunt,
1281 4318 1525 4385 claram
1553 4318 1695 4383 fore
1715 4318 1841 4384 Dei
1865 4319 2175 4385 virtutem
2210 4338 2360 4402 per-

419 4402 634 4470 dendo
656 4411 725 4470 et
749 4403 1091 4484 servande,
1121 4404 1178 4470 si
1207 4424 1479 4470 manum
1501 4424 1687 4469 suam
1715 4404 1786 4468 in
1809 4403 2060 4469 coelum
2082 4405 2357 4470 attollat.

419 4489 570 4574 Ego
624 4510 779 4556 vero
842 4490 1239 4573 principium
1303 4510 1445 4556 esse
1508 4490 1871 4556 sententiae
1929 4510 2057 4555 non
2118 4489 2361 4572 dubito,

421 4583 491 4641 et
525 4575 742 4641 Deum
785 4576 879 4641 ita
921 4575 1222 4659 praefari,
1267 4596 1393 4658 quo
1434 4576 1671 4642 melius
1706 4583 1958 4641 asserat
1999 4596 2163 4659 quae
2206 4596 2360 4642 con-

419 4661 610 4726 tinuo
650 4668 801 4745 post
843 4661 1105 4727 subiicit
1148 4659 1227 4725 de
1261 4660 1489 4726 futura
1532 4660 1820 4727 hostium
1856 4683 2121 4727 suorum
2157 4661 2357 4729 clade.

422 4744 504 4812 Si
547 4748 650 4813 cui
694 4755 909 4812 tamen
953 4747 1208 4832 placeat
1264 4745 1645 4813 adverbium
1700 4748 2011 4830 temporis
2060 4746 2358 4828 Quando,

420 4852 559 4898 non
614 4830 962 4898 admodum
1019 4851 1346 4916 repugnO,
1403 4832 1597 4898 modo
1640 4832 1803 4897 haec
1853 4832 2144 4898 membra
2185 4834 2361 4899 inter

423 4939 496 4984 se
538 4917 961 4984 cohaereant:
1007 4917 1225 4983 Simul
1268 4938 1343 4984 ac
1387 4917 1689 4983 levavero
1722 4939 1990 4984 manum
2034 4939 2244 4986 meam
2290 4920 2360 4985 in

422 5004 677 5069 eoelum
690 5053 708 5086 ,
784 5003 1006 5070 hostes
1086 5003 1394 5071 ecclesiae
1466 5023 1651 5069 meae
1715 5004 2094 5089 profligabo.
2195 5005 2357 5087 Iam,

423 5088 648 5155 levare
700 5110 998 5171 manum,
1054 5088 1358 5154 bifariam
1416 5091 1793 5173 exponitur:
1862 5089 2126 5174 quidam
2186 5093 2361 5158 enim

423 5175 861 5241 ostensionem
919 5176 1245 5260 potentiae
1296 5195 1436 5241 esse
1498 5174 1758 5241 volunt:
1817 5174 2362 5258 quemadmodum

425 5259 601 5326 elata
663 5281 865 5327 manu
931 5261 1196 5346 gloriari
1262 5260 1474 5328 solent
1542 5264 1649 5345 qui
1707 5260 1962 5327 viribus
2019 5262 2157 5328 suis
2214 5264 2364 5329 freti

423 5346 830 5413 confidenter
892 5346 1114 5415 hostes
1177 5346 1562 5430 despiciunt.
1648 5346 1920 5416 Rectius
1975 5355 2196 5415 tamen
2253 5350 2366 5415 alii

1815 447 2222 516 REDI'I'US
2266 447 2394 514 AD
2435 444 2980 513 HISTORIAM.

4274 453 4399 520 378

2464 636 2730 715 docent,
2788 635 3212 704 iurisiurandi
3256 640 3733 706 caeremoniam
3783 660 3943 707 esse.
4034 641 4399 727 Improprie

2461 720 2725 805 quidem
2769 741 3040 788 manum
3084 743 3269 789 suam
3310 724 3533 792 levare
3583 724 3820 792 dicitur
3863 726 4075 807 Deus,
4129 728 4241 811 qui
4283 750 4400 796 ex-

2462 806 2674 873 celsus
2717 814 2817 873 est
2858 828 3055 891 super
3088 829 3316 874 omnes
3357 810 3602 878 coelos:
3660 813 3776 876 sed
3832 832 4073 879 novum
4125 835 4256 879 non
4300 824 4401 881 est

2462 913 2611 958 eum
2648 893 2962 959 formulas
3006 896 3293 960 mutuari
3334 917 3419 962 ex
3460 898 3790 963 communi
3832 898 4174 964 hominum
4220 920 4401 966 more

2461 986 2529 1044 et
2571 997 2731 1045 usu:
2774 980 3160 1062 praesertim
3204 981 3319 1046 ubi
3361 991 3632 1066 repente
3665 983 3735 1047 in
3771 984 4048 1050 sublime
4081 987 4397 1070 exsurgit,

2461 1083 2546 1129 ex
2602 1083 2728 1147 quo
2785 1064 2967 1131 visus
3024 1073 3125 1130 est
3181 1066 3647 1150 aliquantisper
3707 1069 3878 1134 infra
3932 1090 4117 1135 suam
4176 1070 4398 1137 altitu·

2462 1147 2683 1214 dinem
2738 1149 2966 1217 iacere.
3058 1150 3251 1217 Certe
3307 1173 3471 1236 quae
3528 1166 3888 1237 sequuntur
3930 1156 4162 1235 verba,
4221 1157 4399 1222 iura-

2460 1243 2753 1300 mentum
2776 1236 2845 1300 in
2876 1257 2947 1302 se
2981 1237 3342 1303 continent:
3383 1239 3557 1305 Vivo
3593 1259 3715 1324 ego
3735 1240 3809 1304 in
3841 1240 4191 1322 saeculum,
4225 1243 4401 1309 unde

2460 1320 2793 1404 probabile
2829 1329 2947 1401 est,
2994 1323 3257 1406 signum
3293 1325 3573 1390 iurantis
3610 1325 3888 1408 exprimi
3922 1325 3993 1391 in
4030 1326 4400 1394 elevatione

2459 1426 2714 1471 manus.
2804 1407 3012 1474 Porro
3076 1408 3272 1493 longe
3338 1410 3467 1476 alio
3536 1431 3732 1476 sensu
3798 1412 3972 1476 iurat
4035 1413 4218 1479 Deus
4280 1434 4400 1496 per

2459 1492 2666 1557 vitam
2703 1513 2886 1558 suam
2924 1513 3121 1576 quam
3156 1495 3473 1562 homines.
3529 1495 3874 1561 Interdum
3901 1497 4161 1581 quidem
4197 1499 4401 1564 sumit

2461 1598 2497 1642 e
2541 1576 2756 1643 medio
2799 1599 2989 1645 voces
3034 1580 3220 1646 nobis
3264 1582 3483 1659 tritas,
3541 1583 3734 1647 sicuti
3776 1602 3974 1664 quum
4021 1583 4260 1649 dicitur
4300 1585 4399 1649 iu-

2459 1683 2610 1730 rare
2667 1684 2783 1747 per
2840 1665 3125 1729 animam
3182 1687 3402 1732 suam:
3470 1667 3582 1734 sed
3637 1666 3760 1734 hoc
3814 1668 3952 1734 loco
4009 1669 4399 1735 tantundem

2461 1748 2672 1815 valet:
2718 1748 2893 1814 Vivo
2937 1769 3079 1834 ego,
3124 1771 3198 1817 ac
3243 1752 3300 1815 si
3335 1752 3583 1818 iuraret
3610 1773 3728 1836 per
3771 1774 3840 1819 se
3867 1754 4104 1836 ipsum,
4140 1755 4250 1820 vel
4295 1777 4399 1821 ae-

2461 1843 2717 1900 ternam
2763 1855 2952 1900 suam
2995 1836 3365 1902 essentiam.

2631 1921 2734 1985 41.
2805 1920 2884 1986 Si
2957 1942 3178 1987 acuero
3252 1924 3465 1989 aoimn.
3553 1922 3859 1990 Gonditio
3924 1945 4062 1991 rem
4134 1925 4399 1991 dubiam

2463 2005 2567 2070 vel
2609 2027 2990 2090 suspensam
3035 2028 3168 2072 non
3210 2006 3458 2073 reddit:
3503 2008 3617 2074 sed
3662 2010 3900 2076 resolvi
3944 2010 4134 2079 debet
4177 2013 4246 2076 in
4292 2012 4400 2078 ad-

2460 2090 2763 2159 verbium
2808 2094 3151 2174 temporis:
3198 2094 3383 2178 quasi
3419 2095 3690 2161 diceret:
3729 2094 3943 2162 Simul
3981 2103 4177 2181 atque
4217 2116 4400 2163 arma

2458 2177 2843 2260 sumpserit,
2887 2186 3129 2243 certam
3173 2178 3312 2244 fore
3357 2180 3644 2245 hostium
3688 2189 4003 2265 stragem,
4057 2203 4185 2248 non
4228 2182 4401 2265 quod

2459 2264 2660 2329 armis
2702 2261 2992 2347 indigeat
3027 2265 3210 2330 Deus
3252 2263 3334 2331 ad
3379 2266 3600 2332 hostes
3651 2266 4154 2349 expugnandos:
4210 2269 4401 2334 sicuti

2460 2369 2658 2432 quum
2705 2349 2887 2414 addit
2929 2350 3233 2416 continuo
3274 2360 3451 2434 post:
3499 2350 3630 2418 Ubi
3671 2351 3986 2418 iudicium
4031 2354 4400 2437 apprehen-

2462 2435 2632 2500 derit
2665 2455 2903 2501 manus
2937 2455 3102 2514 mea,
3145 2456 3277 2501 non
3312 2438 3637 2521 signifieat
3670 2437 4020 2522 aliquando
4056 2439 4179 2504 sibi
4214 2439 4400 2523 eripi,

2460 2520 2571 2586 vel
2616 2519 2818 2600 elabi,
2872 2520 2985 2585 sed
3042 2532 3453 2604 praesentem
3497 2531 3564 2587 et
3621 2522 4044 2606 conspicuum
4094 2524 4402 2591 effectum

2463 2605 2780 2690 designat.
2870 2606 3202 2686 Quoniam
3266 2629 3422 2693 ergo
3486 2609 3669 2676 Deus
3731 2609 3844 2674 ubi
3907 2608 4206 2676 hostibus
4264 2611 4401 2677 suis

2461 2693 2671 2776 parcit
2691 2741 2709 2774 ,
2761 2690 3027 2757 videtur
3083 2692 3556 2776 quodammodo
3615 2695 3883 2761 abiectis
3939 2696 4139 2761 armis
4193 2695 4402 2777 quies·

2462 2797 2609 2843 cere
2626 2828 2643 2857 ,
2708 2784 2776 2841 et
2838 2796 3090 2842 cessare
3155 2780 3236 2844 ab
3305 2780 3740 2862 exsequendis
3807 2778 4039 2847 iudicis
4085 2780 4400 2864 partibus,

2464 2863 2816 2928 denunciat
2858 2883 3042 2929 arma
3083 2864 3207 2931 sibi
3240 2865 3310 2929 in
3355 2874 3663 2949 promptu
3703 2865 3857 2944 fore,
3902 2867 4134 2949 quibus
4177 2867 4402 2932 hostes

2464 2949 2679 3015 deleat
2697 2999 2712 3027 ,
2758 2946 3023 3027 deinde,
3065 2949 3377 3017 iudicium
3421 2951 3590 3034 quod
3635 2951 4007 3035 deposuisse
4050 2952 4237 3017 visus
4281 2959 4400 3031 est,

2463 3054 2692 3099 rursus
2735 3035 2857 3100 sibi
2901 3033 3431 3102 vendicaturum:
3477 3037 3712 3120 quibus
3757 3038 3972 3104 verbis
4015 3037 4210 3103 tacite
4253 3057 4403 3121 per-

2466 3120 2728 3204 stringit
2786 3119 3054 3186 stultam
3110 3142 3334 3187 eorum
3400 3124 3816 3189 securitatem
3884 3124 3996 3206 qui
4039 3129 4403 3188 emortuam

2464 3206 2605 3272 eius
2639 3205 2953 3270 virtutem
2988 3227 3128 3273 esse
3163 3208 3442 3292 fingunt,
3487 3209 3616 3274 nisi
3650 3209 3868 3291 palam
3904 3228 3974 3273 se
4013 3216 4291 3288 exserat,
4337 3216 4405 3273 et

2462 3291 2775 3358 iudicium
2819 3291 2960 3356 eius
3003 3293 3363 3374 evanuisse,
3405 3313 3607 3376 quum
3652 3293 3972 3360 differtur.

2634 3377 2737 3442 42.
2804 3375 3148 3443 Inebriabo.
3235 3378 3651 3444 Horrendam
3703 3388 3989 3464 stragem
4033 3379 4138 3444 his
4182 3379 4403 3445 verbis

2464 3462 2788 3547 depingit:
2827 3463 3011 3544 quasi
3033 3462 3291 3544 diceret,
3326 3464 3580 3530 nullum
3602 3463 3931 3532 vindictae
3952 3464 4094 3530 fore
4117 3462 4403 3544 modum,

2464 3549 2668 3614 donec
2721 3556 2900 3612 terra
2942 3550 3261 3633 sanguine
3303 3558 3373 3615 et
3426 3549 3854 3617 cadaveribus
3896 3551 4139 3616 referta
4185 3551 4400 3615 fuerit.

2462 3635 2647 3701 Alibi
2701 3634 2899 3698 etiam
2953 3635 3209 3719 gladius
3251 3637 3376 3702 Dei
3421 3637 3743 3721 sanguine
3789 3636 4103 3702 inebriari
4147 3635 4400 3714 dicitur,

2463 3721 2655 3788 sicuti
2712 3718 2820 3784 hio
2874 3722 3183 3804 sagittae,
3228 3720 3340 3787 ubi
3384 3731 3721 3807 grassatur
3763 3723 3864 3789 ira
3908 3723 4049 3788 eius
4092 3742 4209 3806 per
4250 3721 4401 3786 infi-

2462 3807 2636 3872 nitas
2693 3803 2956 3872 caedes:
3019 3827 3201 3873 nunc
3264 3806 3501 3873 dicitur
3564 3828 3800 3874 vorare
3858 3828 4123 3874 carnem
4173 3806 4400 3873 eodem

2462 3913 2677 3960 sensu.
2758 3903 2893 3959 D'ln
2937 3891 3219 3958 secundo
3260 3892 3401 3959 loco
3447 3900 3715 3959 vertunt
3759 3893 4051 3978 quidam:
4123 3892 4404 3976 Propter

2464 3980 2871 4064 sanguinem,
2917 3985 2985 4043 et
3017 3993 3064 4045 D
3105 3978 3460 4057 interdum,
3503 3979 3734 4059 fateor,
3785 3978 4066 4046 causalis
4108 3987 4209 4044 est
4249 3997 4402 4061 par-

2463 4063 2682 4131 ticula.
2749 4062 3139 4148 Intelligunt
3181 4085 3337 4148 ergo
3379 4065 3550 4132 hanc
3581 4065 3722 4131 fore
3753 4065 3999 4131 iustam
4032 4063 4402 4130 mercedem

2464 4150 2897 4231 crudelitatis,
2964 4170 3165 4233 quum
3230 4149 3553 4217 divinitus
3615 4150 3998 4219 excidentur
4052 4149 4241 4232 impii
4290 4151 4401 4233 qui

2461 4235 2802 4302 Israelitas
2844 4234 3197 4302 occiderint
3230 4235 3336 4301 vel
3370 4237 3660 4320 captivos
3703 4236 4031 4303 duxerint.
4099 4233 4233 4303 Sed
4267 4256 4403 4301 non

2465 4321 2657 4388 video
2713 4343 2830 4389 cur
2886 4342 3019 4386 una
3078 4320 3274 4388 dictio
3328 4320 3585 4389 diverso
3627 4341 3826 4390 sensu
3867 4321 4109 4405 exponi
4154 4319 4401 4388 debeat.

2463 4407 2617 4473 Non
2679 4406 2903 4474 dubito
2950 4407 3152 4491 igitur
3205 4407 3489 4474 secundo
3546 4411 3783 4492 repeti,
3840 4407 4061 4473 Deum
4126 4408 4402 4491 sagittas

2464 4513 2616 4560 suas
2659 4496 2976 4577 sanguine
3018 4490 3517 4559 inebriaturum.
3593 4492 4001 4578 Sanguinem
4043 4514 4202 4559 vero
4245 4493 4402 4559 dicit

2464 4587 2604 4645 tam
2660 4579 2854 4645 occisi
2909 4598 3104 4663 quam
3164 4579 3593 4661 captivitatis:
3649 4581 3843 4646 sicuti
3901 4580 4058 4646 dum
4112 4576 4402 4646 caeditur

2464 4665 2806 4745 exercitus,
2851 4665 2964 4729 alii
2997 4663 3239 4730 cadunt
3273 4665 3338 4729 in
3378 4667 3533 4747 acie,
3578 4666 3690 4731 alii
3724 4666 3940 4731 mutili
3972 4675 4040 4731 et
4075 4663 4401 4731 vulnerati

2465 4750 2692 4836 fugam
2756 4756 3038 4834 captant.
3129 4749 3444 4817 Clausula
3504 4773 3737 4818 versus
3794 4752 3973 4818 varie
4027 4759 4399 4831 torquetur:

2465 4836 2730 4920 quidam
2788 4844 2986 4920 caput
3038 4855 3157 4918 per
3208 4835 3560 4904 heterosim
3618 4838 3874 4903 numeri
3921 4856 4039 4920 pro
4082 4832 4400 4916 capitibus

2465 4928 2833 5005 exponunt:
2893 4920 3080 5006 quasi
3137 4919 3384 4988 dictum
3428 4930 3629 4990 esset:
3685 4920 4059 5003 Amputabo
4096 4919 4399 4984 hostium

2465 5008 2697 5091 capita.
2795 5008 2998 5090 Atqui
3061 5008 3271 5091 magis
3343 5008 3669 5091 probabile
3731 5015 3902 5073 esset
3965 5004 4401 5088 metaphorice

2467 5113 2796 5176 exponere
2841 5093 2922 5158 de
2965 5094 3126 5176 ipsis
3169 5092 3461 5160 ducibus.
3527 5093 3799 5160 Rectius
3843 5100 4062 5157 tamen
4100 5091 4209 5155 alii
4250 5111 4401 5157 ver-

2465 5186 2648 5245 tunt:
2693 5178 3132 5264 Principium:
3179 5200 3310 5244 non
3354 5178 3615 5264 quidem
3659 5178 4008 5261 temporis,
4059 5178 4171 5242 sed
4215 5177 4402 5259 quasi

2468 5265 2729 5344 diceret,
2774 5265 3020 5344 florem,
3060 5263 3161 5330 vel
3199 5265 3646 5331 excellentiam
3692 5261 4161 5328 multitudinis:
4208 5264 4401 5329 sicuti

2419 5360 2425 5407 l
2467 5351 2666 5435 vulgo
2710 5350 3101 5434 loquuntur:
3155 5348 3258 5417 De
3302 5350 3512 5434 primo
3558 5349 3641 5414 ad
3684 5348 4010 5415 ultimum.
4098 5348 4400 5416 Ultiones
