5017 6142
664 428 790 494 119

666 622 730 683 et
770 616 937 683 duae
974 614 1222 680 tabulae
1260 614 1528 695 foederis
1570 616 1641 680 in
1676 614 1967 681 manibus
2014 616 2168 680 meis
2211 619 2405 681 erant.
2500 615 2600 680 16.

664 701 757 768 Et
810 702 976 779 vidi,
1035 707 1090 767 et
1141 720 1272 768 ecce
1303 701 1724 781 peccaveratis
1780 703 1850 766 in
1895 700 2186 766 Iehovam
2226 700 2437 767 Deum
2478 721 2605 766 ves-

668 793 840 854 trum
854 836 872 867 ‚
926 785 1217 870 feceratis
1263 785 1434 851 vobis
1489 786 1753 853 vitulum
1793 787 2172 868 conflatilem,
2216 786 2606 852 recesseratis

668 874 789 938 cito
830 872 904 937 de
945 873 1051 937 via
1084 891 1270 953 quam
1301 876 1709 954 praeceperat
1752 871 1979 938 Iehova
2011 872 2198 939 vobis.
2289 872 2387 936 17.
2429 872 2604 938 Tunc

672 956 1055 1041 apprehendi
1110 955 1277 1022 duas
1332 957 1611 1036 tabulas,
1669 963 1726 1024 et
1762 958 2007 1042 proieci
2057 978 2166 1023 eas
2222 978 2255 1023 e
2308 957 2604 1024 mnibus

668 1043 829 1109 meis
883 1042 1271 1126 confreyique
1334 1044 1403 1107 in
1461 1042 1655 1109 oculis
1708 1044 1951 1110 vestris.
2058 1043 2158 1108 18.
2218 1041 2306 1107 Et
2353 1043 2604 1124 procidi

668 1148 884 1195 coram
942 1127 1172 1193 Iehova
1224 1128 1385 1193 sicut
1429 1129 1623 1211 prius
1642 1179 1656 1207 ,
1716 1130 2140 1213 quadrayinta
2179 1129 2316 1194 dies
2356 1133 2411 1193 et
2451 1149 2604 1210 qua-

668 1214 968 1298 drayinta
1021 1218 1246 1279 noctes.-
1283 1234 1515 1296 panem
1578 1234 1700 1279 non
1750 1214 2015 1293 comedi,
2080 1218 2135 1278 et
2195 1234 2425 1297 aquam
2478 1234 2602 1279 non

672 1298 799 1364 bibi
815 1348 829 1377 ,
863 1303 1123 1381 propter
1171 1319 1344 1364 omne
1372 1304 1694 1380 peccatum
1734 1304 2008 1366 vestrum
2045 1300 2208 1381 quod
2240 1319 2601 1381 peccavera-

669 1385 788 1462 tis‚
833 1384 1025 1464 impie
1076 1384 1311 1467 ayendo
1352 1385 1423 1449 in
1463 1385 1661 1451 oculis
1704 1384 1964 1452 Iehovae
2004 1386 2091 1451 ad
2131 1386 2346 1467 ipsum
2374 1405 2599 1469 provo·

667 1469 959 1536 candum.
1051 1469 1151 1535 19.
1201 1470 1412 1536 Timui
1452 1471 1617 1535 enim
1637 1476 1901 1553 propter
1940 1471 2504 1537 excandescentiam
2546 1475 2601 1535 et

669 1555 842 1620 iram
895 1575 1023 1637 qua
1069 1556 1480 1621 excanduerat
1536 1557 1768 1622 Iekova
1809 1562 2023 1622 contra
2062 1576 2171 1621 vos
2211 1556 2298 1621 ad
2326 1557 2597 1638 perden-

666 1641 822 1707 dum
856 1661 991 1706 vos.-
1025 1646 1082 1704 et
1114 1641 1438 1707 exaudivit
1468 1661 1565 1707 me
1610 1641 1839 1707 Iehova
1880 1643 2069 1707 etiam
2109 1641 2224 1706 hac
2264 1643 2410 1707 vice.
2494 1642 2599 1707 20.

675 1724 909 1792 Contra
962 1725 1230 1791 Aharon
1285 1747 1520 1810 quoque
1576 1728 1912 1794 excanduit
1956 1726 2182 1793 Iehova
2223 1727 2601 1793 vehementer

675 1811 763 1876 ad
807 1812 1197 1893 perdendum
1238 1832 1407 1891 eum,
1457 1817 1513 1877 et
1553 1814 1731 1879 oravi
1763 1814 1955 1879 etiam
1977 1832 2102 1893 pro
2144 1811 2411 1878 Aharon
2451 1818 2598 1879 tem-

658 1917 820 1980 pore
867 1896 985 1962 iao.
1076 1897 1179 1962 21.
1221 1897 1419 1963 Porro
1441 1902 1759 1978 peccatum
1791 1903 2064 1967 vestrum
2103 1898 2267 1980 quod
2293 1898 2600 1980 feceratis,

676 2002 896 2064 nempe
935 1982 1214 2058 vitulum,
1260 1986 1481 2064 accepi,
1526 1989 1581 2048 et
1621 1983 1927 2050 combussi
1966 1983 2151 2049 illum
2182 1984 2334 2068 iqui,
2371 1991 2426 2050 et
2468 2004 2604 2049 con-

675 2068 827 2132 trivi
882 2066 1022 2132 bene
1063 2068 1337 2133 molendo
1355 2121 1370 2146 ,
1414 2069 1600 2135 donec
1643 2070 2050 2135 comminutus
2091 2075 2243 2135 esset
2284 2071 2351 2134 in
2385 2069 2601 2152 pulve-

673 2172 863 2303 debut
881 2172 955 2219 ac
969 2154 1207 2304 mei
1232 2154 1550 2304 ⁸filulverem
1588 2156 1726 2221 eius
1761 2156 1832 2220 in
1864 2159 2185 2220 torrentem
2226 2157 2336 2238 qui
2367 2158 2607 2221 descen-

724 2258 755 2302 e
796 2259 834 2303 a
904 2259 935 2304 e
1144 2260 1177 2303 e
1218 2260 1243 2305 i
1292 2259 1344 2305 o.

1184 2579 1309 2644 EX
1354 2577 1682 2646 EODEM
1732 2580 2086 2647 CAPITE.

841 2750 944 2816 25.
991 2749 1081 2816 Et
1118 2750 1373 2834 procidi
1407 2771 1615 2817 coram
1660 2750 1889 2818 Ieltova
1930 2751 2351 2836 quadrayinta
2391 2752 2609 2818 diebus

667 2841 728 2901 et
782 2838 1201 2921 quadraqinta
1243 2836 1535 2916 noctibus,
1584 2837 1809 2919 quibus
1838 2837 2090 2917 procidi
2103 2862 2122 2902 .·
2162 2839 2319 2919 quia
2361 2836 2609 2903 dixerat

673 2921 907 2987 Iehova
969 2943 1034 2986 se
1086 2922 1491 3004 perditurum
1554 2943 1676 2988 vos.
1762 2922 1864 2988 26.
1930 2921 2128 2989 Oravi
2186 2922 2495 3002 Idumam,
2553 2928 2609 2989 et

669 3007 815 3072 dixi
830 3032 850 3071 .·
905 3005 1283 3073 Dominator
1337 3006 1567 3073 Ieltova
1585 3058 1600 3087 ,
1658 3028 1736 3073 ne
1766 3008 2007 3091 perdas
2048 3007 2358 3089 populum
2409 3012 2606 3089 tuum,

670 3096 730 3157 et
797 3092 1236 3158 haereditatem
1307 3097 1481 3158 tuam
1545 3113 1734 3176 quam
1807 3093 2123 3159 redemisti
2175 3094 2607 3177 maynitudine

676 3182 824 3256 tua,
890 3199 1070 3260 quem
1125 3179 1398 3244 eduxisti
1453 3200 1528 3243 ex
1581 3180 1862 3264 Aeyypto
1914 3199 2107 3244 manu
2160 3179 2394 3245 valida.
2499 3180 2602 3245 27.

669 3261 976 3329 Memento
1016 3284 1333 3330 servorum
1372 3269 1620 3329 tuorum
1637 3315 1653 3343 ,
1698 3263 1994 3330 Abrahae
2008 3311 2023 3341 ,
2068 3264 2261 3331 Isaac
2301 3270 2357 3329 et
2399 3264 2603 3344 Iacob,

666 3368 746 3413 ne
801 3350 1106 3431 respicias
1148 3351 1233 3414 ad
1287 3350 1581 3415 duritiem
1616 3351 1840 3431 populi
1879 3350 2101 3430 huius,
2162 3355 2216 3414 et
2256 3350 2344 3415 ad
2383 3351 2607 3435 impie-

666 3436 854 3498 tatem
887 3436 1024 3499 eius
1056 3439 1111 3499 et
1130 3441 1471 3517 peccatum.
1560 3435 1663 3502 28.
1713 3436 1811 3501 Ne
1840 3435 2000 3517 forte
2040 3436 2257 3502 dicant
2297 3437 2363 3500 in
2408 3441 2601 3516 terra,

670 3519 839 3585 unde
881 3519 1155 3585 eduxisti
1194 3540 1337 3587 nos.-
1397 3519 1735 3602 Propterea
1769 3521 1933 3604 quod
1972 3542 2095 3587 non
2123 3524 2329 3604 potuit
2372 3521 2602 3587 Iehova

663 3604 1053 3671 introducere
1085 3626 1186 3672 eos
1218 3607 1290 3671 in
1329 3612 1561 3673 terram
1603 3627 1789 3688 quam
1832 3606 2082 3673 dixerat
2122 3606 2274 3682 illis,
2318 3606 2413 3672 vel
2444 3609 2602 3689 quia

656 3691 882 3756 oderat
923 3690 1065 3756 illos
1079 3743 1093 3770 ,
1140 3692 1354 3758 eduxit
1393 3713 1493 3758 eos
1535 3698 1604 3756 ut
1642 3692 1999 3773 interficeret
2040 3693 2112 3757 in
2152 3693 2402 3758 deserte.
2492 3693 2596 3759 29.

652 3775 811 3856 Ipsi
846 3781 1048 3842 autem
1083 3782 1228 3842 sunt
1248 3778 1526 3859 populus
1560 3783 1725 3858 tuus,
1762 3783 1820 3842 et
1851 3777 2203 3843 haereditas
2235 3783 2365 3856 tua,
2406 3798 2599 3860 quam

654 3862 938 3927 eduxisti
956 3863 1344 3946 fortidudine
1385 3867 1496 3929 tua
1518 3884 1767 3948 mayna,
1810 3868 1866 3929 et
1906 3862 2154 3929 brachio
2195 3867 2300 3930 tuo
2340 3869 2594 3931 extento.

1217 4204 1347 4271 EX
1394 4203 1661 4272 DEU'P.
1704 4203 1903 4270 OAP.
1946 4204 2033 4270 X.

835 4376 891 4439 1.
953 4374 1037 4439 In
1091 4382 1212 4441 tem
1255 4396 1358 4442 ore
1409 4376 1519 4441 illo
1559 4377 1726 4442 dixit
1766 4374 1924 4440 mihi
1970 4375 2227 4441 Iehova:
2269 4374 2439 4442 Dola
2479 4376 2595 4442 tibi

594 4522 603 4543 ,
658 4462 829 4527 duas
881 4461 1130 4529 tabulas
1237 4462 1470 4543 pideas
1526 4460 1765 4526 similes
1807 4460 2168 4543 prioribus,
2226 4466 2285 4525 et
2338 4463 2595 4528 ascende

658 4547 747 4613 ad
787 4567 886 4611 me
927 4549 999 4612 in
1040 4552 1333 4627 montem,
1376 4551 1432 4612 et
1467 4546 1573 4628 fac
1614 4547 1725 4612 tibi
1768 4567 1980 4613 arcam
2023 4547 2310 4630 liqueam.
2399 4547 2457 4613 2.
2503 4547 2596 4614 Et

658 4633 934 4698 scribam
992 4633 1065 4696 in
1118 4632 1344 4697 tabulis
1401 4633 1582 4698 verba
1626 4652 1783 4713 quae
1825 4638 2002 4697 erant
2044 4634 2115 4698 in
2152 4632 2383 4699 tabulis
2413 4635 2590 4716 prio-

658 4717 876 4794 ribus,
939 4737 1101 4800 quas
1149 4716 1414 4800 freqisti,
1472 4722 1529 4781 et
1576 4738 1769 4798 pones
1814 4738 1923 4783 cas
1964 4719 2032 4783 in
2073 4739 2242 4784 arca.
2332 4719 2392 4785 3.
2441 4718 2594 4785 Feci

657 4805 859 4953 gyitur
888 4822 1106 4867 arcam
1131 4825 1162 4866 e
1191 4802 1382 4885 liynis
1412 4803 1629 4882 sittim,
1664 4824 1739 4870 ac
1759 4803 1966 4869 dolavi
1986 4805 2150 4869 duas
2168 4805 2413 4871 tabulas
2432 4805 2592 4887 lapi-

701 4909 812 4954 eas
868 4887 1106 4952 similes
1136 4886 1505 4968 prioribus.-
1548 4890 1915 4970 ascendique
1952 4891 2021 4954 in
2061 4895 2321 4955 montem
2364 4890 2590 4957 habens

656 4975 822 5040 duas
870 4972 1116 5039 tabulas
1163 4974 1229 5036 in
1280 4993 1475 5038 manu
1516 4994 1671 5040 mea.
1759 4974 1820 5040 4.
1873 4976 2048 5041 Tunc
2088 4976 2345 5056 scripsit
2384 4977 2455 5041 in
2496 4982 2590 5042 ta-

657 5060 822 5125 bulis
877 5060 1063 5123 iuxta
1122 5060 1503 5139 scripturam
1534 5062 1814 5143 priorem
1851 5062 2052 5127 decem
2083 5062 2265 5127 verba
2308 5083 2466 5144 quae
2506 5063 2592 5128 lo-

658 5148 893 5227 quutus
932 5142 1143 5224 fuerat
1186 5144 1411 5210 Iekova
1458 5146 1768 5212 vobiscum
1800 5147 1870 5211 in
1911 5152 2110 5213 monte
2127 5198 2142 5227 ‚
2186 5168 2218 5212 e
2258 5149 2457 5214 medio
2497 5148 2590 5231 iy-

659 5231 796 5308 nis‚
864 5229 936 5293 in
991 5230 1095 5295 die
1147 5236 1499 5297 conventus:
1569 5238 1624 5297 et
1686 5232 1857 5297 dedit
1919 5233 2069 5299 illas
2130 5234 2288 5298 mihi
2332 5234 2586 5299 Iehova.

654 5316 716 5379 5.
771 5313 1117 5381 Conversus
1158 5322 1361 5383 autem
1405 5317 1688 5385 descendi
1728 5338 1761 5384 e
1810 5323 2036 5385 monte.-
2066 5319 2374 5402 posuique
2413 5320 2589 5385 tabu-

2077 425 2486 496 REDITUS
2533 427 2660 493 AD
2709 424 3257 493 HISTORIAM.

4520 418 4649 484 120

2709 615 2809 680 las
2865 614 2938 679 in
3002 635 3157 682 arca
3206 635 3396 697 quam
3448 612 3743 696 feceram.-
3777 618 3833 678 et
3870 611 4126 695 fuerunt
4165 611 4314 691 illic,
4353 610 4650 693 quemad-

2707 701 2960 766 modum
2989 706 3392 785 praeceperat
3432 699 3592 765 mihi
3634 699 3882 765 Iehova.

3221 1041 3349 1106 EX
3393 1038 3726 1107 EODEM
3770 1039 4125 1109 CAPITE.

2883 1212 2982 1277 10.
3026 1211 3163 1296 qu
3196 1216 3399 1279 autem
3433 1212 3574 1277 steti
3606 1213 3677 1276 in
3718 1216 3919 1277 monte
3964 1211 4295 1277 secundum
4337 1211 4474 1276 dies
4502 1212 4646 1294 pri·

2702 1316 2860 1449 ἓξὲξ
2905 1298 3344 1449 quadrigata
3358 1297 3610 1447 dies,het
3643 1297 4422 1449 quadragintczlzotctghoeg
4455 1317 4647 1363 exau—

2703 1467 2847 1534 dere
2896 1404 2992 1534 ἷζε
3061 1404 3102 1533 ἶ
3108 1468 3164 1533 1.
3213 1402 3650 1549 {afflati
3667 1402 4158 1534 υῆῗῗιὶῑηῗειιῖυιῖ-
4204 1402 4643 1552 εανρε,αυῖἷᾷ

2692 1553 3145 1636 proficiscendo
3201 1558 3343 1619 ante
3388 1553 3699 1636 populum
3752 1558 3823 1618 ut
3878 1554 4312 1638 ingrediantur
4353 1559 4409 1619 et
4437 1555 4648 1638 possi-

2703 1640 3181 1791 ff'iantwtgram
3237 1659 3426 1723 quam
3480 1640 3696 1705 iuravi
3743 1639 4037 1721 patribus
4079 1661 4288 1706 eorum
4329 1661 4424 1706 me
4464 1642 4647 1708 datu-

2878 1897 3077 1962 Deut.
3120 1896 3181 1974 9,
3221 1896 3279 1961 7.
3326 1894 3647 1972 Memento,
3692 1917 3770 1962 ne
3803 1895 4206 1963 obliviscaris.
4295 1899 4390 1965 Ut
4426 1900 4448 1964 i
4544 1923 4646 1967 ra·

2709 1981 3061 2049 titudinem
3096 1981 3334 2066 populo
3375 1981 3724 2065 exprobret
3760 1981 3997 2062 Moses,
4032 1984 4279 2049 scelera
4321 2006 4489 2068 quae
4536 2008 4644 2052 am

2712 2069 2833 2134 hoc
2875 2068 3015 2135 loco
3060 2068 3344 2135 breviter
3383 2068 3675 2151 attingit:
3730 2065 3845 2132 sed
3890 2070 4242 2152 praecipue
4285 2071 4528 2137 insistit
4571 2073 4642 2138 in

2712 2152 3088 2219 defectionis
3122 2152 3411 2233 historia,
3456 2153 3566 2217 ubi
3613 2174 3682 2217 se
3724 2151 4013 2235 prodidit
4057 2164 4353 2220 extrema
4395 2168 4461 2220 et
4503 2179 4644 2222 ma-

2712 2241 2889 2304 xime
2926 2237 3321 2304 detestabilis
3359 2239 3677 2320 impietae.
3747 2239 3890 2303 Hoc
3924 2260 4079 2324 ergo
4114 2240 4373 2307 facinus
4406 2241 4642 2310 iisdem

2712 2345 2917 2410 prope
2965 2325 3184 2390 verbis
3234 2334 3526 2389 recenset
3576 2323 3813 2406 quibus
3848 2334 4003 2390 ante
4039 2347 4199 2391 usus
4235 2326 4362 2393 fuit
4394 2329 4466 2392 in
4501 2331 4642 2396 Ex-

2714 2410 2855 2477 od0.
2934 2409 3277 2474 Praefatur
3328 2419 3543 2475 autem
3603 2419 3679 2474 ut
3724 2408 3803 2474 de
3848 2410 4200 2478 sceleribus
4242 2413 4404 2497 ipsis
4447 2435 4643 2501 saepe

2715 2497 3038 2581 cogitent,
3096 2516 3179 2559 ne
3224 2516 3511 2578 unquam
3554 2494 3826 2578 obrepat
3869 2494 4127 2563 oblivio,
4216 2498 4400 2566 Haec
4445 2521 4640 2583 porro

2716 2581 2975 2648 assidua
3032 2579 3395 2646 recordatio
3461 2601 3591 2645 non
3649 2578 3841 2645 modo
3898 2581 3978 2645 ad
4032 2603 4143 2648 eos
4199 2584 4642 2655 humiliandos

2710 2668 3072 2751 spectabat,
3132 2666 3246 2732 sed
3291 2675 3365 2730 ut
3407 2664 3670 2731 tandem
3709 2687 3948 2734 exuere
3993 2668 4317 2736 discerent
4356 2692 4642 2755 pravum

2708 2752 2873 2818 illud
2916 2752 3284 2836 ingenium,
3330 2761 3397 2816 et
3441 2750 3523 2816 ad
3567 2751 4028 2835 praestandum
4077 2756 4217 2820 Deo
4260 2757 4641 2841 obsequium

2710 2858 3099 2905 assuescere.
3156 2838 3315 2903 Mox
3353 2836 3435 2902 ad
3472 2836 3809 2903 historiam
3845 2840 4051 2922 ipsam
4077 2840 4427 2923 descendit,
4464 2844 4640 2926 quod

2709 2945 2938 2990 eorum
2986 2922 3350 2988 idololatria
3403 2930 3798 3008 provocatus
3843 2923 4045 2990 fuerit
4083 2926 4264 2994 Deus
4321 2928 4403 2993 ad
4462 2930 4640 3014 ipsos

2710 3008 3035 3075 delendos.
3122 3007 3254 3074 Hic
3311 3009 3366 3073 si
3426 3008 3718 3093 quaestio
3776 3020 4078 3076 movetur
4118 3013 4436 3094 quomodo
4480 3036 4639 3081 exo·

2709 3104 2892 3160 ratus
2928 3094 3126 3160 fuerit
3160 3115 3199 3158 a
3243 3094 3429 3160 Mose
3473 3095 3655 3158 Deus
3699 3102 3772 3158 ut
3808 3104 4089 3161 mutaret
4131 3099 4493 3182 consilium,
4529 3122 4639 3167 co-

2706 3179 2993 3246 hibenda
3027 3189 3130 3246 est
3170 3179 3548 3259 curiositas,
3594 3201 3678 3244 ne
3729 3181 3926 3247 altius
3970 3204 4163 3265 quam
4208 3205 4330 3268 par
4365 3193 4465 3251 est
4508 3188 4638 3253 dis-

2709 3274 3015 3350 putemus
3076 3265 3155 3331 de
3211 3285 3449 3331 arcano
3502 3275 3571 3331 et
3635 3265 4275 3349 incomprehensibili
4333 3272 4462 3338 Dei
4524 3272 4637 3338 de-

2708 3362 2902 3417 creto.
2961 3352 3238 3417 Certum
3282 3349 3543 3434 quidem
3596 3360 3699 3416 est
3742 3374 3872 3418 non
3918 3353 4110 3419 aliter
4146 3354 4363 3421 Deum
4407 3357 4639 3425 fecisse

2704 3457 2901 3519 quam
2959 3445 3306 3503 statuerat:
3367 3437 3483 3503 sed
3541 3458 3673 3503 non
3726 3436 3923 3503 altius
3976 3440 4354 3507 conscendit
4418 3444 4638 3512 Moses

2704 3544 2899 3606 quam
2944 3522 3026 3588 ad
3070 3520 3381 3589 iudicium
3436 3521 3560 3589 sibi
3601 3522 4035 3607 patefactum:
4082 3528 4273 3592 sicuti
4315 3544 4493 3596 certo
4537 3551 4640 3596 re-

2701 3606 3066 3690 putandum
3101 3616 3203 3674 est
3235 3616 3536 3691 paratum
3580 3606 3770 3674 nobis
3811 3630 3954 3675 esse
3986 3611 4319 3677 interitum
4366 3613 4478 3680 ubi
4522 3616 4637 3681 de-

2701 3693 3043 3776 liquimus:
3104 3703 3171 3759 et
3233 3694 3402 3759 iram
3459 3695 3586 3760 Dei
3638 3695 3884 3776 placari
3939 3716 4136 3778 quum
4195 3719 4352 3765 vera
4395 3700 4522 3766 fide
4566 3710 4636 3769 et

2700 3779 2871 3845 serio
2907 3779 3140 3846 affectu
3170 3779 3579 3864 confugimus
3615 3778 3697 3844 ad
3734 3781 3875 3847 eius
3909 3783 4437 3852 misericordiam,
4505 3787 4637 3855 Re-

2703 3866 2882 3949 liqua
2925 3875 3077 3930 ante
3124 3866 3336 3931 fuerat
3377 3866 3689 3948 exposita.

2875 3951 2973 4016 17.
3027 3951 3200 4016 Tunc
3233 3950 3612 4033 apprehendi
3654 3952 3821 4019 duas
3851 3953 4116 4020 tabulas.
4204 3955 4478 4022 Nullum
4523 3959 4633 4027 hic

2700 4056 2895 4103 suum
2932 4035 3242 4103 delictum
3277 4038 3510 4102 recitat
3545 4036 3780 4103 Moses.
3870 4039 4103 4123 Itaque
4143 4062 4276 4107 non
4320 4043 4636 4131 intelligit

2698 4143 2769 4189 se
2805 4124 3007 4186 nimio
3041 4122 3414 4189 iracundiae
3449 4123 3693 4205 impetu
3731 4124 3926 4189 fuisse
3945 4133 4312 4211 correptum
4352 4128 4431 4194 ad
4457 4129 4636 4196 fran-

2698 4207 2944 4292 gendas
2977 4207 3263 4273 tabulas:
3300 4209 3454 4292 quin
3493 4210 3708 4291 potius
3741 4209 3983 4275 iterum
4017 4214 4254 4294 repetit
4295 4216 4446 4297 quid
4493 4238 4633 4281 mc-

2701 4294 2811 4357 riti
2871 4303 3119 4358 essent:
3179 4293 3452 4377 ideoque
3504 4315 3574 4358 se
3631 4295 3875 4360 fecialis
3945 4318 4216 4363 munere
4271 4300 4472 4366 fuisse
4516 4300 4631 4367 de-

2699 4380 3023 4459 functum,
3083 4388 3160 4444 ut
3204 4399 3336 4444 non
3394 4399 3507 4444 ore
3549 4389 3827 4457 tantum,
3874 4381 3990 4447 sed
4037 4383 4290 4450 solenni
4340 4387 4472 4451 ritu
4517 4387 4630 4453 de-

2701 4465 3045 4530 nunciaret
3080 4485 3304 4529 eorum
3332 4463 3600 4548 perfidia
3637 4482 3889 4531 cassum
3927 4477 3993 4532 et
4027 4469 4284 4534 irritum
4327 4493 4469 4537 esse
4499 4474 4633 4539 foe-

2701 4548 2823 4616 dus
2866 4549 3013 4615 Dei.
3096 4550 3246 4631 Qua
3289 4552 3483 4617 etiam
3531 4552 3786 4617 ratione
3831 4552 4085 4620 tabulas
4127 4555 4289 4640 ipsis
4332 4568 4634 4642 spectan-

2700 4635 2873 4701 tibus
2906 4637 3176 4719 proiecit
3212 4657 3286 4701 ac
3330 4636 3562 4721 fregit:
3608 4653 3680 4702 ut
3722 4645 3855 4702 tam
3903 4638 4197 4705 horribili
4241 4663 4450 4725 poena
4493 4654 4629 4711 ter-

2699 4721 2805 4786 riti
2854 4720 3130 4787 alacrius
3175 4742 3244 4786 se
3288 4721 3369 4786 ad
3414 4722 3814 4806 expiandum
3852 4725 4064 4790 scelus
4107 4727 4538 4813 accingerent.

2871 4806 2969 4873 18.
3011 4807 3268 4874 Procidi
3300 4827 3510 4874 coram
3546 4809 3792 4875 Iehova.
3860 4809 4166 4876 Narratio
4201 4823 4303 4879 est
4337 4816 4627 4884 confusa.

2693 4892 2925 4976 Neque
2970 4893 3143 4958 enim
3189 4894 3504 4960 ieiunium
3551 4894 3692 4973 hoc,
3735 4893 3814 4959 de
3858 4916 3986 4978 quo
4029 4896 4352 4981 loquitur,
4397 4900 4629 4969 ordine

2698 4979 3007 5062 temporis
3029 4981 3381 5064 praecessit
3410 4979 3769 5047 secundum
3790 5001 4146 5061 ascensum,
4185 5006 4385 5068 quum
4407 4987 4629 5054 iussus

2699 5065 2821 5129 fuit
2872 5086 3076 5129 novas
3126 5064 3378 5131 tabulas
3433 5087 3681 5148 parare.
3769 5066 4036 5152 Alioqui
4087 5078 4189 5134 ter
4235 5071 4623 5140 ieiunasset:

2697 5150 2863 5234 quod
2900 5150 3131 5215 falsum
3169 5173 3309 5217 esse
3345 5173 3427 5216 ex
3466 5151 3611 5216 aliis
3634 5151 3791 5218 locis
3814 5153 4166 5239 colligitur.
4226 5154 4361 5221 Sed
4384 5159 4629 5225 mirum

2695 5257 2824 5299 non
2863 5246 2963 5301 est
2997 5259 3132 5301 rem
3171 5236 3443 5303 eandem
3467 5238 3727 5320 saepius
3750 5240 3975 5322 repeti,
4023 5240 4215 5306 sicuti
4263 5242 4628 5312 videbimus

2696 5331 2828 5385 tam
2865 5322 3050 5386 initio
3079 5322 3313 5390 decimi
3343 5323 3575 5406 capitis
3603 5344 3802 5407 quam
3837 5325 4187 5409 aliquando
4219 5340 4381 5410 post.
4429 5330 4627 5399 Nunc
