5017 6142
570 421 702 493 259

572 611 837 681 licebit:
902 610 1215 678 Miseram
1283 617 1525 677 autem.
1615 609 1718 675 Ita
1773 608 1845 678 in
1911 632 2108 679 sensu
2168 610 2352 677 nulla
2409 610 2535 676 erit

581 696 1017 783 ambiguitas,
1058 693 1229 780 quod
1282 695 1392 762 ubi
1446 695 1649 781 legati
1699 718 1770 762 re
1813 695 2056 765 infecta
2100 698 2346 764 reversi
2388 695 2530 762 fue-

584 796 766 862 rant,
823 783 1045 868 populi
1090 779 1379 848 taedium
1437 781 1695 847 lenierit
1738 781 1923 849 Deus
1966 783 2092 851 hoc
2135 783 2397 850 solatio:
2457 803 2534 849 ac

582 869 641 936 si
696 866 975 936 diceret:
1029 867 1182 934 Non
1241 868 1510 950 impune
1555 864 1766 933 Sihon
1820 868 2191 953 repudiavit
2246 869 2533 935 oblatam

584 954 707 1023 sibi
764 974 1026 1040 pacem:
1083 953 1240 1037 quia
1300 952 1481 1019 vobis
1535 951 1760 1018 licebit
1816 975 1964 1021 eum
2022 955 2318 1038 legitimo
2362 952 2534 1021 bello

584 1040 879 1127 aggredi.
951 1039 1041 1105 Et
1083 1049 1259 1105 certe
1301 1036 1426 1104 hoc
1471 1037 1904 1122 expeditionis
1946 1040 2211 1125 signum
2257 1061 2338 1105 ex
2385 1061 2534 1105 sen-

586 1127 797 1192 tentia
860 1123 1185 1209 dependet
1249 1145 1417 1207 qnae
1482 1145 1680 1190 versu
1750 1125 1852 1192 30.
1910 1126 2287 1193 subiicitur:
2339 1123 2536 1208 idque

585 1212 821 1280 elicere
898 1232 984 1277 ex
1062 1217 1376 1276 contextu
1451 1222 1828 1294 promptum
1911 1219 2042 1278 est:
2087 1212 2279 1364 oauia
2342 1210 2537 1294 paulo

586 1298 733 1365 aliis
781 1295 995 1364 verbis
1037 1293 1211 1361 idem
1253 1295 1388 1360 illio
1429 1296 1667 1378 repetit
1724 1296 1944 1364 Moses
2000 1319 2086 1380 qu
2230 1296 2337 1364 hic
2372 1296 2535 1381 legi-

587 1406 734 1450 mus
770 1382 852 1448 de
886 1381 1201 1447 transitu:
1239 1389 1307 1447 et
1332 1402 1595 1447 rursum
1632 1389 1909 1448 testatur
1947 1383 2130 1451 Deus
2173 1405 2245 1449 se
2280 1382 2536 1449 dedisse

589 1468 801 1536 Sihon
857 1466 928 1533 in
988 1488 1224 1532 manus
1269 1466 1523 1551 populi,
1569 1474 1637 1533 et
1682 1468 1914 1534 Mosen
1960 1470 2260 1534 hortatur
2301 1476 2378 1534 ut
2418 1489 2535 1533 au·-

588 1554 811 1621 dacter
874 1553 941 1618 in
1008 1552 1331 1636 proelium
1412 1551 1777 1620 descendat.
1868 1555 2075 1620 Porro
2139 1555 2273 1621 illic
2340 1573 2537 1620 causa

587 1639 981 1724 exprimitur
1023 1660 1140 1703 cur
1174 1637 1240 1702 in
1287 1636 1642 1705 reiicienda
1681 1638 2006 1723 legatione
2042 1649 2177 1705 tam
2213 1639 2535 1724 superbus

587 1725 787 1791 fuerit
831 1743 907 1790 ac
951 1734 1339 1790 contumax:
1387 1724 1539 1807 qnia
1582 1723 1829 1792 scilicet
1874 1726 2054 1792 Deus
2098 1725 2536 1794 obduraverat

588 1810 891 1896 spiritum
936 1809 1110 1888 eius,
1155 1816 1222 1874 et
1254 1830 1365 1875 cor
1407 1809 1547 1875 eius
1591 1808 2066 1878 obfirmaverat.
2154 1812 2347 1880 Unde
2389 1832 2534 1876 rur-

591 1917 705 1962 sus
751 1917 790 1962 a
836 1905 1022 1978 paret
1077 1892 1313 1979 frigide
1357 1915 1466 1960 eos
1510 1895 1803 1963 cavillari
1847 1897 1956 1979 qui
1999 1896 2217 1964 Deum
2275 1898 2540 1981 fingunt

594 2004 631 2048 e
677 2002 788 2049 coe
814 2002 853 2046 o
895 1980 1178 2045 otiosum
1221 1979 1545 2063 speculari
1586 1981 1738 2064 quid
1790 1984 1996 2049 acturi
2042 1984 2173 2049 sint
2218 1984 2535 2049 homines.

595 2067 747 2133 Non
787 2065 1034 2131 audent
1074 2064 1332 2150 quidem
1378 2086 1526 2132 eum
1586 2067 1864 2152 spoliare
1908 2071 2362 2151 praescientia:
2422 2067 2536 2134 sed

596 2152 752 2238 quid
805 2150 1152 2217 absurdius
1202 2160 1303 2217 est
1361 2172 1557 2234 quam
1593 2173 1742 2217 eum
1789 2152 1955 2219 nihil
1999 2152 2176 2220 aliud
2212 2154 2538 2238 praescire

598 2237 727 2304 nisi
806 2236 974 2322 quod
1058 2235 1429 2303 hominibus
1512 2237 1823 2304 libuerit?
1905 2239 2251 2324 Scriptura
2314 2249 2538 2307 autem

598 2322 701 2412 (ut
755 2321 1082 2423 videmus)
1138 2343 1266 2388 non
1328 2325 1564 2389 statuit
1617 2324 1834 2390 Deum
1887 2327 1958 2391 in
2016 2326 2309 2409 specula,
2365 2324 2540 2392 unde

597 2410 706 2476 lon
755 2430 792 2475 e
854 2408 1206 2493 prospiciat
1269 2430 1434 2492 quae
1499 2409 1722 2476 futura
1784 2420 1966 2477 sunt:
2054 2411 2164 2479 sed
2247 2412 2538 2477 omnium

601 2515 707 2560 mo
754 2506 1072 2560 eratorem
1129 2515 1269 2560 osse
1314 2494 1531 2561 docet:
1593 2516 1712 2562 nec
1747 2517 1967 2562 rerum
2010 2496 2201 2562 modo
2243 2505 2539 2577 eventus,

598 2579 712 2647 sed
767 2579 1107 2644 hominum
1166 2578 1438 2645 consilia
1479 2590 1548 2645 et
1596 2580 1869 2649 affectus
1925 2581 2188 2648 subiicit
2238 2584 2379 2649 eius
2435 2603 2538 2647 ar-

600 2665 813 2732 bitrio.
903 2664 1083 2749 Ergo
1147 2665 1343 2732 sicuti
1414 2676 1568 2731 ante
1646 2665 1932 2733 vidimus
1997 2688 2109 2735 cor
2172 2667 2542 2734 Pharaonis

600 2750 799 2818 fuisse
864 2749 1287 2829 obduratum,
1352 2751 1446 2816 ita
1511 2772 1686 2816 nunc
1751 2753 1972 2820 Moses
2037 2752 2541 2821 obstinationem

598 2837 775 2922 regis
822 2834 1032 2901 Sihon
1089 2836 1232 2901 Deo
1294 2835 1617 2902 adscribit.
1706 2836 1925 2919 Quam
1981 2839 2211 2907 frivola
2264 2839 2353 2905 sit
2412 2850 2540 2905 ter·

599 2922 985 3008 giversatio,
1046 2920 1199 2986 dum
1258 2922 1591 3004 excipiunt
1648 2921 1909 3005 quidam
1956 2922 2037 2990 de
2095 2925 2543 3010 permissione,

600 3008 761 3075 satis
803 3006 1009 3091 liquet
1053 3027 1133 3072 ex
1177 3007 1308 3073 fine
1351 3008 1490 3090 ipso
1578 3028 1725 3074 uem
1770 3006 2069 3095 designat
2103 3012 2341 3078 Moses.
2404 3010 2543 3077 Cur

601 3093 776 3160 enim
821 3093 1005 3159 Deus
1048 3113 1159 3159 cor
1202 3090 1410 3159 Sihon
1454 3028 1851 3159 obduravit?
1909 3114 2143 3180 nempe
2185 3105 2260 3162 ut
2301 3097 2543 3181 populo

599 3200 718 3247 suo
763 3176 1186 3246 occidendum
1231 3177 1538 3257 traderet,
1580 3181 1731 3264 quia
1765 3179 2024 3248 volebat
2057 3183 2272 3266 ipsum
2310 3184 2543 3266 perire,

601 3274 667 3332 et
719 3266 863 3330 eius
920 3271 1165 3330 terram
1221 3262 1538 3331 Israelitis
1603 3264 2064 3334 destinaverat.
2156 3267 2230 3335 Si
2285 3276 2544 3335 tantum

603 3350 902 3435 permisit
988 3348 1173 3417 Deus
1253 3348 1462 3417 Sihon
1541 3348 2003 3433 obdurescere,
2092 3355 2195 3420 vel
2266 3353 2546 3434 nullum,

602 3435 710 3501 vel
755 3436 1006 3501 fluxum
1047 3444 1114 3502 et
1155 3437 1507 3501 evanidam
1545 3448 1686 3502 erat
1729 3439 1868 3505 eius
1912 3438 2274 3507 decretum:
2322 3442 2472 3525 quia
2506 3462 2548 3508 a

602 3518 874 3586 flexibili
937 3519 1223 3586 hominis
1286 3521 1554 3587 arbitrio
1616 3523 1956 3605 pendebat.
2048 3523 2327 3593 Omissis
2392 3547 2547 3610 ergo

602 3604 966 3692 puerilibus
1023 3606 1217 3690 nugis
1285 3606 1640 3673 tenendum
1699 3619 1827 3687 est,
1891 3611 2107 3677 Deum
2167 3633 2407 3678 arcano
2450 3613 2552 3677 in-

602 3691 850 3758 stinctu
885 3691 979 3759 sic
1013 3710 1298 3769 movere,
1343 3692 1642 3773 formare,
1680 3714 1904 3778 regere
1940 3716 2016 3763 ac
2050 3696 2310 3764 trahere
2343 3697 2549 3763 homi-

604 3797 763 3844 num
820 3777 1047 3854 corda,
1103 3786 1177 3841 ut
1233 3777 1432 3843 etiam
1490 3799 1609 3863 per
1664 3779 1900 3864 impios
1954 3780 2267 3867 quidquid
2320 3785 2551 3849 statuit

602 3871 1015 3947 exsequatur.
1106 3862 1324 3930 Simul
1376 3875 1594 3929 tamen
1659 3866 2024 3933 notandum
2104 3877 2235 3948 est,
2312 3869 2551 3952 impios

606 3970 737 4014 non
783 3947 1151 4014 extrinseca
1196 3948 1263 4013 vi
1315 3949 1564 4032 impelli
1623 3950 1702 4016 ad
1752 3951 2089 4031 duritiem,
2149 3952 2263 4021 sed
2318 3964 2551 4037 sponte

602 4055 674 4098 se
731 4034 906 4117 ipsos
970 4033 1328 4100 obdurare:
1403 4044 1475 4101 ut
1529 4036 1599 4101 in
1658 4035 1880 4103 eadem
1949 4038 2187 4105 duritie
2243 4047 2310 4106 et
2370 4041 2551 4107 Deus

600 4120 820 4185 iustus
877 4118 1072 4185 iudex
1130 4129 1469 4204 appareat,
1536 4122 1841 4205 quamvis
1889 4122 2103 4191 incom
2153 4124 2551 4192 rehensibile

604 4206 691 4271 sit
735 4205 874 4270 eius
913 4204 1289 4285 consilium,
1346 4217 1412 4271 et
1454 4207 1796 4273 hominum
1856 4228 1928 4275 se
1962 4228 2079 4293 pro
2127 4219 2194 4276 at
2245 4211 2549 4296 impietas

604 4290 718 4375 qui
776 4289 902 4356 sibi
944 4290 1103 4374 ipsis
1145 4291 1455 4375 peccandi
1501 4303 1657 4358 sunt
1700 4305 1960 4361 autores
2019 4303 2085 4362 et
2140 4296 2548 4380 impulsores.

610 4376 697 4442 Et
731 4374 1092 4459 emphatice
1127 4377 1228 4444 bis
1262 4376 1435 4443 idem
1472 4379 1758 4446 inculcat
1790 4380 2029 4463 Moses,
2072 4381 2243 4465 quod
2279 4382 2552 4466 spiritus

607 4461 820 4530 Sihon
865 4460 1184 4529 divinitus
1225 4461 1426 4529 fuerit
1469 4462 1854 4548 obduratus,
1911 4476 1974 4533 et
2018 4488 2132 4535 cor
2174 4468 2315 4535 eius
2359 4468 2552 4534 obfir-

606 4557 889 4627 matum,
945 4568 1072 4631 quo
1113 4550 1323 4629 magis
1367 4548 1735 4617 illustretur
1791 4560 2106 4635 paternus
2149 4575 2307 4640 erga
2350 4575 2554 4638 popu-

605 4634 744 4700 lum
802 4633 1082 4700 electum
1141 4634 1269 4699 Dei
1314 4635 1532 4702 favor:
1599 4636 1753 4721 quia
1794 4659 1877 4704 ex
1919 4640 2093 4706 caeci
2141 4641 2317 4724 regis
2353 4641 2552 4723 perti·

604 4720 796 4787 nacia
859 4718 1102 4785 iustam
1161 4718 1310 4784 belli
1376 4740 1643 4788 causam
1713 4729 1779 4788 et
1835 4723 2145 4791 victoriae
2210 4726 2554 4791 materiam

604 4805 1027 4891 suggesserit.

778 4890 1130 4957 Numeror.
1175 4890 1280 4973 21,
1329 4890 1432 4957 25.
1501 4891 1589 4957 Et
1632 4912 1735 4959 acc
1823 4895 1836 4908 '
1903 4892 2129 4961 Israel.
2218 4894 2428 4978 Quasi
2474 4894 2554 4963 de

605 4997 680 5042 re
744 4978 1077 5060 praesenti
1141 4978 1342 5043 verba
1406 4978 1672 5057 faceret,
1784 4981 2251 5048 emonstrativo
2315 5003 2551 5066 prono·

611 5062 788 5127 mine
825 5063 1060 5129 utitur:
1105 5062 1319 5130 Urbes
1362 5063 1552 5138 istas.
1598 5064 1848 5148 inquit:
1896 5065 2096 5131 veluti
2133 5087 2241 5134 eas
2285 5068 2556 5134 subiice-

610 5157 713 5214 ret
789 5146 1105 5216 lectorum
1186 5148 1410 5216 oculis.
1527 5149 1654 5217 Ubi
1720 5152 2032 5217 vertimus
2096 5152 2364 5237 oppida,
2442 5152 2556 5218 alii

613 5231 836 5311 villas,
893 5233 1002 5299 alii
1049 5235 1300 5302 viculos
1346 5236 1768 5302 transferunt.
1857 5236 2179 5303 Hebraico
2221 5238 2391 5305 filias
2436 5258 2553 5303 no-

608 5318 822 5382 minat
880 5318 1097 5387 Moses
1155 5342 1357 5406 pagos
1400 5342 1625 5388 omnes
1669 5336 1733 5387 ct
1779 5322 2033 5389 minora
2076 5323 2343 5408 oppida,
2403 5345 2555 5408 quo-

1996 421 2352 490 REDITU
2354 420 2408 489 S
2449 421 2580 489 AD
2621 417 3167 489 HISTORIAM.

4451 419 4582 485 260

2634 629 2785 674 rum
2850 614 3059 675 metro
3146 606 3227 673 lis
3291 614 3434 674 erat
3497 605 3788 672 Hesbon.
3877 605 4006 672 His
4072 616 4293 673 autem
4362 607 4581 675 verbis

2637 694 2970 779 significat
3088 714 3231 761 oses
3288 692 3434 760 iure
3491 691 3644 758 belli
3702 691 3975 759 cessisse
4024 693 4247 758 omnia
4287 692 4401 758 illa
4444 693 4583 761 loca

2637 779 2958 847 Israelitis
2992 781 3059 844 in
3097 789 3345 846 sortem
3379 798 3534 845 suae
3560 776 4001 845 haereditatis.
4056 778 4228 845 Nam
4265 778 4367 866 (ut
4388 780 4579 863 paulo

2637 872 2791 932 ante
2872 863 3037 953 dixi)
3119 864 3410 931 nondum
3489 874 3713 948 aperte
3779 863 3964 931 Deus
4028 865 4581 948 pronunciaverat

2636 951 2900 1018 illarum
2944 951 3288 1037 regionum
3338 951 3474 1016 fore
3533 950 3848 1016 dominos.
3937 951 4143 1016 Fines
4186 951 4390 1034 igitur
4432 972 4580 1018 suos

2638 1040 3034 1122 transgressi
3076 1046 3295 1103 essent
3336 1036 3463 1103 nisi
3506 1034 3589 1102 ad
3634 1047 3878 1101 terram
3925 1036 4244 1103 Chanaan
4293 1035 4581 1104 adiectae

2638 1123 2937 1188 fuissent.
3025 1122 3212 1189 Haec
3288 1122 3457 1189 ratio
3536 1128 3637 1188 est
3711 1141 3827 1187 cur
3904 1143 3976 1188 se
4045 1123 4226 1189 Deus
4290 1131 4581 1189 autorem

2639 1208 2856 1292 palam
2902 1208 3097 1275 faciat
3139 1207 3530 1292 possidendi.
3622 1206 3971 1274 Caeterum
4024 1208 4137 1275 ubi
4183 1207 4345 1275 dicit
4386 1207 4582 1276 urbes

2640 1294 2895 1361 dirutas
2952 1295 3181 1373 fuisse,
3239 1304 3305 1360 et
3347 1313 3577 1360 omnes
3633 1293 3877 1359 incolas
3922 1292 4199 1374 deletos,
4259 1306 4331 1360 ut
4376 1314 4583 1378 neque

2638 1380 2932 1459 feminis,
2990 1400 3201 1464 neque
3257 1379 3480 1464 pueris
3533 1387 3905 1463 parcerent,
3960 1379 4245 1446 sciamus
4301 1401 4434 1446 non
4488 1380 4585 1446 ita

2640 1466 2948 1532 saeviisse
3004 1466 3269 1550 proprio
3325 1466 3415 1531 im
3464 1472 3602 1544 otu,
3658 1476 3775 1530 aut
3832 1484 4024 1532 caeca
4068 1465 4408 1547 violentia,
4468 1464 4584 1533 sed

2639 1549 2957 1636 quidquid
3031 1562 3217 1618 trans
3294 1550 3405 1616 Ior
3450 1570 3643 1617 anem
3722 1550 3922 1616 situm
4001 1560 4177 1631 erat,
4257 1550 4585 1619 divinitus

2640 1638 2845 1704 exitio
2889 1636 3094 1703 fuisse
3136 1635 3473 1703 devotum:
3527 1643 3603 1701 ut
3645 1657 3904 1721 semper
3946 1637 4182 1703 attenti
4237 1649 4456 1705 essent
4501 1636 4585 1705 ad

2639 1731 2884 1789 terram
2919 1722 3338 1807 promissam:
3385 1743 3595 1806 neque
3638 1722 3887 1804 torpori
3919 1721 4369 1809 indulgerent:
4413 1723 4583 1809 quod

2640 1808 2887 1875 factum
2946 1819 3119 1875 esset
3175 1810 3229 1876 si
3283 1808 3622 1876 commoda
3678 1806 3993 1873 habitatio
4051 1808 4200 1875 illos
4242 1809 4586 1877 invitasset

2640 1893 2724 1960 ad
2787 1894 3090 1979 quietem.
3180 1893 3504 1976 Quamvis
3582 1914 3739 1979 ergo
3804 1902 4051 1960 terram
4114 1894 4185 1960 in
4250 1903 4584 1979 posterum

2640 1979 2777 2045 illis
2841 1981 3025 2046 Deus
3089 1979 3461 2057 tradiderit,
3532 1988 3597 2047 et
3659 2000 3892 2064 passus
3958 1980 4152 2047 fuerit
4214 1979 4457 2066 praeda
4520 1988 4588 2046 et

2641 2066 2867 2149 spoliis
2912 2065 3132 2145 ditari,
3190 2066 3403 2132 noluit
3446 2074 3667 2132 tamen
3713 2064 3983 2132 retineri
4026 2065 4107 2132 ad
4156 2066 4583 2134 manendum:

2640 2151 2914 2235 ideoque
2991 2150 3186 2218 urbes
3264 2163 3330 2218 et
3389 2172 3597 2301 Bagos
3662 2172 3893 2218 eruere
3971 2151 4197 2231 iussit,
4275 2160 4355 2218 ut
4431 2152 4587 2219 alibi

2641 2237 2828 2305 sedes
2892 2245 3301 2321 quaererent.
3457 2240 3694 2321 eniqne
3760 2258 3961 2321 quum
4024 2238 4174 2321 plus
4237 2237 4401 2306 satis
4493 2259 4590 2305 ro·

2641 2324 2845 2390 clives
2887 2330 3107 2389 essent
3150 2322 3234 2388 ad
3277 2320 3625 2403 desidiam,
3679 2322 4020 2390 illecebras
4076 2345 4301 2391 omnes
4346 2346 4429 2390 au
4459 2323 4591 2390 erri

2640 2408 2842 2560 utileb
2890 2407 3051 2489 fuit,
3135 2417 3200 2475 et
3263 2409 3410 2493 ipsa
3487 2409 3798 2475 vastitate
3881 2408 4130 2493 impelli
4201 2431 4328 2495 quo
4403 2410 4590 2478 Deus

2641 2514 2802 2562 voca
2846 2500 2933 2560 at.

2813 2580 2917 2647 26.
2965 2578 3217 2647 Hesbon
3257 2578 3411 2646 urbs
3451 2584 3584 2645 erat
3629 2577 3842 2646 Sihon.
3898 2580 4051 2647 Non
4094 2580 4212 2651 abs
4256 2601 4328 2647 re
4371 2581 4590 2650 Moses

2644 2672 3108 2732 commemorat
3190 2664 3510 2749 quomodo
3597 2665 3777 2750 regio
3856 2667 4070 2733 vicina
4149 2665 4420 2733 Hesbon
4508 2666 4593 2734 ad

2641 2750 3087 2817 Emorrhaeos
3128 2762 3552 2851 pervenerat,
3620 2752 3774 2834 quia
3818 2752 4014 2836 longo
4084 2761 4235 2836 post
4298 2764 4591 2838 tempore

2642 2835 2806 2904 haec
2864 2835 3147 2903 bellandi
3205 2837 3455 2904 occasio
3513 2836 3809 2920 quaesita
3864 2837 3991 2903 fuit
4049 2839 4130 2904 ab
4176 2840 4590 2918 Ammonitis,

2690 2942 2854 2988 uum
2911 2944 3016 2990 res
3070 2922 3296 3007 populi
3349 2922 3656 2989 viderent
3699 2923 3971 2990 attritas.
4063 2925 4386 3008 Tempore
4437 2947 4508 2990 er
4551 2946 4592 2992 o

2684 3006 2930 3092 ephthe
2984 3028 3224 3094 magno
3291 3008 3584 3076 exercitu
3650 3009 3918 3076 collecto
3985 3009 4264 3094 irruptio
4322 3011 4403 3077 ab
4461 3011 4481 3075 i
4532 3010 4592 3077 is

2645 3095 2818 3160 facta
2881 3093 3041 3161 fuit:
3107 3103 3173 3161 et
3236 3094 3361 3161 hoc
3434 3102 3780 3178 praetextu
3857 3095 3960 3161 usi
4024 3106 4212 3176 sunt,
4279 3117 4348 3163 se
4408 3116 4591 3162 arma

2647 3179 3032 3263 sumpsisse,
3099 3189 3171 3246 ut
3234 3188 3702 3264 recuperarent
3764 3179 3935 3264 quod
3999 3202 4196 3248 suum
4259 3190 4432 3263 erat,
4508 3182 4591 3249 ab

2646 3266 2881 3332 Arnon
2948 3286 3149 3351 usque
3213 3265 3297 3331 ad
3353 3264 3618 3345 Iabboc,
3686 3274 3754 3333 et
3820 3287 4024 3350 usque
4081 3267 4163 3332 ad
4222 3265 4589 3334 Iordanem.

2648 3351 2877 3417 Voluit
2952 3351 2974 3417 i
3026 3352 3157 3417 'tur
3217 3351 3401 3418 Deus
3478 3352 3681 3419 sacris
3762 3353 4203 3419 monumentis
4280 3361 4594 3421 testatum

2650 3458 2792 3504 esse
2837 3457 2964 3520 quo
3053 3448 3211 3504 tunc
3255 3436 3535 3522 Iephthe
3580 3437 3978 3504 Ammonitis
4022 3437 4386 3523 respondit,
4443 3459 4593 3525 par-

2650 3530 2784 3589 tem
2841 3523 3025 3589 illam
3082 3523 3223 3608 regi
3288 3521 3496 3590 Sihon
3563 3524 3766 3590 fuisse
3823 3534 4145 3608 ereptam,
4209 3545 4409 3608 quum
4475 3525 4594 3592 filii

2651 3608 2858 3675 Israel
2926 3609 3137 3691 pacati
3199 3608 3581 3676 incederent
3634 3630 3753 3694 per
3818 3611 3984 3677 fines
4043 3611 4592 3678 Ammonitarum.

2654 3694 2969 3762 Consulto
3047 3694 3251 3780 igitur
3331 3694 3582 3774 Moses,
3667 3703 3744 3760 ut
3821 3694 3929 3762 ius
4008 3696 4233 3782 populi
4311 3697 4595 3764 sanciret

2653 3780 2835 3866 quasi
2875 3780 2944 3845 in
2989 3779 3397 3848 authenticas
3440 3780 3696 3847 tabulas
3749 3780 4007 3867 redegit
4048 3779 4220 3867 quod
4262 3782 4394 3848 iam
4438 3783 4593 3849 olim

2653 3866 3052 3951 contigerat,
3118 3886 3354 3949 nempe
3410 3867 3479 3932 in
3543 3866 3660 3932 illa
3723 3878 3911 3950 parte
3973 3867 4339 3936 dominatos
4396 3868 4593 3936 fuisse

2652 3951 3111 4030 Emorrhacos,
3149 3952 3545 4018 Ammonitis
3569 3951 4067 4036 quiescentibus,
4101 3975 4222 4021 neo
4242 3953 4593 4039 quidquam

2652 4036 2854 4104 fuisse
2878 4038 3355 4105 controversiae
3377 4038 3535 4122 quin
3576 4046 3750 4105 certa
3787 4047 3852 4104 et
3888 4038 4240 4123 tranquilla
4270 4041 4593 4123 possessio

2653 4130 2825 4190 esset
2876 4144 3077 4207 penes
3117 4122 3578 4190 Emorrhaeos.
3667 4124 3860 4192 Unde
3916 4126 4212 4209 sequitur
4255 4126 4592 4193 transiisse

2654 4209 2734 4275 ad
2803 4208 3166 4275 Israelitas:
3229 4219 3306 4275 ut
3370 4209 3538 4275 nihil
3593 4218 3767 4277 esset
3813 4232 4048 4278 causae
4105 4231 4225 4276 cur
4285 4212 4590 4279 trecentis

2651 4304 2875 4378 postea
2903 4295 3095 4361 annis
3118 4296 3536 4363 Ammonitae
3558 4294 3730 4380 quod
3759 4295 4009 4363 tamdiu
4036 4295 4254 4363 fuerat
4277 4297 4590 4365 amissum

2655 4388 2720 4446 et
2798 4381 2878 4447 ab
2955 4380 3115 4465 ipsis
3193 4378 3574 4448 derelictum
3660 4397 4089 4466 reposcerent.
4212 4382 4431 4467 Atque
4517 4392 4589 4449 ut

2655 4466 2902 4533 scirent
2955 4465 3199 4551 posteri
3256 4487 3394 4532 rem
3459 4478 3620 4534 tunc
3676 4467 3878 4535 fuisse
3921 4469 4189 4535 minime
4230 4467 4588 4548 obscuram,

2657 4561 2984 4619 vetustum
3024 4552 3390 4623 ‚canticum
3467 4555 3700 4621 refert:
3789 4577 3871 4620 ex
3943 4575 4068 4639 quo
4155 4564 4429 4639 apparet
4499 4556 4589 4622 sic

2657 4638 2938 4706 deiectos
2979 4636 3178 4705 fuisse
3222 4640 3663 4720 Ammonitas,
3708 4647 3783 4705 ut
3824 4641 4167 4725 magnifice
4210 4639 4341 4707 illis
4383 4641 4586 4708 insul-

2656 4733 2876 4790 tarent
2931 4723 3237 4803 victores,
3295 4733 3362 4789 et
3415 4746 3446 4790 s
3533 4746 3599 4790 m
3658 4745 3919 4790 omnem
3976 4724 4292 4792 redeundi
4336 4728 4586 4794 abscin-

2657 4808 2904 4876 derent.
2993 4807 3384 4892 Quanquam
3495 4811 3550 4876 'o
3599 4813 3875 4893 emergit
3930 4811 4249 4895 quaestio,
4308 4834 4426 4879 cur
4474 4833 4588 4878 rex

2657 4898 2944 4961 Ammon
3000 4896 3217 4979 potius
3261 4916 3458 4978 quam
3503 4895 3700 4963 Moab
3747 4895 3990 4963 bellum
4032 4896 4331 4963 moverit.
4420 4898 4587 4965 Nam

2656 5005 2737 5048 ex
2803 4980 3053 5046 cantico
3116 4981 3301 5047 facile
3368 4980 3665 5049 elicimus
3730 4992 4021 5068 ereptam
4083 4982 4282 5049 fnisse
4349 4992 4587 5050 terram

2655 5068 2834 5133 illam
2889 5065 3219 5134 Moabitis:
3287 5066 3402 5134 sed
3463 5067 3836 5134 hominibus
3891 5067 4216 5152 rapiendi,
4283 5079 4350 5134 et
4403 5091 4589 5154 prae·

2657 5150 2853 5217 dandi
2897 5150 3152 5235 cupidis
3209 5152 3370 5220 satis
3430 5163 3530 5220 est
3584 5152 4099 5239 qualemcunque
4156 5153 4436 5221 colorem
4479 5156 4587 5222 ob·

2656 5236 2955 5315 tendere,
3035 5247 3100 5303 et
3165 5258 3356 5323 saepe
3420 5239 3634 5305 alieno
3693 5240 3834 5305 iure
3904 5238 4189 5324 gloriari.
4276 5240 4588 5309 Manebat

2658 5322 2836 5395 haud
2894 5321 3086 5391 dubie
3144 5324 3317 5391 fama
3376 5325 3611 5392 eiectos
3668 5325 3866 5392 fuisse
3911 5325 4349 5391 Emorrhaeos
4397 5327 4588 5395 terris
