5017 6142
588 468 715 536 327

592 654 914 741 asperitas
970 652 1055 720 ad
1111 650 1505 738 subigendos
1563 670 1788 718 eorum
1833 651 2108 717 animos.
2198 647 2278 716 Si
2320 648 2548 714 mitius

593 762 670 811 ac
710 739 1030 825 placidius
1073 739 1313 824 egisset
1326 790 1342 820 ,
1385 738 1815 822 contemptim
1856 736 2025 803 forte
2068 743 2334 818 accepta
2387 734 2547 834 fuis-

594 835 695 895 set
775 826 918 893 eius
995 825 1397 891 humanitas.
1505 822 1903 890 Praefractis
1980 842 2054 887 er
2099 842 2138 886 o
2220 819 2549 904 capitibus

594 913 809 997 magis
850 912 1099 995 profuit
1136 910 1474 995 pudefieri,
1532 918 1600 975 et
1642 915 1826 973 metu
1869 842 2155 991 percelli,
2197 913 2275 972 ut
2316 916 2549 973 contu-

595 998 877 1065 maciam
933 1003 1272 1063 exuerent.
1360 995 1589 1078 Neque
1649 1005 1870 1059 tamen
1914 1013 2179 1077 prorsus
2222 989 2551 1058 desistunt

546 1078 550 1091 '
596 1104 638 1150 a
672 1103 792 1150 sua
823 1081 1277 1167 postulatione,
1322 1080 1435 1147 sed
1475 1078 1757 1146 mediam
1792 1080 2109 1144 rationem
2154 1077 2548 1161 excogitant,

596 1189 731 1253 qua
771 1168 1013 1234 fratres
1046 1188 1199 1233 suos
1245 1188 1374 1232 non
1411 1165 1790 1248 deserendo,
1835 1174 2079 1230 terram
2121 1163 2551 1228 nihilominus

598 1263 938 1338 occupent.
1026 1253 1441 1318 Promittant
1505 1271 1661 1335 ergo
1713 1271 1784 1317 se
1843 1251 2046 1315 totius
2110 1248 2549 1332 expeditionis

597 1338 740 1406 fore
782 1339 1070 1417 comites,
1113 1347 1180 1404 et
1222 1337 1375 1404 belli
1418 1337 1655 1404 socios:
1700 1336 1832 1401 imo
1875 1356 1946 1401 se
1989 1335 2238 1419 primos
2279 1333 2421 1399 fore
2464 1333 2550 1400 ad

598 1425 899 1492 obeunda
946 1425 1262 1508 pericula,
1316 1431 1386 1489 et
1433 1413 1848 1488 sustinendos
1893 1420 2189 1488 hostium
2225 1421 2546 1503 impetus:

598 1509 790 1577 modo
832 1523 1012 1577 certa
1058 1510 1252 1574 detur
1294 1508 1561 1574 familiis
1604 1515 1669 1572 et
1712 1508 2054 1591 pecoribus
2099 1506 2311 1572 statio.
2401 1505 2552 1570 Hoc

598 1605 818 1663 autem
875 1593 1068 1661 modo
1126 1602 1313 1660 extra
1368 1594 1624 1677 culpam
1683 1593 1890 1658 futuri
1955 1600 2176 1670 erant,
2243 1591 2550 1675 quoniam

599 1682 712 1748 alii
755 1680 928 1747 malo
970 1681 1268 1764 exemplo
1312 1700 1444 1745 non
1477 1678 2003 1759 retrahebantur,
2048 1699 2256 1761 neque
2297 1678 2552 1743 minue-

599 1767 796 1834 batur
849 1765 1050 1833 robur
1108 1765 1329 1850 populi
1386 1765 1469 1830 ad
1527 1763 1698 1830 bella
1741 1763 2058 1849 gerenda:
2114 1783 2245 1829 una
2290 1774 2552 1828 tantum

599 1854 671 1919 in
737 1873 809 1918 re
870 1850 1108 1918 melius
1172 1852 1303 1916 illis
1367 1850 1740 1917 consultum
1806 1860 1979 1931 erat,
2046 1849 2217 1934 quod
2280 1850 2352 1913 in
2411 1848 2550 1915 loco

597 1946 827 2023 pacato
863 1935 1175 2020 depositis
1210 1937 1524 2003 uxoribus
1558 1943 1627 2001 et
1658 1934 1902 2015 liberis,
1946 1956 2088 2000 rem
2126 1934 2548 2000 domesticam

598 2023 808 2107 magis
852 2043 937 2088 au
984 2024 1198 2088 ebant.

771 2107 874 2172 20.
1107 2110 1273 2174 dixit
1349 2108 1479 2173 illis
1558 2106 1785 2173 Moses.
1872 2105 2096 2172 Nimia
2174 2114 2240 2170 et
2315 2105 2552 2170 vitiosa

599 2193 810 2261 videri
844 2203 1067 2276 posset
1102 2196 1261 2260 haec
1294 2193 1594 2271 facilitas,
1639 2192 1812 2277 quod
1847 2212 2071 2257 eorum
2109 2198 2262 2256 voto
2305 2188 2551 2255 obtem-

688 2300 840 2344 rans
893 2279 1111 2345 Moses
1167 2281 1334 2344 fines
1392 2301 1432 2344 a
1474 2277 1618 2344 Deo
1673 2278 2071 2361 prascriptos
2128 2274 2550 2342 transcendit.

598 2299 775 2431 {leam
816 2386 1017 2447 quum
1061 2364 1190 2431 illis
1237 2365 1558 2448 promissa
1611 2372 1786 2430 esset
1843 2360 2214 2429 haereditas
2255 2363 2326 2426 in
2370 2368 2550 2426 terra

601 2449 938 2526 chanaan,
983 2450 1306 2516 domicilio
1347 2451 1462 2515 illo
1506 2470 1616 2517 eos
1660 2456 1999 2516 contentos
2046 2468 2190 2515 esse
2226 2447 2545 2530 oportuit:

601 2557 722 2602 nec
764 2536 862 2601 fas
899 2535 1069 2601 Mosi
1114 2536 1239 2601 fuit
1284 2536 1637 2621 quidquam
1671 2536 1738 2601 in
1788 2535 2053 2600 coelesti
2099 2532 2359 2599 decreto
2404 2533 2550 2597 mu-

599 2632 761 2687 tare.
848 2621 1152 2687 Alterum
1208 2642 1367 2686 vero
1426 2642 1557 2686 non
1622 2622 1841 2687 minus
1901 2619 2287 2699 absurdum,
2354 2620 2421 2683 in
2476 2640 2551 2683 re

598 2717 740 2772 tam
803 2707 1145 2790 perplexa,
1227 2708 1463 2773 Mosen
1527 2727 1660 2772 non
1740 2707 2080 2773 consulere
2143 2703 2364 2772 Deum
2429 2725 2550 2788 pro

600 2812 813 2873 more,
880 2792 998 2858 sed
1052 2792 1264 2858 subito
1337 2791 1494 2858 dare
1558 2812 1971 2876 responsum,
2041 2789 2211 2876 quod
2266 2792 2551 2874 primam

601 2876 733 2942 Dei
787 2877 1263 2943 ordinationem
1324 2876 1580 2962 oblique
1634 2879 1996 2944 labefactat.
2084 2878 2176 2942 Et
2232 2896 2390 2943 sane
2435 2898 2553 2941 ex·

601 2963 888 3030 cusabile
932 2984 1069 3029 non
1113 2972 1214 3029 est
1258 2984 1482 3030 eorum
1526 2963 1948 3044 desiderium,
1997 2961 2168 3046 quod
2209 2982 2550 3047 nunquam

603 3047 1001 3132 obrepsisset
1045 3070 1271 3115 eorum
1316 3049 1574 3130 animis,
1637 3051 1694 3115 si
1737 3049 2016 3116 foederis
2056 3049 2187 3115 Dei
2230 3069 2553 3114 memores

601 3135 1079 3218 acquievissent
1111 3135 1181 3200 in
1205 3135 1347 3201 eius
1390 3135 1725 3202 beneficio:
1764 3135 1957 3201 sicuti
1990 3135 2134 3199 fieri
2168 3155 2303 3199 non
2339 3140 2554 3217 potest

600 3222 763 3303 quin
817 3241 1073 3303 semper
1131 3221 1452 3287 lasciviat
1485 3241 1668 3301 caro,
1733 3222 1843 3287 ubi
1903 3219 2262 3286 vocationis
2326 3220 2552 3285 fraeno

601 3325 740 3370 non
774 3305 1131 3371 cohibetur.
1185 3305 1320 3371 Sed
1357 3307 1541 3373 Deus
1575 3308 1691 3390 qui
1728 3309 1913 3373 novit
1945 3306 2158 3373 lucem
2193 3326 2229 3369 e
2263 3305 2552 3371 tenebris

604 3390 870 3468 elicere,
933 3413 1067 3456 non
1127 3399 1381 3458 tantum
1429 3394 1688 3477 ignovit
1731 3413 1958 3459 eorum
2005 3392 2195 3472 vitio,
2251 3390 2366 3457 sed
2424 3390 2550 3457 hac

603 3478 943 3543 occasione
997 3478 1242 3562 largius
1298 3500 1483 3544 suam
1533 3479 1995 3545 liberalitatem
2041 3476 2355 3544 extendit.
2444 3477 2553 3541 Ita

601 3562 686 3627 ad
720 3565 1088 3645 superiores
1124 3565 1436 3631 terminos
1472 3565 1893 3649 superaddita
1931 3566 2054 3630 fuit
2090 3564 2272 3648 regio
2306 3564 2550 3639 Basan‚

606 3656 675 3715 et
740 3648 906 3714 aliae
983 3649 1256 3716 vicinae.
1365 3649 1760 3733 Quanquam
1841 3652 2035 3717 simul
2100 3672 2182 3717 ex
2249 3649 2551 3733 opposito

604 3733 892 3801 ostendit
925 3744 1168 3818 quanto
1207 3737 1411 3801 satius
1452 3736 1678 3802 fuisset
1711 3737 1907 3803 simul
1943 3736 2180 3820 colligi,
2228 3748 2301 3799 ut
2322 3742 2555 3799 mutua

605 3819 977 3887 defensione
1011 3822 1289 3903 protecti
1322 3842 1548 3887 secure
1582 3824 1652 3887 in
1696 3825 1833 3889 suis
1861 3821 2121 3889 sedibus
2155 3819 2551 3886 habitarent.

605 3907 698 3971 Et
749 3907 947 3989 longo
1003 3918 1230 3989 postea
1294 3907 1604 3991 temporis
1671 3928 2017 3993 progressu
2077 3909 2332 3990 experti
2393 3919 2553 3971 sunt

606 3991 977 4058 Rubenitae
1043 4001 1109 4056 et
1168 3992 1448 4059 Gaditae
1514 3995 1791 4059 nimium
1854 3994 2240 4059 festinanter
2306 4000 2552 4057 terram

603 4098 797 4161 quam
842 4076 1063 4159 adepti
1123 4087 1311 4143 erant
1354 4100 1426 4145 se
1483 4088 1774 4163 optasse:
1834 4080 2106 4146 feliciter
2161 4087 2377 4142 tamen
2422 4077 2552 4142 Dei

601 4160 1013 4247 indulgentia
1069 4163 1203 4229 illis
1257 4166 1451 4231 cessit
1515 4166 1684 4249 quod
1735 4186 1855 4250 per
1910 4187 1981 4231 se
2046 4164 2352 4231 debuerat
2408 4184 2553 4229 esse

601 4249 895 4316 noxium.
982 4249 1046 4314 A
1090 4250 1279 4315 Mose
1321 4272 1480 4317 vero
1516 4252 1683 4317 nihil
1726 4262 1973 4317 temere
2018 4249 2099 4316 de
2142 4248 2552 4315 ordinatione

605 4335 734 4402 Dei
791 4336 988 4401 fuisse
1046 4338 1389 4402 remissum
1448 4337 1754 4423 colligere
1810 4337 1966 4404 licet
2019 4357 2102 4401 ex
2145 4355 2549 4418 consequen·

603 4423 812 4488 tibus:
879 4421 1031 4505 quia
1095 4431 1161 4486 et
1213 4423 1433 4489 Moses
1491 4422 1666 4508 quod
1730 4425 1801 4489 in
1866 4422 2236 4507 praesentia
2300 4421 2552 4500 statuit,

598 4516 821 4574 ratum
865 4507 1095 4573 haberi
1137 4508 1316 4574 iubet
1368 4520 1517 4591 post
1574 4521 1850 4575 mortem
1893 4530 2100 4576 suam.
2188 4510 2280 4573 Et
2324 4507 2436 4572 ubi
2479 4508 2552 4571 in

599 4595 770 4661 libro
835 4592 1026 4659 Iosue
1091 4593 1372 4660 refertur
1428 4595 1727 4679 singulas
1792 4596 2002 4661 tribus
2078 4594 2551 4661 haereditatem

602 4682 867 4747 sortitas
911 4698 1051 4744 esse
1067 4724 1085 4753 ,
1142 4683 1466 4763 excipitur
1527 4682 1687 4748 haec
1728 4703 1799 4746 re
1852 4682 1909 4747 ‘o
1953 4694 2138 4748 trans
2180 4680 2548 4757 Iordanem,

604 4787 802 4850 quam
879 4764 1099 4831 Moses
1179 4766 1555 4846 Rubenitis,
1642 4775 1707 4833 et
1857 4766 2049 4833 aditis
2112 4778 2179 4833 et
2245 4764 2549 4831 dimidiae

605 4851 809 4918 tribui
852 4851 1158 4916 Manasse
1218 4854 1705 4936 assignaverat:
1759 4852 1935 4918 unde
1989 4854 2224 4937 liquet,
2284 4859 2546 4918 senten-

601 4937 767 5003 tiam
831 4936 974 5002 eius
1017 4958 1057 5000 a
1099 4937 1245 5002 Deo
1310 4939 1508 5005 fuisse
1572 4938 2017 5022 approbatam.
2108 4938 2290 5020 Quin
2349 4936 2545 5002 etiam

604 5022 764 5088 dum
820 5020 955 5086 illic
1011 5023 1269 5106 saepius
1327 5034 1598 5088 ornatur
1649 5023 1940 5107 epitheto
1992 5025 2168 5090 servi
2223 5023 2381 5101 Dei,
2440 5019 2549 5085 do-

604 5128 830 5175 cemur
885 5107 957 5170 in
1013 5107 1138 5172 hac
1181 5128 1254 5173 re
1289 5110 1454 5175 nihil
1500 5109 1583 5175 ab
1626 5129 1703 5174 eo
1758 5110 1959 5175 fuisse
2010 5116 2362 5186 tentatum,
2418 5107 2549 5172 nisi

604 5194 750 5259 Deo
809 5200 1072 5271 autore,
1124 5212 1200 5258 ac
1256 5203 1614 5279 praeeunte
1668 5195 1808 5260 eius
1865 5195 2115 5277 spiritu.
2203 5194 2343 5261 Nec
2386 5212 2547 5259 vero

602 5277 891 5346 hocloco
914 5277 1040 5343 Dei
1062 5298 1297 5345 nomen
1317 5281 1591 5346 futiliter
1614 5282 1802 5347 toties
1821 5280 2127 5357 inculcat,
2149 5281 2307 5363 quin
2330 5279 2546 5363 potius

604 5364 974 5447 subindicat
1005 5362 1129 5437 sibi
1161 5362 1363 5433 fuisse
1398 5386 1438 5431 a
1470 5368 1612 5432 Deo
1646 5366 1960 5433 dictatum
2002 5364 2316 5449 quidquid
2351 5364 2543 5451 gerit.

2013 460 2422 530 REDI'I'US
2466 461 2596 529 AD
2639 458 3188 528 HISTORIAM.

4471 456 4598 525 328

2820 648 2924 717 23.
2997 648 3174 731 Quod
3214 649 3278 715 ei
3331 666 3457 714 non
3494 647 3787 731 feceoitie.
3876 646 4301 714 Contestatur
4343 646 4599 714 solenni

2650 735 2787 801 ritu
2829 734 3030 820 impie
3070 740 3334 801 acturos
3374 733 3433 800 si
3473 733 3672 800 fidem
3715 732 3936 800 datam
3979 732 4238 801 fallant:
4292 742 4362 799 et
4401 732 4598 800 simul

2647 841 2929 904 poenam
2984 817 3365 897 denunciat,
3432 840 3508 887 ac
3564 820 3622 886 si
3671 839 3782 885 eos
3839 819 4070 886 citaret
4124 839 4270 885 reos
4326 817 4412 884 ad
4469 818 4602 886 Dei

2652 904 2958 972 tribunal.
3048 906 3193 972 Etsi
3251 913 3470 971 autem
3528 905 3955 990 hypothetice
4009 904 4296 988 loquitur
4340 904 4422 971 de
4464 926 4603 972 una

2648 991 2763 1058 illa
2802 993 3123 1076 pactione,
3165 1010 3294 1075 qua
3334 1011 3406 1055 se
3447 990 3623 1058 ultro
3667 990 3836 1058 duae
3877 990 4092 1056 tribus
4134 990 4598 1071 astrinxerant,

2648 1077 2977 1163 generalis
3021 1087 3245 1142 tamen
3289 1074 3590 1143 doctrina
3631 1076 3787 1145 inde
3911 1076 4101 1156 ndet,
4160 1076 4291 1142 nisi
4346 1085 4602 1144 stemus

2650 1163 2990 1246 promissis
3006 1213 3023 1242 ,
3081 1161 3301 1229 Deum
3355 1182 3620 1245 semper
3669 1163 3814 1229 frau
3864 1162 3878 1177 ⁸
3974 1171 4041 1228 et
4091 1160 4406 1246 perfidiae
4463 1163 4602 1229 fore

2654 1248 2949 1315 ultorem.
3039 1252 3139 1314 Ac
3194 1249 3409 1332 magis
3467 1249 3844 1333 emphatica
3897 1248 4191 1332 loquutio
4235 1259 4367 1315 est:
4432 1249 4602 1315 Pec-

2650 1343 2871 1401 catum
2939 1355 3056 1401 vos
3121 1331 3598 1418 apprehendet,
3676 1354 3874 1419 quam
3942 1335 4001 1401 si
4066 1333 4370 1401 dixisset:
4449 1334 4603 1401 Non

2651 1420 2981 1504 effugietis
3036 1419 3168 1486 Dei
3225 1440 3515 1486 manum.
3604 1419 3858 1487 Sensus
3915 1420 4091 1486 enim
4142 1429 4246 1487 est
4260 1471 4277 1503 ‚
4332 1429 4602 1504 peccato

2652 1507 2746 1573 sic
2817 1506 3086 1572 affixam
3165 1527 3307 1573 esse
3379 1506 3773 1587 vindictam,
3860 1515 3935 1573 ut
4010 1506 4205 1573 avelli
4281 1514 4601 1591 nequeat:

2650 1592 2844 1658 sicuti
2901 1591 3185 1658 Genesis
3248 1599 3480 1676 quarto
3542 1590 3780 1659 dicitur
3793 1642 3809 1669 ,
3874 1601 4212 1675 peccatum
4274 1593 4605 1661 excubare

2653 1698 2772 1762 pro
2847 1678 3127 1757 foribus,
3201 1687 3278 1744 ut
3333 1679 3567 1743 noxios
3646 1676 3911 1743 tandem
3991 1678 4320 1761 corripiat.
4406 1679 4471 1746 N
4473 1699 4604 1761 αω,

2654 1783 2821 1847 quae
2878 1774 3105 1831 nostra
3159 1772 3261 1830 est
3313 1763 3396 1829 ad
3507 1763 3862 1831 occandum
3927 1764 4335 1849 proclivitas,
4404 1767 4605 1832 nimis

2652 1849 3031 1932 experimur
3073 1850 3419 1916 tolerantia
3527 1850 3590 1915 ei
3633 1869 3755 1914 nos
3790 1851 4070 1915 animari
4112 1849 4197 1914 ad
4240 1850 4604 1931 audaciam,

2653 1934 2809 2084 durii
2854 1956 2973 2001 nos
3015 1945 3327 2020 putamus
3371 1935 3622 2018 elapsos
3667 1955 3840 2017 esse,
3884 1937 3941 2002 si
3978 1935 4059 2001 ad
4106 1945 4363 2020 tempus
4408 1937 4606 2004 dissi·

2651 2040 2767 2085 mu
2794 2029 2877 2086 et.

3175 2361 3308 2427 EX
3350 2360 3683 2427 EODEM
3725 2360 4083 2429 CAPI'I‘E.

2821 2531 2924 2599 28.
2985 2527 3076 2597 Et
3099 2534 3418 2614 praecepit
3451 2532 3526 2598 de
3553 2533 3644 2597 eis
3680 2530 3889 2599 Moses
3922 2534 4055 2615 ipsi
4089 2535 4368 2602 Eleazar
4399 2556 4609 2604 saeer-

2652 2617 2812 2697 doti,
2870 2623 2925 2683 et
2969 2617 3163 2683 Iosue
3212 2617 3350 2698 filio
3399 2618 3586 2697 Nun,
3646 2623 3700 2683 et
3745 2620 4446 2706 principibuspaa-um
4487 2625 4607 2689 tri-

2653 2702 2842 2768 buam
2901 2704 3183 2784 liliorum
3239 2702 3465 2769 Israel.
3553 2704 3656 2769 29.
3714 2704 3804 2769 Et
3841 2705 4006 2771 dixit
4045 2706 4210 2774 ime.-
4278 2707 4355 2773 Si
4395 2714 4608 2775 trans-

2652 2790 2842 2854 ierint
2904 2790 3035 2870 filii
3094 2789 3242 2854 Gad
3294 2795 3351 2854 et
3411 2789 3539 2871 filii
3595 2789 3814 2855 Ruben
3867 2791 4175 2859 vobis-cum
4245 2795 4606 2876 Iordanem,

2653 2895 2858 2940 omnes
2900 2876 3154 2941 accincti
3197 2876 3398 2941 armis
3439 2875 3525 2941 ad
3557 2875 3780 2941 bellum
3821 2896 4032 2942 eoram
4065 2879 4317 2960 1ehova,
4360 2886 4416 2944 et
4456 2882 4607 2947 eub-

2654 2961 2814 3027 ieeta
2845 2960 3040 3042 fuerit
3079 2966 3254 3026 terra
3291 2980 3502 3027 coram
3542 2962 3727 3042 vobi-9,
3771 2963 4003 3028 dabitis
4044 2966 4137 3030 eie
4185 2971 4419 3031 terram
4471 2966 4609 3033 Ga-

2656 3047 2809 3113 laad
2876 3047 2943 3111 in
2987 3048 3472 3128 possessionem:
3535 3047 3637 3114 30.
3712 3049 3888 3130 Quod
3938 3053 4000 3115 si
4053 3070 4176 3116 non
4231 3054 4612 3118 transierint

2654 3133 2911 3198 accincti
2963 3133 3168 3197 armis
3216 3133 3526 3198 vobiscum
3539 3184 3554 3213 ,
3618 3140 3751 3199 tam
3792 3137 4246 3214 possessionem
4299 3137 4614 3207 habebunt

2653 3219 2725 3283 in
2760 3219 2960 3283 medio
2991 3219 3182 3283 vestri
3223 3218 3293 3283 in
3321 3224 3489 3283 terra
3514 3216 3822 3297 Ckenaan.
3887 3221 3991 3285 31.
4035 3219 4124 3287 Et
4153 3225 4614 3305 responderunt

2651 3303 2778 3385 filii
2822 3303 2970 3369 Gad
3011 3310 3068 3369 et
3102 3303 3340 3384 Ruben,
3383 3305 3669 3371 dicendo.-
3719 3307 3895 3387 Quod
3934 3308 4100 3372 dia-it
4134 3308 4362 3374 Iehova
4401 3311 4613 3376 servis

2654 3391 2800 3469 iaie,
2844 3390 2936 3456 sic
2973 3388 3297 3471 faciemus,
3386 3390 3487 3456 32.
3549 3391 3695 3457 ..Nos
3736 3392 4146 3461 transibimus
4194 3396 4449 3461 accincti
4497 3417 4612 3462 ar·

2654 3477 2778 3540 mis
2830 3495 3044 3542 coram
3101 3474 3337 3541 Iehova
3393 3477 3464 3541 in
3516 3481 3747 3543 terram
3794 3476 4116 3558 Chenaan,
4177 3487 4246 3546 ut
4292 3483 4613 3549 vobiscum

2653 3564 2740 3627 sit
2799 3561 3116 3644 possessio
3199 3562 3605 3628 haereditatis
3684 3568 3928 3629 nostrae
4005 3567 4165 3631 eitra
4240 3566 4610 3634 Iordanem.

2654 3648 2758 3713 33.
2827 3647 3026 3712 Dedit
3084 3649 3300 3729 itaque
3359 3648 3492 3713 illis
3561 3649 3803 3729 Moses,
3862 3651 4025 3731 filiis
4094 3651 4244 3717 Gad
4259 3703 4274 3729 ,
4337 3659 4396 3718 et
4446 3655 4615 3736 filiis

2657 3734 2892 3813 Ruben,
2927 3738 2983 3798 et
3015 3734 3322 3800 dimidiae
3354 3734 3546 3799 tribui
3567 3734 3872 3801 Manasee
3899 3737 4027 3817 filii
4062 3739 4305 3821 Ioseph,
4341 3760 4611 3823 reynum

2659 3819 2857 3884 Sihon
2913 3820 3080 3903 reyis
3123 3819 3500 3885 Amorrhaei
3513 3868 3528 3896 ,
3588 3826 3644 3885 et
3687 3842 3942 3905 requam
3994 3823 4085 3908 09
4142 3826 4310 3908 repis
4350 3824 4609 3905 Basan‚

2653 3910 2887 3970 terram
2929 3925 3070 3972 enm
3107 3905 3368 3971 urbibus
3409 3906 3578 3983 sui-9,
3630 3926 3770 3972 cum
3811 3910 4126 3988 teminiS,
4174 3910 4357 3976 arbee
4397 3917 4612 3978 terrae

2643 4012 2766 4073 per
2807 3992 3155 4057 circuitum.
3222 3991 3325 4057 34.
3384 3990 3472 4055 Et
3505 3993 3988 4074 aedificaverunt
4022 3995 4148 4075 filii
4188 3996 4335 4062 Gad
4367 3997 4610 4072 Dibon,

2655 4082 2710 4141 et
2765 4077 3063 4155 Ataroth,
3129 4082 3185 4141 et
3243 4079 3482 4142 Aroer:
3547 4078 3649 4143 35.
3718 4080 3808 4144 Et
3857 4080 4114 4159 Aaou»,
4182 4081 4493 4164 sepham,
4554 4089 4612 4148 et

2655 4163 2906 4243 Iaaeer,
2942 4168 2999 4228 et
3034 4161 3354 4244 onbehal:
3397 4163 3499 4229 36.
3547 4164 3638 4229 Et
3678 4165 4095 4243 Bet-nimrah,
4139 4173 4194 4233 et
4228 4167 4608 4249 Bet-haran,

2652 4248 2835 4314 nrbes
2875 4250 3154 4313 munitas
3186 4254 3242 4313 et
3273 4250 3496 4315 caulas
3536 4251 3761 4316 ovium.
3828 4252 3931 4316 37.
3990 4252 4157 4318 Filii
4191 4273 4335 4320 vero
4380 4254 4612 4320 Ruben

2652 4337 3130 4416 aedificaverunt
3164 4334 3425 4414 Hesbon,
3461 4340 3517 4400 et
3546 4335 3777 4417 Eleate,
3817 4343 3872 4402 et
3896 4337 4307 4405 Uiriathaim:
4361 4340 4466 4406 38.
4519 4340 4613 4407 Et

2658 4422 2865 4501 Nebo,
2912 4426 2970 4486 et
3011 4419 3381 4485 BaaZ-meon
3423 4423 3624 4486 versis
3665 4424 4049 4504 nominibus,
4106 4430 4160 4490 et
4206 4424 4500 4491 Sibmak:
4553 4432 4612 4493 et

2651 4511 3023 4574 vocaverunt
3081 4506 3435 4572 nominibus
3474 4510 3730 4574 nomina
3779 4509 4036 4576 urbium
4089 4531 4253 4593 quae
4308 4512 4612 4587 aedifica-

2651 4598 2886 4659 verant.
2997 4591 3098 4656 39.
3169 4590 3584 4659 Perrexerunt
3656 4601 3862 4660 autem
3931 4596 4058 4677 filii
4122 4595 4396 4678 Machir,
4473 4599 4610 4680 filii

2653 4677 2960 4744 Manae-se
2999 4678 3072 4741 in
3120 4676 3393 4755 Galam,
3432 4687 3903 4764 acceperuntque
3936 4702 4091 4763 eam,
4143 4689 4199 4748 et
4231 4685 4609 4765 expulerunt

2651 4762 3113 4830 Amorrhaeum
3154 4764 3265 4844 qui
3305 4771 3441 4830 erat
3482 4767 3552 4830 in
3594 4787 3686 4832 ea.
3742 4768 3845 4834 40.
3905 4769 4136 4850 Itaque
4175 4770 4342 4837 dedit
4385 4770 4608 4837 Moses

2656 4850 2913 4916 Galaad
2944 4850 3074 4931 ipsi
3116 4847 3373 4916 Maehir
3408 4851 3546 4931 filio
3582 4853 3913 4933 Manae-se,
3953 4859 4011 4921 et
4049 4855 4349 4921 habitavit
4388 4856 4463 4921 in
4507 4877 4603 4923 ea.

2648 4936 2751 5000 41.
2820 4936 2970 5001 Iair
3013 4942 3337 5018 praeterea
3385 4936 3565 5017 filius
3606 4939 3911 5007 Manae-se
3955 4940 4272 5024 profectus
4323 4947 4458 5008 erat
4472 4991 4489 5021 ,
4549 4949 4608 5009 et

2647 5027 2964 5105 acceperat
3024 5023 3190 5087 vicos
3252 5043 3462 5088 eorum
3478 5071 3494 5102 ,
3560 5030 3614 5090 et
3678 5027 3914 5092 vocavit
3978 5046 4085 5093 eos
4147 5026 4602 5096 Havoth-Iair.

2648 5108 2754 5172 42.
2822 5107 3047 5174 Nobah
3089 5109 3381 5176 similiter
3410 5110 3727 5193 profectus
3769 5117 3934 5193 erat,
3988 5118 4044 5177 et
4093 5118 4335 5197 ceperat
4384 5115 4604 5181 Cenah

2648 5200 2704 5260 et
2779 5194 2968 5260 villas
3044 5195 3218 5261 eius.-
3305 5197 3655 5279 vocavitque
3725 5217 3864 5264 eam
3942 5198 4169 5265 Nobah
4256 5202 4604 5269 secundum

2647 5299 2866 5347 nomen
2908 5300 3110 5347 suum.
