5017 6142
584 464 719 531 539

588 660 746 720 voto
787 646 1230 735 promittebat.
1319 644 1477 711 Ideo
1537 643 1774 710 dicitur
1816 643 2012 709 Iosue
2067 643 2349 726 partitus
2391 663 2535 709 esse

590 737 951 807 secundum
994 735 1304 817 cuiusque
1348 730 1734 815 portionem,
1779 749 1856 795 ac
1894 730 1950 796 si
1995 729 2067 793 in
2111 728 2535 812 tranquillam

592 825 907 892 ditionem
929 840 1040 887 eos
1074 819 1490 884 immitteret:
1535 836 1765 884 verum
1802 815 2070 881 effectus
2105 813 2432 898 pendebat
2451 836 2537 880 ex

588 912 720 978 Dei
752 907 1142 993 praesentia,
1187 904 1340 989 quia
1382 903 1679 970 sufficere
1722 900 1853 968 illis
1877 900 2100 966 debuit
2136 901 2259 966 Dei
2296 902 2537 965 autori·

597 1006 734 1064 tate
778 1016 917 1060 rem
964 998 1166 1058 totam
1211 989 1369 1075 geri,
1415 988 1527 1073 qui
1572 1008 1725 1054 suos
1770 1007 2104 1070 nunquam
2161 988 2538 1063 frustratur,

590 1086 792 1149 etiam
835 1079 992 1145 dum
1037 1076 1297 1143 videtur
1331 1074 1576 1141 ludere.
1666 1072 1816 1155 Quo
1861 1080 2079 1138 autem
2133 1093 2330 1139 sensu
2390 1090 2542 1137 arca

593 1167 871 1236 foederis
917 1172 1182 1230 vocatur
1229 1163 1409 1228 Deus
1455 1158 1561 1226 vel
1619 1159 1763 1226 eius
1820 1159 2046 1237 facies,
2107 1158 2269 1225 satis
2313 1157 2542 1223 multis

593 1254 756 1322 locis
798 1249 1086 1335 exposui.

768 1425 868 1490 11.
912 1420 1215 1489 Ascendit
1235 1423 1444 1485 autem
1485 1435 1620 1482 sors
1659 1414 1863 1482 tribus
1900 1414 2176 1496 filiorum
2196 1412 2543 1479 Beniamin

582 1531 707 1597 per
740 1509 1032 1595 fmnilias
1072 1525 1246 1583 suae,
1289 1509 1347 1570 et
1378 1503 1570 1569 exivit
1599 1502 1902 1568 terminus
1920 1501 2109 1566 sortis
2124 1520 2336 1566 eorum
2377 1501 2544 1566 iader

588 1597 757 1682 filios
800 1593 1067 1672 Iehuda,
1110 1596 1166 1657 et
1202 1591 1371 1672 filios
1415 1586 1674 1670 Ioseph.-
1734 1588 1831 1653 12.
1881 1584 2158 1668 Fuitque
2200 1587 2292 1652 eis
2333 1587 2539 1651 termi-

593 1703 717 1751 nus
757 1682 844 1748 ad
886 1680 1053 1745 latus
1096 1675 1413 1760 aquilonis
1454 1694 1498 1738 a
1541 1672 1850 1739 Iordane.-
1905 1678 1962 1739 et
2017 1673 2296 1738 ascendit
2335 1672 2544 1738 termi-

592 1789 718 1836 nus
777 1767 865 1833 ad
927 1765 1094 1831 latus
1160 1760 1405 1828 Iericho
1466 1759 1546 1826 ab
1623 1759 1942 1841 aquilone,
2016 1758 2407 1840 ascenditque
2468 1758 2541 1822 in

594 1859 863 1921 montem
916 1851 1253 1925 adunare,
1311 1866 1386 1913 ae
1439 1845 1645 1912 evitas
1700 1846 1837 1910 eius
1890 1844 2179 1910 suntad
2231 1843 2543 1909 desertum

596 1940 936 2006 Bethaven.
1045 1934 1146 1999 13.
1195 1932 1398 2000 Illinc
1451 1936 1659 1997 atatem
1704 1930 2057 2013 pertransit
2110 1929 2416 1995 terminus
2469 1930 2542 1993 in

598 2026 744 2091 Lue
787 2025 872 2090 ad
921 2021 1095 2087 latus
1138 2018 1280 2084 Lue
1320 2017 1603 2083 australe
1658 2012 1830 2101 (ipsa
1882 2020 1972 2081 est
2013 2013 2287 2100 Beth-el)
2347 2019 2402 2080 et
2441 2014 2546 2081 de-

592 2111 828 2180 seendit
868 2106 1171 2174 terminus
1211 2104 1281 2169 in
1322 2102 1802 2169 Ateroth—Adar
1816 2152 1833 2181 ,
1878 2102 2067 2167 naxia
2108 2105 2388 2179 montem,
2433 2101 2544 2182 qui

594 2202 685 2265 est
726 2217 768 2262 a
811 2192 1071 2259 meridie
1111 2190 1242 2273 ipsi
1263 2188 1641 2254 Beth-horon
1683 2187 1998 2269 inferiori.
2072 2185 2170 2252 14.
2217 2186 2307 2251 Et
2345 2186 2545 2270 desig]-

595 2288 793 2351 natur
811 2279 1136 2360 terminus,
1181 2275 1523 2357 circuitque
1554 2274 1641 2339 ad
1660 2273 1830 2339 latus
1849 2273 2051 2338 maris
2093 2273 2181 2338 ad
2199 2272 2543 2356 meridiem,

598 2371 862 2437 amente
881 2365 992 2447 qui
1012 2368 1156 2428 este
1183 2361 1433 2444 reqione
1455 2358 1839 2426 Beth-horon
1877 2358 2339 2425 admeridiem:
2373 2363 2548 2422 sunt-

598 2475 719 2538 que
760 2452 966 2518 exitus
1006 2448 1144 2514 eius
1185 2448 1272 2513 ad
1314 2443 1766 2513 Cnidia-Baal
1807 2442 1979 2530 (ipsa
2021 2449 2113 2509 est
2156 2441 2545 2512 Giriat-Iea-

597 2533 1356 2692 fffflma
1401 2529 1728 2683 aa..
1750 2529 1896 2681 a.
1929 2529 2252 2681 aas
2275 2529 2548 2680 aas

601 2710 889 2778 Iearim:
930 2707 1143 2788 itaque
1184 2703 1312 2770 exit
1352 2703 1654 2768 terminus
1698 2702 1783 2768 ad
1823 2721 2015 2778 mare,
2061 2701 2218 2780 exit,
2261 2701 2546 2783 inquam,

599 2798 686 2865 ad
724 2796 954 2879 fontem
998 2807 1314 2873 aquarum
1348 2786 1734 2869 Nephthoah.
1807 2787 1908 2853 16.
1956 2786 2046 2853 Et
2085 2786 2399 2853 deseendit
2430 2791 2546 2850 ter-

599 2879 934 2949 minusad
974 2883 1315 2943 extremum
1354 2874 1610 2951 moritis,
1666 2874 1777 2954 qui
1832 2876 1924 2939 est
1975 2892 2009 2937 e
2059 2873 2306 2956 regione
2356 2871 2549 2937 vallis

603 2966 1019 3041 Benliinnona
1057 2961 1286 3045 quique
1317 2964 1408 3026 est
1441 2960 1513 3025 in
1543 2959 1704 3025 valle
1728 2956 2042 3040 Rephaim
2073 2959 2160 3024 ad
2179 2957 2545 3040 aquileam,

599 3050 1028 3133 descenditque
1069 3047 1156 3113 ad
1196 3046 1421 3112 vallem
1443 3044 1723 3110 Hinnom
1765 3045 1850 3110 ad
1891 3045 2061 3110 latus
2105 3042 2416 3123 Iebusaei‚
2460 3043 2549 3110 ad

600 3138 943 3216 meridiem,
987 3139 1043 3200 et
1080 3132 1260 3199 illinc
1295 3131 1607 3198 deseendit
1643 3131 1730 3196 ad
1771 3126 2094 3213 Eri-ffoyel.
2153 3129 2255 3196 17.
2301 3128 2387 3194 Et
2429 3129 2551 3195 eir-

599 3227 729 3294 euit
771 3222 852 3289 ab
895 3220 1214 3302 aquilone,
1271 3223 1327 3282 et
1368 3217 1499 3282 exit
1539 3217 1626 3282 ad
1666 3215 2025 3293 Eri-semes,
2069 3220 2254 3298 atque
2306 3215 2547 3298 eyredi-

602 3317 709 3377 tur
751 3310 839 3375 ad
886 3305 1176 3385 Geliloth,
1222 3324 1384 3386 quae
1435 3307 1528 3368 est
1581 3323 1614 3369 e
1666 3302 1916 3386 reqione
1966 3307 2177 3367 conara
2223 3318 2549 3368 ascensum

600 3394 1009 3463 Adummim.-
1084 3396 1141 3457 et
1215 3388 1523 3455 deseendit
1584 3387 1760 3453 Eben
1824 3387 2055 3454 Bahan
2113 3386 2241 3468 lilii
2308 3386 2547 3452 Ruben.

606 3482 709 3547 18.
776 3478 969 3545 Illinc
1013 3475 1365 3559 pertransit
1428 3473 1516 3540 ad
1576 3473 1744 3539 latus
1813 3475 1976 3556 quod
2039 3478 2131 3538 est
2209 3493 2243 3539 e
2303 3472 2551 3556 reqione

590 3565 898 3651 planitiei
918 3563 1005 3629 ad
1024 3562 1396 3644 aquilonem,
1418 3564 1474 3625 et
1493 3559 1804 3626 descendit
1833 3561 1903 3623 in
1925 3558 2211 3625 Arabas.
2266 3559 2365 3625 19.
2390 3557 2553 3623 Inde

588 3649 960 3737 per-tramsit
998 3648 1302 3714 terminus
1338 3646 1424 3710 ad
1455 3645 1622 3711 lalus
1656 3643 2029 3730 Beth-hayla
2061 3645 2148 3710 ad
2166 3646 2553 3726 aquilmiem:

601 3742 868 3819 suntque
923 3734 1131 3800 caitus
1190 3731 1443 3798 termini
1504 3732 1592 3796 ad
1654 3731 1914 3797 limitem
1982 3730 2188 3796 maris
2248 3729 2409 3796 salis
2463 3728 2553 3795 ad

859 3840 981 3897 eni,
1039 3819 1125 3885 ad
1165 3823 1509 3884 extremum
1551 3815 1855 3883 Iordanis
1897 3816 1982 3881 ad
2023 3815 2380 3882 meridiem.-
2435 3815 2552 3881 iste

604 3915 697 3976 est
752 3908 1039 3974 ter-ninus
1096 3903 1319 3970 ausa-i.
1408 3902 1512 3968 20.
1573 3900 1663 3967 Et
1706 3901 2008 3967 Iordanis
2062 3902 2356 3968 terminat
2412 3921 2553 3966 eum

603 3996 691 4062 ad
729 3995 898 4061 lalus
935 3991 1211 4058 orientis.
1303 3989 1442 4055 Ista
1479 3991 1568 4053 est
1605 3987 1961 4053 haereditas
1998 3986 2278 4069 filiorum
2309 3985 2552 4054 Benia-

604 4081 741 4233 31³⁸
757 4098 1159 4245 imme*
934 4073 1846 4227 mmmfflssfftfi‘ssffi
1867 4072 2556 4240 Pfiitoffldfflffi

596 4218 1432 4405 Ρᾶᾎαᾞὲᾚᾝιέἑᾷ
1430 4245 1593 4397 ‘dabam’
1633 4249 1708 4398 :⁶
1736 4242 2164 4396 &amb
2178 4295 2240 4397 ’et
2253 4244 2556 4396 deff}

606 4425 710 4491 23.
757 4421 849 4488 Et
902 4420 1132 4498 Avim,
1192 4423 1248 4483 et
1301 4416 1554 4497 Parah,
1612 4423 1669 4484 et
1717 4415 2007 4501 Ophrah,
2078 4417 2182 4483 24.
2229 4416 2320 4482 Et
2359 4418 2556 4484 villae

609 4506 991 4581 Haamonai,
1037 4509 1093 4570 et
1142 4503 1381 4585 ophni,
1425 4507 1481 4569 et
1527 4501 1741 4569 Gaba.-
1795 4503 2074 4570 civitates
2117 4503 2454 4583 duodecim,
2499 4508 2557 4568 et

604 4597 793 4663 villae
834 4610 1069 4659 camni.
1137 4589 1241 4655 25.
1294 4588 1516 4668 Giton,
1560 4593 1616 4654 et
1660 4588 1864 4670 Baba,
1908 4595 1966 4655 et
1991 4588 2274 4667 Beeroth,
2321 4589 2423 4655 26.
2467 4588 2557 4654 Et

608 4679 890 4763 Mispeh,
947 4680 1002 4743 et
1048 4673 1433 4760 chephirah,
1486 4678 1543 4740 et
1585 4674 1848 4751 Maseli,
1917 4674 2021 4740 27.
2066 4674 2157 4740 Et
2200 4675 2454 4756 Reaem,
2497 4680 2557 4740 el

609 4766 847 4851 Irpeel,
904 4769 960 4830 et
1008 4760 1353 4828 Thai-alah.
1437 4759 1540 4824 28.
1584 4756 1674 4825 Et
1735 4759 1885 4826 Sela
1925 4760 2164 4845 Eleplb
2221 4766 2277 4828 et
2336 4761 2556 4828 Iebusi

606 4852 783 4941 (ipsa
837 4856 929 4917 est
973 4845 1352 4932 Ierusalem)
1420 4844 1647 4912 Gibath
1660 4896 1677 4924 ,
1736 4843 1982 4911 Giriath
1998 4896 2012 4922 ,
2065 4847 2345 4914 civitam
2399 4867 2557 4929 qua-

608 4938 978 5010 tuordecim,
1009 4939 1089 5000 -et
1128 4932 1317 4999 villae
1358 4950 1611 4996 earum.-
1667 4932 1796 4997 ista
1852 4935 1940 4995 est
1980 4931 2337 5001 haereditas
2386 4933 2553 5016 fiilio·

604 5045 754 5093 rum
788 5021 1134 5089 Beniamin
1167 5038 1290 5101 per
1325 5016 1621 5101 familias
1660 5036 1835 5083 suas.

778 5195 863 5261 In
908 5201 1086 5261 sorte
1144 5189 1496 5257 Beniamin
1562 5188 1728 5254 nihil
1802 5189 2086 5254 occurrit
2158 5209 2556 5275 magnopere

607 5291 841 5350 notatu
885 5280 1179 5364 dignum,
1226 5276 1351 5342 nisi
1395 5274 1565 5359 quod
1608 5274 1848 5359 exigua
1890 5274 2102 5340 tribus
2145 5274 2290 5342 aliis
2325 5277 2558 5345 ordine

610 5366 995 5454 praefertur.
1083 5365 1327 5430 Fateor
1368 5360 1631 5445 quidem
1675 5380 1796 5446 pro
1843 5359 2181 5426 hominum
2224 5366 2556 5446 paucitate

1664 452 2410 524 COMMENTARIUS
2456 453 2556 520 IN
2602 453 2903 523 IOSUE.
2995 454 3298 524 OAPU'I'
3340 455 3534 522 XIX.

4459 453 4588 519 540

2639 641 2968 710 redactam
3028 644 3232 710 fuisse
3287 644 3358 710 in
3413 651 3729 730 angustos
3785 642 4058 720 limites,
4117 643 4271 726 quia
4325 651 4584 707 tantum

2641 730 2881 812 viginti
2937 749 3053 795 sex
3113 729 3307 796 urbes
3364 729 3675 796 obtinuit:
3752 728 3879 794 fuit
3935 738 4157 794 tamen
4210 727 4282 793 id
4343 747 4461 811 per
4516 749 4588 794 se

2642 815 3072 881 honorificum
3091 866 3107 895 ,
3151 824 3305 881 ante
3348 815 3510 881 alias
3554 815 3766 882 tribus
3815 813 4167 880 nobiliores
4218 813 4588 879 haeredita·

2641 909 2778 966 tem
2823 901 3132 984 accipere.
3223 901 3413 967 Adde
3467 900 3637 986 quod
3700 900 3823 967 hoc
3877 899 4068 966 modo
4126 900 4458 967 coniuncti
4514 921 4589 966 ac

2643 985 2912 1053 finitimi
2971 988 3238 1053 fuerunt
3308 987 3575 1071 reliquis
3643 985 3798 1053 filiis
3853 985 4126 1069 Ioseph,
4199 985 4590 1069 quibuscum

2642 1073 3069 1156 propinquior
3110 1071 3242 1139 illis
3284 1088 3427 1139 erat
3478 1073 3798 1159 cognatio.
3884 1072 4189 1143 Fuerunt
4229 1071 4409 1137 enim
4454 1092 4589 1137 me·

2644 1157 2736 1223 dii
2775 1159 2952 1224 inter
2986 1159 3308 1242 Ephraim
3343 1168 3410 1223 et
3442 1159 3752 1226 Manasse
3788 1157 3869 1224 ab
3905 1178 4037 1222 una
4072 1168 4274 1240 parte,
4309 1166 4378 1223 et
4411 1156 4591 1223 inter

2644 1245 2890 1310 tribum
2934 1242 3120 1322 Iuda,
3165 1243 3248 1310 ab
3292 1245 3516 1311 altera.
3595 1244 3759 1309 Fuit
3796 1244 3993 1309 etiam
4039 1242 4319 1310 eximius
4361 1242 4589 1322 honor,

2644 1329 2814 1413 quod
2855 1331 3031 1396 inter
3080 1329 3242 1396 alias
3299 1331 3525 1411 urbes,
3581 1328 3941 1396 Ierusalem
4005 1328 4138 1396 illis
4188 1328 4456 1413 obtigit,
4517 1337 4592 1394 ut

2648 1427 2870 1498 postea
2912 1416 3067 1482 filiis
3110 1415 3279 1481 Iuda
3321 1417 3504 1500 quasi
3549 1416 3843 1500 precario
3877 1414 4101 1481 sedem
4143 1415 4394 1498 regiam
4438 1435 4591 1481 eon·

2644 1501 2969 1568 oederent.
3047 1502 3273 1581 Porro,
3318 1523 3522 1586 quum
3566 1501 3914 1568 stationem
3960 1499 4122 1567 adeo
4164 1499 4592 1584 tranquillam

2644 1589 2821 1654 nacti
2863 1597 3101 1668 essent,
3144 1588 3389 1653 mirum
3436 1596 3535 1653 est
3557 1587 3935 1653 humaniter
3976 1606 4131 1653 oum
4174 1586 4411 1653 vicinis
4453 1585 4591 1670 pla-

2644 1672 2854 1739 cidam
2903 1674 3108 1740 vitam
3166 1694 3298 1739 non
3343 1673 3642 1739 coluisse.
3731 1674 3941 1757 Atqui
3999 1680 4302 1739 tenemus
4361 1671 4592 1738 vatici·

2646 1759 2829 1825 nium
2870 1758 3066 1825 Iacob
3109 1757 3306 1845 (Gen.
3351 1760 3456 1841 49,
3489 1757 3607 1846 27)
3626 1810 3642 1839 ,
3718 1759 4071 1825 Beniamin
4118 1757 4313 1842 lupus
4369 1778 4593 1840 rapax,

2644 1865 2841 1910 mane
2882 1846 3095 1928 rapiet
3137 1843 3469 1929 praedam,
3514 1865 3789 1929 vespere
3832 1843 4080 1911 dividet
4119 1842 4346 1928 spolia.
4414 1845 4595 1928 Ergo

2645 1931 2754 1996 vel
2820 1941 3060 1997 natura
3122 1932 3321 1997 nimis
3384 1929 3684 2015 cupidos,
3762 1940 3828 1997 et
3891 1929 4329 1996 tumultuosos
4393 1930 4596 1995 fuisse

2645 2025 2933 2100 oportet:
3002 2017 3104 2085 vel
3161 2018 3545 2083 necessitate
3599 2015 3797 2083 bodie
3862 2014 4051 2082 nobis
4120 2016 4457 2101 incognita
4511 2014 4594 2079 ad

2646 2101 3095 2186 praedandum
3141 2104 3342 2169 fuisse
3394 2103 3737 2185 impulsos.
3824 2100 4167 2184 Quantum
4231 2103 4473 2168 attinet
4515 2098 4598 2167 ad

2647 2187 2875 2253 urbem
2920 2187 3084 2267 Luz,
3129 2188 3276 2254 ideo
3321 2188 3587 2254 additur
3645 2189 3921 2254 alterum
3972 2208 4246 2268 nomen,
4310 2188 4456 2271 ipsa
4497 2194 4601 2253 est

2647 2273 2915 2354 Bethel,
2979 2274 3133 2356 quia
3175 2281 3316 2339 tum
3376 2274 3641 2340 demum
3698 2294 3935 2339 nomen
3977 2272 4261 2339 inditum
4312 2295 4353 2339 a
4394 2272 4600 2358 patri-

2649 2358 2851 2426 archa
2895 2358 3092 2427 Iacob
3135 2381 3259 2426 usu
3304 2370 3370 2426 et
3411 2359 3884 2426 consuetudine
3926 2358 4214 2425 obtinuit
4256 2358 4458 2446 (Gen.
4493 2360 4599 2438 28,

2653 2445 2780 2532 19).
2870 2444 3043 2512 Nom
3087 2445 3312 2529 procul
3364 2446 3589 2513 aberat
3633 2445 4036 2512 Beth-Aven
4055 2496 4070 2524 ,
4130 2445 4317 2512 cuius
4361 2466 4600 2512 nomen

2650 2530 2824 2615 quod
2866 2532 3249 2614 probrosum
3293 2541 3438 2598 erat
3489 2538 3558 2598 et
3612 2532 3885 2611 infame,
3950 2530 4034 2596 ad
4075 2531 4290 2615 ipsam
4330 2529 4602 2598 Beth-el

2653 2615 3049 2684 translatum
3092 2618 3235 2697 fuit,
3280 2639 3362 2683 ex
3409 2638 3537 2701 quo
3591 2618 3811 2719 impiis
3855 2617 4434 2717 superstitionibus
4476 2617 4603 2718 fuit

2651 2711 3255 2855 33232‘3013'25111'?
3256 2702 4002 2873 {ittffissffztfffitt
4046 2703 4604 2856 fflssmfflssffi

2652 2894 2893 2942 nomen
2937 2874 3117 2954 idoli,
3158 2876 3332 2959 quod
3375 2877 3608 2943 fuisset
3641 2895 3839 2941 verae
3872 2876 4133 2960 pietatis
4165 2875 4444 2943 macula.
4509 2876 4604 2942 Et

2652 2968 2832 3027 certe
2875 2969 3066 3045 turpe
3102 2982 3178 3028 ac
3212 2960 3594 3044 pudendum
3638 2960 3886 3038 fuisset,
3923 2969 4276 3044 patronum
4311 2962 4426 3046 qui
4461 2962 4603 3028 Deo

2652 3045 2847 3112 unico
2892 3046 3206 3114 adversus
3249 3055 3408 3128 erat,
3455 3046 3679 3132 populi
3723 3068 3834 3114 ore
3877 3046 4212 3114 celebrari.

3353 3390 3657 3459 CAPUT
3700 3393 3896 3461 XIX.

2829 3563 2887 3629 1.
2910 3559 3193 3648 Eqressa
3226 3568 3318 3630 est
3340 3568 3708 3631 autemsors
3727 3565 4000 3632 secunda
4018 3565 4152 3648 ipsi
4176 3561 4447 3642 Sin-emi,
4489 3564 4605 3630 tri-

2654 3648 3082 3732 buifiliorum
3123 3649 3862 3733 Simeonperfamilias
3903 3648 4604 3727 suametlioiihaere-

2652 3734 2823 3802 ditas
2877 3755 3089 3801 eorum
3138 3737 3210 3802 in
3275 3736 3477 3802 medio
3531 3735 3941 3805 haereditatis
3998 3736 4278 3819 filiomm
4335 3735 4599 3803 Ieliuda.

2654 3820 2715 3887 2.
2742 3819 3015 3903 Ὲὶιίὺςιωε
3054 3823 3147 3887 eis
3181 3823 3250 3888 in
3282 3821 3660 3888 haereditate
3691 3844 3905 3891 eorum
3926 3821 4285 3900 Beer-seba,
4328 3827 4388 3887 et
4425 3821 4601 3904 Seba‚

2653 3911 2712 3973 et
2756 3906 3089 3989 Moladali,
3145 3908 3206 3974 3.
3262 3907 3351 3974 Et
3392 3907 3824 3988 Hasta-sual,
3881 3915 3939 3976 et
3998 3906 4248 3986 Balah,
4305 3911 4364 3973 et
4405 3907 4600 3986 Asea,

2654 3992 4067 4071 4.EtEltholad,etBethul‚eiHomah‚
4126 3991 4603 4078 5.EtSicla9,

2656 4085 2712 4145 et
2765 4078 3346 4159 Beth-Marcaboth,
3416 4086 3474 4144 et
3538 4079 3933 4148 Hasarsusa.
4023 4082 4085 4147 6.
4145 4079 4237 4146 Et
4293 4077 4604 4146 Beth-Le·

2657 4164 2867 4245 booth,
2922 4170 2982 4230 et
3026 4162 3342 4232 Saruhen:
3395 4165 3580 4231 urbes
3635 4167 3954 4245 tredecim,
4009 4172 4067 4234 et
4120 4165 4311 4232 villae
4363 4186 4605 4232 earum.

2660 4251 2717 4316 7.
2765 4249 2923 4328 Ain,
2984 4249 3297 4333 Rimmon,
3341 4257 3398 4318 et
3435 4250 3650 4332 Ether,
3694 4257 3752 4319 et
3792 4253 4014 4320 Asan:
4073 4251 4263 4318 urbes
4315 4256 4604 4334 quatuor.

2656 4335 3217 4403 etmllaeearum.
3305 4337 3498 4403 8.Et
3551 4339 3987 4406 omnesvillae
4042 4358 4204 4423 qaae
4258 4343 4440 4403 erant

2654 4422 2957 4488 circuitus
2996 4423 3252 4489 urbium
3291 4425 3561 4489 istarum
3603 4444 3801 4506 usque
3844 4426 3931 4491 ad
3950 4423 4419 4502 Baalathheer,

2655 4507 2831 4574 math
2894 4509 3252 4575 ausu-akm.
3340 4508 3483 4576 Ista
3537 4513 3628 4575 est
3667 4509 4021 4577 haereditas
4076 4509 4278 4577 tribus
4326 4508 4609 4592 filiorum

2660 4593 2911 4660 Simeon
2949 4613 3075 4676 per
3124 4594 3418 4679 familias
3470 4614 3641 4662 suas.
3727 4596 3786 4660 9.
3854 4596 3944 4663 De
3989 4597 4274 4679 portione
4323 4596 4608 4678 filiorum

2658 4678 2907 4746 Iehuda
2958 4679 3134 4762 faeta
3184 4682 3314 4765 fuit
3368 4680 3724 4748 haereditas
3786 4680 4069 4761 filiorum
4125 4681 4406 4748 Simeon.-
4472 4687 4610 4749 erat

2655 4765 2822 4830 enim
2857 4767 3067 4847 portio
3105 4767 3391 4849 filiorum
3435 4766 3681 4833 Ielmda
3720 4768 3929 4833 maior
3967 4768 4166 4849 ipsis,
4211 4768 4427 4851 itaque
4466 4768 4609 4835 liae-

2654 4850 2978 4918 reditatem
3019 4857 3377 4937 aeceperunt
3412 4853 3538 4935 filii
3559 4852 3810 4920 Simeon
3852 4853 3924 4920 in
3960 4853 4161 4921 medio
4201 4852 4611 4922 haereditatis

2656 4956 2888 5002 eorum.

2829 5108 3144 5174 Proxime
3197 5116 3476 5192 sequuta
3530 5117 3632 5175 est
3684 5130 3828 5175 sors
3883 5109 4095 5177 tribus
4154 5108 4428 5179 Simeon
4472 5131 4609 5177 non

2659 5201 2798 5258 tam
2844 5193 3114 5261 honoris
3136 5214 3351 5274 causa,
3395 5216 3594 5279 quam
3637 5195 3706 5261 in
3730 5204 3953 5262 notam
3978 5196 4392 5281 ignominiae.
4440 5195 4609 5263 Pro·

2659 5281 3094 5347 nunciaverat
3137 5279 3334 5348 Iacob
3378 5280 3460 5346 de
3507 5280 3773 5348 Simeon
3834 5291 3903 5346 et
3948 5282 4148 5348 Levi:
4204 5280 4610 5367 Dispergam

2660 5385 2773 5434 eos
2826 5387 2903 5433 ao
2958 5365 3298 5433 disiiciam.
3385 5367 3609 5433 Poena
3670 5366 3934 5453 quidem
3979 5367 4150 5434 Levi
4204 5389 4338 5434 non
4397 5368 4609 5435 solum
