5017 6142
422 452 554 519 449

423 641 479 708 si
523 641 746 707 hostes
811 659 967 708 suos
1031 642 1162 707 iam
1229 641 1438 708 sterni
1503 648 1570 706 et
1626 639 2035 725 pessumdari
2095 641 2370 711 videret.

421 726 651 811 Neque
694 726 872 792 enim
915 727 1101 793 Deus
1155 746 1322 812 opus
1365 748 1681 793 manuum
1734 747 1999 793 suarum
2043 728 2115 793 in
2157 728 2374 795 medio

423 834 620 882 cursu
671 812 981 879 mutilum
1027 821 1095 878 et
1147 813 1527 879 inchoatum
1588 812 1847 879 deserit.
1935 812 2030 879 Ut
2071 810 2257 880 Deus
2300 815 2370 880 in

422 898 893 967 haereditatem
950 898 1339 985 promissam
1393 919 1544 964 suos
1588 899 1856 964 inducat
1872 950 1886 978 ,
1942 898 2226 965 Iordane
2268 900 2369 966 in-

423 986 659 1054 terciso
701 985 945 1053 siccum
990 985 1118 1050 iter
1152 984 1476 1069 patefacit.
1555 984 1733 1066 Quid
1777 1005 1934 1068 ergo
1977 985 2188 1070 magis
2230 1006 2372 1070 per-

420 1093 717 1152 versum,
777 1091 974 1155 quam
1016 1071 1084 1135 in
1144 1078 1600 1137 momentaneo
1643 1069 1755 1135 illo
1798 1079 1946 1136 actu
1991 1070 2366 1151 subsistere,

422 1179 543 1225 nec
589 1156 911 1225 confidere
955 1157 1025 1222 in
1063 1157 1357 1222 futurum
1402 1164 1692 1240 tempus,
1739 1155 1946 1222 donec
1990 1164 2219 1241 pacata
2260 1157 2369 1224 ob-

421 1245 707 1329 tingeret
792 1250 1005 1309 terrae
1087 1241 1351 1308 fruitio?
1482 1240 1856 1308 Prudenter
1938 1241 2159 1326 itaque
2245 1244 2369 1310 hoc

422 1329 723 1414 exemplo
762 1336 1108 1397 contexere
1153 1328 1478 1395 discamus
1515 1349 1679 1412 quae
1714 1327 1796 1392 ad
1833 1327 2064 1394 salutis
2104 1338 2367 1395 nostrae

422 1436 749 1482 summam
805 1414 1141 1498 pertinent
1183 1412 1311 1479 Dei
1355 1412 1700 1492 beneficia,
1760 1421 1836 1479 ut
1877 1413 2052 1480 laeta
2098 1414 2368 1481 exordia

422 1522 606 1585 spem
643 1501 877 1567 similis
911 1501 1131 1565 exitus
1165 1499 1424 1565 foveant
1447 1508 1511 1565 et
1535 1499 1717 1565 alant
1738 1500 1809 1565 in
1831 1499 2072 1565 animis
2103 1501 2364 1566 nostris.

423 1586 617 1670 Quod
662 1594 884 1653 autem
940 1583 1098 1651 dicit
1139 1585 1333 1651 Iosue
1376 1585 1686 1669 populum
1731 1606 1815 1651 ex
1858 1585 2171 1652 miraculo
2215 1607 2367 1672 cog-

422 1675 716 1738 niturum
763 1671 890 1739 Dei
934 1672 1406 1755 praesentiam,
1451 1671 1709 1755 oblique
1754 1671 2182 1738 diffidentiam
2226 1672 2368 1739 eius

420 1758 841 1844 perstringit:
899 1758 1050 1842 quia
1092 1755 1173 1822 ad
1216 1756 1490 1823 solidam
1552 1756 2010 1823 certitudinem
2069 1757 2368 1825 sufficere

421 1845 703 1928 simplex
754 1844 881 1910 Dei
938 1843 1279 1927 promissio
1337 1843 1680 1921 debuerat,
1749 1844 1814 1908 in
1877 1862 2004 1927 qua
2057 1844 2196 1911 sola
2240 1843 2368 1910 nisi

420 1930 696 1997 fundata
747 1930 835 1997 sit
888 1938 1113 1996 nostra
1170 1928 1366 2013 fides,
1422 1927 1696 1995 subinde
1755 1929 2065 1996 vacillare
2103 1949 2368 1997 necesse

420 2026 542 2083 est.
632 2015 878 2082 Verum
939 2015 1231 2099 quamvis
1287 2035 1407 2098 pro
1452 2017 1548 2080 rie
1604 2014 1673 2080 in
1734 2036 1867 2080 una
1913 2016 2044 2081 Dei
2093 2016 2370 2081 veritate

421 2102 801 2171 recumbere
858 2101 1089 2167 debeat
1130 2100 1326 2180 fides,
1372 2100 1393 2165 i
1481 2109 1705 2166 tamen
1748 2120 1884 2166 non
1928 2102 2163 2180 obstat,
2208 2102 2369 2185 quin

420 2187 953 2272 experimentalis
987 2186 1270 2287 cognitio
1305 2206 1452 2251 eam
1486 2186 1755 2252 adiuvet
1788 2195 2101 2272 tanquam
2137 2207 2370 2254 secun-

423 2273 609 2341 daria
663 2273 1131 2341 imbecillitaus
1185 2272 1327 2338 eius
1368 2271 1619 2338 fultura
1634 2323 1649 2351 ,
1710 2280 1777 2338 et
1819 2272 2181 2339 subsidium
2227 2274 2370 2339 eius

420 2359 900 2428 confirmationi
942 2358 1121 2424 utile.
1212 2357 1380 2424 Nam
1426 2364 1494 2423 et
1534 2355 1722 2424 Deus
1763 2357 1936 2442 quod
1982 2357 2169 2425 nobis
2210 2379 2370 2426 voce

417 2445 750 2531 pollicitus
813 2453 914 2511 est
970 2466 1044 2510 re
1085 2445 1231 2529 ipsa
1294 2443 1631 2529 obsignat,
1691 2454 1758 2509 et
1821 2452 2137 2528 quotquot
2182 2444 2370 2511 nobis

417 2532 725 2617 proponit
786 2551 943 2598 suae
1007 2531 1258 2615 gratiae
1315 2538 1381 2595 et
1425 2530 1691 2596 virtutis
1734 2529 2157 2611 documenta,
2215 2530 2369 2597 toti·

422 2618 570 2684 dem
627 2615 771 2682 vult
812 2636 953 2682 esse
1006 2615 1504 2700 approbationes
1545 2636 1701 2682 suae
1754 2616 1933 2682 vocis
1990 2622 2058 2682 et
2100 2614 2184 2682 ad
2226 2617 2367 2683 exi·

417 2702 728 2770 mendam
771 2700 1242 2769 dubitationem
1276 2700 1689 2768 adminicula.

596 2789 696 2855 11.
742 2787 901 2854 Ecce
943 2788 1121 2854 Arca
1161 2787 1610 2854 Dominatoris.
1673 2787 1901 2852 Primo
1946 2787 2104 2855 dicit
2147 2807 2365 2855 arcam

416 2876 848 2960 praeituram:
897 2872 1129 2940 deinde
1172 2873 1460 2957 explicat
1500 2873 1571 2939 in
1616 2894 1807 2956 quem
1850 2873 2079 2940 finem:
2129 2894 2365 2958 nempe

417 2970 497 3027 ut
562 2961 701 3026 loco
779 2959 968 3028 cedat
1040 2958 1342 3025 Iordanis
1427 2966 1739 3042 tanquam
1805 2958 1932 3025 Dei
2017 2972 2365 3042 conspectu

417 3046 876 3123 tremefactus,
963 3052 1039 3111 ut
1112 3046 1184 3111 in
1245 3044 1512 3112 Psalmo
1589 3043 1771 3132 (114)
1836 3044 2092 3114 dicitur.
2181 3044 2369 3127 Quae

421 3141 641 3199 autem
685 3130 765 3197 de
808 3131 971 3198 viris
1013 3128 1357 3198 duodecim
1401 3131 1718 3197 inseritur
1760 3130 2049 3197 narratio
2091 3132 2370 3215 abrupta

420 3228 555 3285 est:
598 3219 750 3302 quia
792 3218 1083 3283 breviter
1126 3226 1378 3282 tantum
1425 3215 1668 3282 delibat
1700 3236 1867 3301 quae
1901 3225 2125 3301 postea
2158 3217 2370 3283 fusius

420 3313 492 3370 et
553 3304 795 3371 clarius
858 3301 1089 3369 tradet.
1177 3302 1375 3369 Nunc
1441 3303 1653 3369 solum
1720 3312 2091 3383 teneamus,
2166 3323 2367 3386 quum

422 3410 576 3456 arca
628 3389 1004 3473 praecessit,
1071 3388 1290 3455 Deum
1352 3408 1538 3454 suam
1603 3389 1920 3454 virtutem
1976 3389 2368 3472 explicuisse

420 3477 492 3541 in
529 3474 812 3561 regendo
854 3473 1113 3560 populo.
1203 3476 1421 3559 Atque
1463 3474 1588 3540 hac
1631 3477 1882 3540 ratione
1914 3473 2369 3541 commendata

422 3562 543 3627 fuit
621 3561 835 3628 cultus
911 3559 1141 3646 legalis
1219 3559 1533 3626 sanctitas
1553 3607 1568 3633 ,
1643 3581 1847 3643 quum
1922 3559 2369 3644 perspicerent

420 3647 758 3713 Israelitae
796 3665 933 3712 non
973 3647 1170 3712 inane
1212 3665 1354 3711 esse
1395 3646 1563 3729 quod
1604 3647 1787 3712 Deus
1823 3644 1996 3730 apud
2038 3647 2213 3730 ipsos
2258 3646 2368 3712 de-

421 3742 732 3819 posuerat
776 3753 933 3798 suae
988 3732 1397 3816 praesentiae
1440 3732 1830 3817 symbolum.
1920 3731 2147 3815 Neque
2191 3733 2366 3798 enim

422 3819 616 3886 aliter
660 3839 857 3902 quam
899 3818 953 3884 si
989 3817 1250 3883 Iordani
1296 3820 1647 3901 conspicua
1688 3819 1918 3884 fuisset
1961 3817 2089 3884 Dei
2134 3819 2367 3885 maies-

420 3913 558 3986 tas,
622 3906 695 3970 in
739 3905 877 3971 eius
921 3903 1301 3987 obsequium
1346 3913 1607 3970 coactus
1651 3913 1768 3971 est.
1859 3903 2076 3971 Simul
2141 3913 2365 3970 tamen

420 3991 931 4068 meminerimus,
967 4010 1097 4056 non
1136 3988 1266 4055 alia
1299 3991 1551 4055 ratione
1587 3987 1938 4056 adductum
1976 4010 2118 4056 esse
2149 3988 2366 4056 Deum

421 4085 495 4143 ut
557 4077 839 4162 gratiam
895 4096 1083 4142 suam
1137 4075 1207 4141 in
1261 4095 1413 4140 arca
1457 4085 1820 4154 exsereret,
1864 4076 1995 4143 nisi
2039 4078 2191 4160 quia
2233 4076 2367 4144 illic

421 4163 681 4229 tabulas
739 4162 844 4227 sui
896 4159 1175 4228 foederis
1215 4160 1559 4227 locaverat.
1649 4162 1856 4227 Porro
1898 4162 2050 4245 quia
2092 4183 2199 4228 res
2244 4163 2369 4228 dif-

422 4247 614 4316 ficilis
657 4256 799 4314 erat
838 4247 1122 4315 creditu:
1179 4247 1430 4314 animos
1474 4247 1697 4332 populi
1741 4256 2008 4314 revocat
2045 4246 2243 4315 Iosue
2286 4248 2369 4314 ad

420 4333 961 4402 considerandam
1007 4355 1171 4418 quae
1212 4354 1438 4401 omnes
1474 4333 1895 4400 difficultates
1939 4344 2207 4417 superat
2240 4335 2369 4400 Dei

420 4421 808 4504 potentiam.
896 4419 1128 4504 Neque
1185 4421 1358 4485 enim
1404 4419 1714 4504 frigidum
1760 4430 1859 4486 est
1906 4419 2187 4505 elogium
2232 4420 2368 4487 Do·

416 4506 757 4573 minatoria
795 4507 1126 4572 universae
1166 4511 1385 4584 terrae,
1431 4526 1560 4589 quo
1602 4504 1712 4573 bic
1752 4507 1937 4572 Deus
1979 4506 2367 4590 insignitur:

420 4592 534 4660 sed
581 4594 725 4659 eius
766 4592 1113 4677 imperium
1160 4591 1419 4657 extollit
1461 4612 1659 4676 supra
1701 4592 1922 4658 omnia
1964 4592 2193 4657 mundi
2237 4592 2370 4659 ele·

418 4689 665 4761 menta,
706 4700 789 4745 ne
825 4676 1124 4745 dubitent
1142 4677 1499 4759 Israelitae,
1531 4699 1728 4762 quum
1775 4679 1896 4744 sub
1940 4678 2080 4745 eius
2123 4678 2370 4745 ditione

420 4765 561 4832 sint
600 4766 808 4831 maria
837 4774 903 4831 et
941 4764 1147 4843 fluvii,
1193 4782 1416 4847 aquas,
1460 4764 1611 4830 licet
1653 4771 1890 4831 natura
1933 4764 2068 4830 sint
2107 4764 2367 4845 fluidae,

418 4852 560 4917 solo
603 4852 744 4917 eius
786 4859 953 4917 nutu
998 4852 1131 4917 fore
1174 4848 1459 4916 stabiles.

600 5019 701 5089 14.
765 5019 855 5087 Et
912 5020 1071 5103 fuit,
1143 5041 1338 5104 quum
1391 5020 1892 5103 proficisceretur
1942 5021 2221 5106 populus
2282 5022 2369 5089 ad

416 5109 875 5176 transeundum
918 5107 1254 5174 Iordanem
1269 5154 1285 5181 ‚
1347 5107 1690 5173 sacerdotes
1734 5108 1845 5191 qui
1878 5108 2218 5189 portabant
2258 5130 2366 5174 ar-

418 5214 562 5262 cam
637 5194 906 5277 foederis
971 5197 1149 5259 erant
1222 5197 1364 5259 ante
1417 5193 1738 5277 populum.
1842 5192 1943 5259 15.
2027 5192 2367 5277 Postquam

415 5284 631 5346 autem
670 5283 965 5345 venerunt
1003 5281 1117 5363 qui
1147 5278 1490 5366 portabant
1529 5299 1744 5346 arcam
1786 5298 1983 5363 usque
2025 5280 2110 5346 ad
2144 5280 2368 5346 Iorda-

420 5384 595 5445 m,
652 5370 707 5431 d
740 5365 931 5448 pedes
982 5366 1370 5432 sacerdotum
1411 5366 1804 5446 portantium
1861 5384 2078 5432 arcam
2118 5367 2366 5433 intincti

599 5464 823 5523 Calvina·
854 5481 1039 5537 opera.
1116 5467 1234 5524 Vol.
1268 5467 1460 5524 XXV.

1595 451 2339 523 COMMENTARIUS
2385 455 2486 521 IN
2528 453 2811 526 IOSUE
2860 452 3057 521 OAP.
3105 455 3233 523 111.

4289 459 4420 526 450

2468 643 2730 727 fuerunt
2784 645 2853 709 in
2904 648 3171 709 extremo
3237 663 3551 727 aquarum
3614 642 3946 730 (Iordanis
4007 650 4211 713 andem
4283 654 4421 715 erat

2463 730 2694 812 plenus
2712 730 2883 797 ultra
2917 748 3123 795 omnes
3152 730 3337 811 ripas
3370 734 3487 796 toto
3513 734 3780 814 tempore
3821 730 4090 819 messis),
4144 733 4236 799 16.
4265 731 4420 800 Gon-

2470 815 2758 881 stitemnt
2789 834 2990 896 aquae
3009 835 3167 898 quae
3185 814 3620 881 descendebant
3639 816 3714 882 de
3922 867 3938 896 ,
3974 822 4032 883 et
4050 837 4419 888 assurrexe-

2469 903 3235 968 runcinaaervmnunum
3256 901 3699 982 procuzvazde,
3733 901 4051 969 abAdam
4083 903 4234 971 urbe
4259 924 4422 986 quae

2471 992 2563 1053 est
2582 987 2669 1053 ad
2691 986 2858 1052 lame
2881 985 3176 1066 Sartham
3199 991 3258 1051 et
3275 1007 3434 1069 quae
3451 986 3889 1054 descendebant
3906 988 3992 1055 ad
4011 1009 4185 1055 mare
4204 990 4417 1056 souta-

2467 1071 2663 1151 dinis,
2684 1092 2860 1139 mare
2879 1071 3040 1138 salis
3055 1077 3450 1153 consumptae
3468 1077 3632 1151 stant,
3654 1074 4123 1140 interciderant.-

2468 1162 2675 1223 autem
2693 1159 3077 1224 &auderunt
3096 1178 3128 1224 e
3147 1157 3666 1242 reqioneIericho.
3692 1159 3792 1225 17.
3814 1158 4297 1228 Stabantautem
4316 1183 4421 1229 aa·

2468 1244 2735 1310 oerdotes
3080 1263 3296 1310 arcam
3312 1243 3582 1326 foederis
3596 1243 3859 1313 Iehovae
3878 1246 3950 1311 in
3968 1245 4419 1316 siccoinmedio

2470 1327 2773 1395 Iordanis
2782 1329 3055 1413 expediti
3068 1327 3131 1415 ¹),
3143 1334 3454 1395 totusvero
3464 1328 3673 1395 Israel
3679 1330 4029 1398 transibant
4034 1333 4417 1413 persiccum,

2468 1414 2654 1481 donec
2668 1414 2856 1497 finem
2885 1415 3158 1498 facerent
3180 1415 3479 1481 universa
3507 1435 3664 1499 qens
3698 1417 4070 1483 transeundi
4098 1417 4414 1486 Iordanis.

2644 1585 2750 1652 15.
2823 1584 3167 1669 Postquam
3249 1591 3562 1652 venerunt.
3649 1585 3801 1650 Non
3886 1584 4144 1672 vulgari
4222 1587 4419 1656 laude

2468 1670 2672 1756 digna
2717 1672 2840 1737 fuit
2881 1670 3296 1738 sacerdotum
3338 1671 3582 1751 virtus,
3641 1670 3817 1736 ultra
3858 1670 4119 1739 alveum
4161 1694 4419 1759 quoque

2468 1756 2795 1841 intrepide
2829 1756 3161 1841 pergendo
3196 1765 3540 1841 penetrare
3568 1758 3639 1821 in
3674 1776 3911 1839 aquam
3948 1758 4175 1842 ipsam,
4215 1780 4417 1843 quum

2472 1842 2695 1909 statim
2764 1843 3115 1908 metuenda
3176 1851 3353 1909 esset
3416 1841 3799 1909 submersio,
3886 1843 4178 1911 Pedibus
4240 1847 4419 1911 enim

2468 1928 2767 1994 intinctis
2813 1927 2971 2013 quid
3016 1948 3281 2012 sperare
3324 1936 3628 2011 poterant
3642 1976 3662 2008 ,
3716 1927 3844 1994 nisi
3890 1948 4046 1994 mox
4091 1949 4161 1995 se
4204 1950 4422 2016 reper-

2470 2022 2657 2080 turos
2744 2013 3143 2099 profundum
3230 2013 3555 2099 gurgitem
3643 2034 3769 2097 quo
3864 2015 4415 2083 absorberentur?

2473 2099 2671 2182 Quod
2736 2120 2892 2184 ergo
2959 2121 3085 2165 non
3162 2107 3495 2167 terrentur
3569 2099 3862 2166 fluminis
3922 2119 4193 2168 occursu
4257 2121 4418 2186 quo-

2469 2185 2694 2251 minus
2749 2185 2831 2251 ad
2899 2186 3371 2270 praescriptum
3430 2185 3643 2251 locum
3706 2195 4207 2268 perseveranter
4266 2209 4418 2255 con·

2472 2270 2763 2350 tendant,
2809 2271 3074 2355 signum
3118 2280 3221 2338 est
3262 2290 3449 2337 rarae
3484 2269 3842 2337 alacritatis
3877 2292 3963 2337 ex
3997 2271 4235 2339 fiducia
4267 2294 4422 2340 con-

2469 2364 2714 2440 ceptae.
2802 2357 3094 2424 Accessit
3170 2356 3517 2442 peeuliaris
3601 2356 3913 2436 tentatio,
4000 2357 4172 2442 quod
4259 2367 4422 2428 tunc

2469 2442 2774 2508 Iordanis
2838 2442 3292 2510 exundaverat
3307 2493 3324 2524 ,
3387 2448 3464 2508 ut
3517 2442 3684 2509 solet
3746 2443 4097 2525 quotannis
4153 2447 4423 2512 aestatis

2469 2529 2676 2594 initio.
2764 2527 2996 2612 Neque
3050 2528 3228 2594 enim
3286 2536 3596 2614 cooperta
3651 2527 3922 2611 planitie
3976 2531 4193 2595 notari
4235 2540 4422 2615 pote·

2473 2622 2581 2679 rat
2620 2614 2676 2679 ri
2726 2633 2912 2679 arum
2958 2621 3239 2694 tractus,
3283 2633 3407 2679 nec
3452 2613 3696 2680 vadum
3738 2612 4104 2681 observari:
4160 2622 4228 2680 et
4268 2617 4423 2683 illu-

2473 2701 2615 2766 vies
2740 2707 2805 2765 te
2869 2697 3108 2766 diffusa
3169 2700 3472 2769 timorem
3527 2708 3597 2766 et
3649 2719 3872 2766 curam
3938 2701 4240 2785 augebat.
4327 2702 4421 2768 Et

2471 2806 2622 2851 cum
2670 2785 2773 2852 his
2817 2784 3075 2868 quidem
3120 2783 3472 2853 obstaculis
3525 2792 3779 2853 certare
3829 2785 4042 2853 voluit
4083 2787 4267 2854 Deus
4305 2808 4421 2872 po·

2472 2872 2703 2956 pulum
2742 2891 2933 2936 suum
2976 2882 3044 2938 et
3076 2871 3461 2957 praesertim
3506 2870 3890 2953 sacerdotes,
3932 2892 4058 2955 quo
4099 2871 4424 2940 illustrior

2473 2967 2649 3024 esset
2707 2956 2859 3023 fidei
2913 2965 2981 3023 et
3037 2957 3445 3025 constantiae
3499 2957 3790 3041 ipsorum
3849 2958 4158 3025 victoria.-
4221 2958 4423 3026 simul

2475 3050 2700 3110 tamen
2764 3042 3015 3110 obiecta
3091 3042 3476 3110 difficultate
3539 3044 3752 3128 magis
3815 3042 4055 3109 extulit
4119 3044 4422 3112 miraculi

2470 3129 2788 3281 {lrmam’
2855 3128 3013 3194 dum
3057 3129 3197 3195 eius
3241 3128 3514 3214 imperio
3558 3136 3898 3195 cesserunt
3939 3149 4176 3212 aquae,
4241 3140 4309 3196 et
4348 3131 4419 3196 in

2557 3236 2733 3281 mam
2767 3215 3142 3300 congeriem
3177 3220 3668 3299 coagmentatae
3690 3221 3866 3296 sunt,
3886 3234 4050 3299 quae
4074 3215 4249 3299 ripas
4270 3235 4422 3283 suas

2473 3310 2907 3367 excesserant.
2998 3300 3223 3367 Primo
3268 3301 3544 3366 formam
3588 3300 3886 3366 miraculi
3932 3303 4232 3385 exponit,
4297 3303 4421 3368 tol·

2469 3386 2705 3453 lendae
2748 3386 3170 3453 dubitationis
3216 3406 3446 3468 causa,
3490 3407 3574 3453 ne
3618 3384 3876 3470 profani
3919 3385 4223 3453 homines
4268 3388 4422 3454 sub·

2469 3472 2676 3538 tiliter
2728 3473 3149 3556 exquirerent
3203 3471 3366 3538 alias
3424 3491 3653 3538 causas
3703 3471 3783 3538 ad
3843 3471 4245 3539 obruendam
4289 3473 4420 3540 Dei

2468 3559 2769 3642 gratiam.
2857 3559 3092 3625 Potest
3156 3557 3421 3643 quidem
3486 3558 3629 3623 fieri
3642 3608 3659 3638 ,
3737 3564 3812 3624 ut
3875 3556 4062 3623 brevi
4127 3567 4422 3643 tempore

2467 3644 2851 3711 cohibeatur
2893 3665 3212 3728 aquarum
3257 3644 3478 3709 fluxus
3495 3693 3511 3724 ‚
3554 3650 3623 3708 et
3664 3643 3952 3728 spatium
3992 3643 4251 3728 aliquod
4295 3645 4422 3711 sic-

2467 3749 2617 3795 cum
2663 3750 2747 3814 ap
2795 3738 2993 3809 areat,
3040 3730 3144 3797 vel
3190 3738 3485 3794 mutetur
3528 3750 3779 3810 cursus,
3835 3737 3902 3795 et
3944 3730 4073 3795 alio
4118 3751 4190 3796 se
4233 3752 4421 3798 aver-

2468 3823 2584 3882 tat.
2645 3814 2737 3883 Se
2804 3835 3004 3899 aquas
3026 3824 3203 3882 stare
3225 3816 3293 3880 in
3331 3836 3638 3882 acervum
3663 3823 4038 3900 congestas:
4084 3836 4421 3900 nunquam

2468 3909 2645 3969 certe
2687 3901 3081 3968 naturaliter
3123 3901 3403 3985 contigit
3452 3900 3555 3967 vel
3596 3900 3885 3966 fortuito.
3976 3901 4123 3967 Hac
4165 3901 4421 3968 ratione

2470 3986 2745 4068 dicitur,
2788 4006 2989 4072 aquas
3032 4008 3197 4072 quae
3237 3994 3392 4053 ante
3435 4008 3518 4053 ex
3560 3986 3895 4072 superiore
3938 3985 4077 4053 loco
4121 3986 4422 4055 fluebant

2469 4079 2547 4139 ut
2590 4073 2906 4140 descensu
2950 4073 3096 4158 ipso
3140 4082 3529 4157 quaererent
3571 4072 3915 4139 continuos
3959 4073 4207 4152 exitus,
4260 4083 4422 4142 tunc

2470 4160 2751 4226 stetisse.
2840 4158 2978 4226 Nec
3034 4180 3189 4225 vero
3254 4158 3525 4225 dubium
3580 4167 3713 4239 est,
3779 4159 3937 4241 quin
4002 4158 4419 4226 formidinem

2471 4246 2821 4312 incusserit
2863 4245 3242 4313 incredibile
3283 4243 3446 4310 illud
3491 4245 3934 4328 spectaculum
3953 4269 3974 4311 .·
4014 4266 4141 4329 quo
4185 4244 4422 4312 melius

2470 4339 2902 4416 agnoscerent
2944 4329 3285 4399 Israelitae
3339 4351 3412 4397 se
3463 4330 3536 4396 in
3596 4328 3813 4397 media
3873 4338 4081 4397 morte
4147 4333 4419 4398 servari.

2473 4415 2650 4498 Quid
2712 4416 2889 4482 enim
2944 4423 3088 4482 erat
3151 4416 3267 4482 illa
3322 4416 3661 4501 congeries
3717 4416 3844 4482 nisi
3904 4417 4278 4502 sepulcrum
4337 4416 4420 4484 ad

2471 4502 2876 4569 obruendam
2936 4511 3142 4568 totam
3199 4501 3716 4582 multitudinem,
3783 4503 3839 4568 si
3888 4522 4097 4587 aquae
4139 4524 4257 4587 pro
4301 4523 4421 4569 sua

2469 4596 2709 4654 natura
2728 4588 3116 4672 liquefactae
3137 4588 3398 4655 essent?
3427 4585 3503 4655 Si
3517 4587 3965 4655 ambulassent
3982 4609 4179 4672 super
4198 4609 4417 4673 aquas,

2468 4676 2690 4759 pontis
2720 4674 2864 4742 vice
2897 4673 3132 4742 fuisset
3160 4673 3292 4741 illis
3327 4674 3509 4740 fides.
3556 4675 3748 4741 Nunc
3779 4694 3939 4741 vero
3976 4674 4133 4739 dum
4169 4674 4422 4758 impen-

2472 4760 2632 4827 dent
2662 4780 2981 4845 aquarum
3017 4766 3277 4828 montes
3312 4780 3537 4826 eorum
3564 4760 3886 4846 capitibus
3914 4758 4187 4845 perinde
4212 4768 4314 4826 est
4341 4780 4417 4828 ac

2468 4846 2528 4913 si
2556 4847 2677 4912 sub
2705 4847 2890 4930 aquis
2922 4847 3286 4931 reperirent
3313 4867 3592 4914 vacuum
3616 4858 3680 4913 et
3700 4846 3973 4931 planum
3995 4846 4139 4913 iter.
4189 4845 4420 4931 Desig-

2468 4940 2668 4998 natur
2707 4932 2887 4999 locus
2929 4933 3103 4999 inter
3140 4931 3301 5000 duas
3343 4932 3557 5011 urbes,
3604 4954 3692 4999 ne
3741 4952 4028 5017 unquam
4064 4929 4419 5000 intercidat

2467 5019 2818 5085 memoria:
2856 5019 3046 5085 sicuti
3082 5018 3280 5085 etiam
3317 5019 3528 5085 voluit
3559 5018 3695 5086 illic
3717 5018 3902 5084 Deus
3933 5016 4184 5100 lapides
4214 5018 4418 5084 statui

2467 5106 2539 5171 in
2595 5111 2987 5191 perpetuum
3035 5113 3555 5184 monumentum,
3648 5124 3734 5170 uo
3780 5101 4058 5170 saeculis
4114 5104 4419 5170 omnibus

2468 5200 2608 5257 tam
2629 5189 3035 5276 praeclarum
3051 5192 3439 5260 beneficium
3462 5211 3590 5275 apu
3652 5197 3944 5274 posteros
3956 5188 4419 5256 celebraretur.

2643 5380 2699 5449 1)
2739 5378 2812 5437 In
2845 5381 3091 5451 margine
3147 5379 3476 5451 praeparati.
3583 5422 3589 5429 .
3935 5462 4012 5517 29
