5017 6142
543 404 667 471 135

540 591 675 658 Hic
721 610 876 657 vero
919 590 1168 657 multae
1214 591 1626 674 quaestiones
1670 587 2007 652 oriuntur:
2059 598 2175 652 eur
2219 583 2491 651 dimidia

545 686 806 742 tantum
873 697 1025 759 pars
1091 676 1496 743 sacerdotum
1564 682 1938 738 consecrata
2003 673 2231 752 fuerit,
2301 691 2377 736 ac
2434 673 2487 736 si

544 764 720 828 latus
764 761 1103 827 sinistrum
1150 763 1471 845 pollutum
1533 766 1863 824 maneret:
1918 779 2035 824 cur
2094 758 2490 823 consecratio

547 869 683 914 non
729 848 930 913 fuerit
973 850 1336 914 eommunis
1381 845 1605 923 oeulis,
1642 845 1926 908 maxime
1964 864 2123 909 vero
2159 844 2273 923 ori,
2320 842 2491 926 quod

546 934 842 999 futurum
902 948 1044 999 erat
1097 933 1367 1016 spiritus
1422 931 1633 997 sancti
1691 951 2029 1014 organum.
2131 930 2335 1012 Atqui
2394 939 2492 994 te-

548 1017 768 1084 nenda
812 1028 912 1084 est
957 1018 1349 1100 admonitio,
1407 1017 1620 1084 sobrie
1678 1015 2064 1101 sapiendum
2111 1036 2252 1080 esse
2296 1016 2364 1079 in
2409 1015 2492 1080 iis

551 1105 748 1170 rebus
806 1125 1082 1188 quarum
1142 1115 1322 1171 certa
1374 1125 1502 1169 non
1567 1111 1787 1186 potest
1851 1102 1997 1166 elici
2063 1102 2342 1185 cognitio
2410 1121 2493 1165 ex

546 1192 919 1275 seripturis:
1000 1212 1120 1255 nee
1186 1190 1454 1255 frivolae
1522 1189 1747 1267 modo,
1835 1187 1949 1253 sed
2015 1207 2362 1270 perversae
2429 1196 2495 1251 et

550 1278 788 1342 noxiae
849 1276 1243 1341 curiositatis
1305 1297 1475 1351 esse,
1539 1275 1685 1358 plus
1748 1284 2053 1357 appetere
2099 1273 2493 1356 cognitionis

547 1383 743 1446 quam
789 1360 971 1426 Deus
1016 1363 1340 1445 patefecit.
1432 1360 1800 1425 Probabilis
1846 1371 2065 1423 tamen
2123 1359 2492 1423 coniectura

549 1458 647 1514 est
682 1449 749 1512 in
775 1446 1004 1512 dextro
1031 1449 1233 1513 latere
1271 1460 1479 1512 totum
1519 1467 1750 1529 corpus
1786 1446 1985 1509 fuisse
2021 1454 2488 1510 consecratum.

545 1533 692 1599 Iam
737 1554 853 1616 per
895 1554 1132 1599 manus
1189 1544 1254 1598 et
1312 1534 1507 1616 pedes
1566 1531 1718 1596 alibi
1780 1531 2061 1595 vidimus
2123 1541 2326 1594 totam
2372 1530 2489 1595 ho·

546 1620 798 1683 minum
844 1621 1046 1683 vitam
1094 1641 1243 1685 eum
1290 1620 1425 1683 suis
1484 1616 1843 1683 actionibus
1905 1617 2253 1700 designari.
2344 1615 2492 1696 Quo

543 1726 743 1772 sensu
788 1705 996 1770 cordis
1042 1706 1391 1769 mundities
1436 1712 1503 1768 et
1539 1724 1850 1768 manuum
1895 1703 2150 1785 puritas
2200 1723 2491 1784 compre·

547 1790 852 1856 hendunt
895 1790 1202 1874 quidquid
1251 1802 1350 1856 est
1396 1790 1670 1853 interius
1717 1788 1819 1853 vel
1865 1798 2211 1852 externum
2259 1790 2327 1851 in
2374 1788 2489 1852 ho-

546 1878 742 1955 mine,
792 1879 972 1959 quasi
1021 1876 1302 1941 radicem
1342 1889 1406 1940 et
1441 1877 1710 1941 fruetus.
1780 1873 2113 1955 Quantum
2153 1874 2233 1938 ad
2271 1872 2488 1956 pedes,

522 1962 701 2027 'nota
745 1977 843 2027 est
879 1961 1248 2026 ambulandi
1290 1959 1686 2043 metaphora,
1732 1970 1796 2024 et
1831 1959 2028 2042 pedes
2065 1960 2371 2023 dicuntur
2409 1960 2488 2023 ad

548 2049 799 2113 malum
845 2069 1126 2126 currere,
1173 2070 1245 2113 ae
1292 2047 1543 2112 veloces
1590 2067 1730 2111 esse
1775 2046 1855 2110 ad
1902 2044 2309 2109 fundendum
2346 2066 2492 2109 san-

546 2136 837 2218 guinem,
894 2134 1008 2197 ubi
1066 2135 1341 2216 improbi
1390 2143 1455 2197 et
1500 2134 1624 2196 Dei
1671 2131 2156 2215 contemptores
2199 2153 2269 2195 se
2315 2151 2491 2196 com-

547 2230 788 2304 parant
831 2219 911 2282 ad
958 2220 1343 2284 nocendum.
1435 2219 1641 2283 Porro
1686 2218 1839 2299 quia
1883 2218 2282 2282 consecratio
2331 2216 2491 2281 haec

549 2328 677 2371 non
724 2305 803 2369 ad
852 2305 1143 2381 docendi,
1191 2305 1303 2370 sed
1350 2304 1432 2369 ad
1476 2302 1923 2367 intercedendi
1959 2324 2201 2367 munus
2244 2312 2492 2386 specta-

546 2392 686 2470 bat,
748 2392 923 2455 auris
979 2393 1195 2475 potius
1256 2411 1449 2473 quam
1516 2390 1745 2472 lingua
1807 2388 2088 2472 tingitur
2148 2389 2488 2471 sanguine,

547 2478 700 2561 quia
758 2477 1092 2560 potissima
1153 2477 1363 2540 virtus
1418 2497 1580 2558 quae
1627 2474 1906 2558 gratiam
1952 2475 2251 2538 conciliat
2295 2476 2490 2539 sacri-

546 2563 711 2627 fieiis
778 2572 881 2627 est
947 2561 1330 2627 obedientia.
1444 2561 1594 2643 Quo
1657 2562 1941 2644 pertinet
2009 2560 2171 2625 illud
2238 2559 2489 2624 Psalmi

547 2647 689 2735 (40,
760 2647 843 2734 7),
909 2648 1307 2714 sacrificium
1375 2657 1441 2712 et
1504 2646 1743 2711 oblatio
1812 2645 1925 2709 tibi
1992 2668 2123 2711 non
2202 2647 2484 2729 placent,

546 2756 769 2799 aurem
817 2755 970 2798 vero
1016 2735 1358 2816 perforasti
1403 2732 1584 2797 mihi.
1677 2731 1798 2798 Oui
1847 2732 2242 2813 respondent
2287 2732 2487 2796 verba

553 2820 864 2885 [eremias
908 2818 992 2906 (7,
1040 2818 1185 2905 21):
1230 2819 1340 2884 An
1377 2817 1685 2882 mandavi
1722 2817 2073 2901 quidquam
2119 2818 2196 2882 de
2242 2819 2486 2882 sacrifi·

548 2907 695 2986 ciis,
755 2927 829 2970 ae
884 2927 1013 2970 non
1059 2906 1279 2988 potius
1334 2913 1412 2970 ut
1454 2904 1791 2969 obedirent-
1835 2912 2053 2987 patres
2095 2904 2298 2969 vestri
2343 2904 2486 2969 voci

549 2991 780 3056 meae?
830 2992 920 3056 Et
962 2991 1107 3056 ideo
1148 2990 1699 3057 consecrationem
1746 2989 1826 3054 ab
1873 3010 2030 3055 aure
2072 3011 2345 3054 exorsus
2388 2997 2487 3055 est

549 3077 809 3156 Moses,
856 3087 928 3142 ut
972 3077 1375 3143 sacerdotem
1414 3075 1555 3141 Deo
1601 3074 1929 3141 addiceret
1977 3076 2043 3140 in
2088 3076 2485 3157 obsequium.

547 3162 629 3229 Id
688 3185 843 3230 vero
902 3165 971 3228 in
1021 3162 1291 3231 Christo
1353 3162 1547 3227 fuisse
1604 3162 1942 3244 impletum
2004 3161 2191 3227 docet
2233 3161 2488 3227 Paulus

549 3250 984 3316 obedientiam
1045 3252 1117 3313 in
1165 3249 1482 3315 sacrificio
1544 3248 1769 3313 mortis
1829 3249 1973 3312 eius
2028 3247 2489 3312 commendans

551 3345 625 3401 ut
665 3345 914 3420 patrem
962 3336 1147 3400 nobis
1190 3337 1482 3418 placaret
1524 3332 1743 3419 (Rom.
1788 3334 1848 3413 5,
1897 3331 2025 3419 19).
2115 3332 2217 3397 De
2275 3333 2488 3415 speeie

550 3421 924 3505 agitationis
970 3441 1162 3503 quam
1210 3421 1532 3486 vocabant
1574 3421 1870 3503 Tnupha,
1917 3420 2073 3485 alibi
2117 3418 2421 3484 diximus.

721 3506 823 3572 31.
875 3505 1130 3587 Coquite
1171 3526 1441 3572 carnem.
1514 3506 1654 3570 Hoc
1698 3518 1796 3570 est
1963 3516 2279 3590 perpetua
2324 3505 2487 3588 lege,

549 3600 624 3657 ut
668 3592 820 3658 alibi
862 3592 1167 3657 vidimus.
1236 3592 1461 3658 Unum
1506 3601 1604 3655 est
1648 3593 1941 3673 speciae,
1989 3591 2157 3674 quod
2202 3592 2382 3655 Deus
2417 3591 2489 3654 in

548 3680 916 3743 sanctuario
959 3700 1068 3743 eos
1113 3679 1384 3742 retinuit
1428 3687 1676 3760 septem
1722 3677 1980 3755 diebus,
2049 3687 2122 3740 ut
2166 3676 2489 3741 discerent

549 3765 748 3829 saeris
794 3764 1181 3846 posthabere
1226 3784 1415 3829 curas
1461 3784 1684 3827 omnes
1732 3762 2147 3838 domesticas,
2195 3776 2487 3827 terrena·

551 3871 675 3932 que
721 3851 1001 3935 negotia.
1094 3849 1271 3915 Alibi
1334 3848 1575 3914 dictum
1634 3849 1792 3924 fuit,
1847 3847 2303 3930 perfectionem
2366 3847 2489 3913 sub

550 3956 824 4000 numero
860 3937 1230 4018 septenario
1268 3935 1516 3999 notari:
1564 3934 1731 4017 quod
1771 3934 1967 3997 etiam
2005 3934 2346 3998 confirmat
2383 3934 2490 3998 hie

548 4021 755 4086 locus:
805 4022 957 4104 quia
1001 4042 1119 4104 per
1163 4032 1409 4103 septem
1457 4020 1593 4084 dies
1637 4019 1953 4083 admoniti
1993 4019 2262 4084 fuerunt
2306 4040 2376 4085 se
2422 4021 2490 4084 in

552 4115 754 4172 totam
801 4110 1007 4172 vitam
1052 4108 1254 4171 factos
1301 4127 1441 4171 esse
1487 4106 1679 4170 alieni
1725 4106 1907 4169 iuris.

1108 4448 1411 4515 LEVIT.
1462 4446 1763 4513 CAPUT
1806 4446 1931 4512 IX.

726 4622 783 4686 1.
832 4619 1097 4687 Factum
1138 4624 1227 4684 est
1268 4620 1370 4683 die
1415 4623 1637 4695 octavo,
1684 4622 1751 4682 ut
1792 4624 2035 4684 vocaret
2079 4619 2286 4688 Moses
2309 4620 2490 4686 Aba·

551 4729 684 4785 ron,
731 4712 785 4771 et
824 4706 992 4788 filios
1033 4706 1186 4781 eius,
1230 4709 1287 4768 et
1322 4706 1596 4770 seniores
1639 4703 1861 4769 Israel.
1954 4704 2012 4769 2.
2055 4705 2363 4788 Dixitque
2404 4709 2492 4773 ad

552 4794 857 4859 Abaron:
908 4791 1076 4855 Tolle
1108 4790 1218 4853 tibi
1252 4790 1517 4854 vitulum
1548 4791 1755 4871 filium
1791 4790 1962 4855 bovis
1996 4791 2067 4854 iu
2108 4792 2491 4872 sacrificium

539 4901 666 4961 pro
700 4881 973 4962 peccate,
1032 4881 1087 4939 et
1143 4876 1395 4939 arietem
1452 4878 1520 4940 in
1577 4877 1997 4942 holocaustum
2014 4927 2028 4953 ,
2087 4878 2379 4959 inteyros,
2438 4885 2494 4945 et

552 4966 703 5048 offer
742 4981 951 5029 coram
987 4959 1232 5025 Ielzova.
1298 4962 1356 5026 3.
1404 4962 1515 5027 Ad
1553 4962 1719 5043 filios
1761 4983 1902 5028 vero
1949 4963 2157 5027 Israel
2201 4964 2488 5044 loqueris,

551 5050 837 5117 dicendo.-
901 5046 1121 5111 Tollite
1162 5046 1406 5111 hircum
1447 5069 1785 5131 caprarum
1827 5049 1897 5113 in
1938 5049 2320 5130 sacrificium
2364 5072 2491 5133 pro

542 5137 809 5218 peccato,
854 5135 908 5196 et
948 5134 1244 5210 vitulum,
1291 5138 1344 5197 et
1387 5155 1615 5217 aqnum
1635 5185 1649 5207 .
1695 5135 2022 5199 anniculos
2064 5135 2490 5202 immaculatos

552 5224 620 5286 iu
663 5217 1091 5284 holocaustum.
1180 5218 1241 5283 4.
1290 5219 1522 5285 Bovem
1564 5241 1797 5303 quoque
1839 5225 1894 5285 et
1936 5222 2193 5286 arietem
2225 5243 2347 5303 pro
2387 5243 2489 5288 sa-

549 5304 784 5386 crificio
816 5307 1324 5388 prosperitatum,
1369 5312 1436 5371 ut
1477 5306 1845 5387 sacrificetis
1885 5327 2092 5373 coram
2136 5306 2387 5388 Iebova,
2431 5315 2487 5374 et

1905 399 2313 468 REDIOEUS
2359 400 2491 467 AD
2532 400 3076 469 HISTORIAM.

4416 399 4541 465 136

2592 587 2874 653 minbam
2913 606 3306 668 conspersam
3350 587 3505 655 oleo.-
3548 589 3703 671 quia
3744 588 3925 656 hodie
3947 589 4177 656 Iebova
4211 587 4542 669 apparebit

2591 674 2778 741 vobis.
2844 673 2902 739 5.
2957 674 3262 739 Tulerunt
3293 694 3432 757 erqo
3467 694 3624 757 quae
3654 680 4065 757 praeceperat
4090 674 4298 740 Moses
4330 694 4539 739 coram

2592 760 2979 825 tabernaculo
3019 760 3448 839 conventionis,
3490 765 3545 825 et
3587 764 3841 827 accessit
3881 767 4039 827 totus
4073 766 4287 838 coetus,
4331 765 4390 825 et
4420 765 4537 826 ste-

2591 850 2794 910 terunt
2834 865 3044 910 coram
3087 844 3333 910 lebova.
3424 846 3483 911 6.
3546 846 3721 912 Tunc
3775 848 3945 913 dixit
3988 847 4226 912 Moses.-
4271 846 4406 912 Hoc
4447 850 4539 912 est

2594 932 2842 996 verbum
2896 931 3059 1014 quod
3109 932 3433 1012 praecepit
3485 931 3746 1012 Ielzova,
3808 933 4024 1016 facite,
4091 937 4146 998 et
4207 931 4537 1014 apparebit

2593 1017 2761 1083 vobis
2796 1016 2997 1101 qloria
3028 1016 3301 1083 Iebovae.
3362 1017 3421 1081 7.
3466 1018 3576 1083 Ad
3622 1017 3889 1086 Abaron
3929 1038 4070 1084 vero
4112 1019 4274 1082 dixit
4309 1018 4538 1098 Moses,

2597 1104 2831 1167 Accede
2875 1104 2961 1169 ad
2995 1103 3212 1180 altare,
3257 1108 3313 1168 et
3351 1103 3457 1185 fac
3491 1104 3852 1170 oblationem
3882 1125 4010 1185 pro
4041 1109 4291 1185 peccato
4323 1108 4443 1181 tuo,
4480 1107 4538 1168 et

2595 1188 3020 1254 holocaustum
3072 1194 3251 1254 tuum
3266 1239 3281 1268 ,
3346 1194 3401 1254 et
3455 1190 3867 1269 ezpiationem
3919 1190 4026 1273 fac
4060 1210 4183 1271 pro
4228 1195 4283 1255 te
4325 1195 4382 1253 et
4414 1208 4537 1270 pro

2587 1276 2855 1356 populo:
2889 1274 2996 1356 fac
3038 1275 3227 1339 etiam
3270 1273 3631 1339 oblationem
3662 1276 3919 1357 populi,
3977 1276 4083 1358 fac
4125 1276 4537 1358 expiationem

2583 1381 2709 1443 pro
2751 1361 2857 1438 cis,
2903 1360 3419 1441 quemadmodum
3448 1364 3773 1445 praecepit
3815 1362 4062 1426 Iebova.
4152 1362 4210 1427 8.
4256 1360 4539 1427 Accessit

2593 1448 2806 1527 itaque
2848 1446 3113 1511 Almo-on
3155 1446 3240 1512 ad
3283 1448 3481 1512 altare
3499 1496 3514 1522 ‚
3571 1453 3628 1511 et
3680 1448 3971 1513 mactavit
4027 1448 4289 1512 vitulum
4328 1467 4532 1525 suum,

2595 1531 2953 1597 oblationem
2991 1552 3112 1612 pro
3143 1538 3408 1613 peccato.
3489 1533 3548 1598 9.
3594 1533 3684 1598 Et
3724 1533 4063 1599 obtulerunt
4099 1533 4229 1615 lilii
4269 1532 4537 1601 Aharon

2594 1620 2652 1683 ei
2695 1619 3081 1701 sanquinem,
3125 1618 3234 1699 qui
3274 1619 3460 1683 tinxit
3493 1619 3758 1703 diqitum
3792 1640 3974 1684 suum
4009 1620 4079 1684 iu
4112 1621 4433 1702 sanquine,
4480 1623 4539 1683 et

2582 1705 2804 1784 posuit
2843 1724 3035 1784 super
3075 1723 3307 1768 cornua
3342 1705 3585 1781 altaris,
3630 1706 3957 1770 residuum
3990 1726 4131 1770 vero
4163 1706 4537 1788 sanquinem

2591 1790 2763 1872 fudit
2807 1790 2892 1854 ad
2933 1789 3135 1854 basim
3178 1790 3421 1856 altaris
3515 1790 3614 1855 10.
3662 1791 3940 1871 Adipem
3995 1795 4201 1855 autem
4242 1797 4298 1857 et
4338 1810 4535 1866 renes,

2597 1882 2650 1939 et
2691 1875 2912 1957 fibram
2957 1876 3207 1955 iecoris,
3265 1876 3499 1942 hostiae
3541 1897 3666 1958 pro
3699 1881 3945 1958 peccato
3961 1927 3978 1957 ‚
4038 1877 4302 1942 adolevit
4343 1895 4536 1959 super

2597 1963 2795 2027 altare
2817 2012 2832 2037 ,
2933 1962 3451 2042 quemadmodum
3535 1968 3939 2043 praeceperat
4020 1961 4254 2027 Iehova
4341 1962 4534 2027 Mosi.

2598 2048 2697 2112 11.
2739 2046 3007 2113 Carnem
3043 2068 3184 2113 vero
3218 2053 3275 2112 et
3295 2046 3525 2128 pellem
3559 2049 3696 2130 iqui
3728 2048 4058 2114 combussit
4090 2053 4269 2113 extra
4303 2052 4530 2113 castra.

2599 2135 2698 2199 12.
2747 2132 3052 2198 Mactavit
3095 2138 3153 2198 et
3192 2133 3458 2198 hostiam
3490 2154 3613 2214 pro
3655 2133 4029 2211 holocausto,
4088 2139 4144 2198 et
4195 2133 4536 2199 obtulerunt

2589 2220 2717 2300 filii
2761 2219 3026 2317 Abaron
3066 2221 3126 2284 ei
3169 2220 3566 2302 samaim,
3609 2240 3786 2300 quem
3828 2220 4069 2299 sparsit
4109 2239 4298 2318 super
4335 2220 4536 2285 altare

2586 2326 2705 2456 ἕξ
2726 2310 3154 2473 ἵαξῖἔᾞὲ.
3168 2305 3303 2466 ,Ῑῗι
3324 2305 4047 2472 immas?
4066 2304 4538 2488 3103?ssssssss

2597 2478 2695 2541 14.
2746 2476 2986 2541 Deinde
3027 2476 3179 2542 lavit
3221 2477 3514 2542 intestina
3570 2482 3624 2541 et
3680 2497 3868 2542 crura
3883 2528 3899 2555 ,
3963 2481 4019 2541 et
4070 2477 4336 2542 adolevit
4391 2497 4532 2542 cum

2593 2563 2942 2628 holocausto
3004 2583 3193 2644 super
3255 2563 3474 2628 altare.
3584 2562 3682 2627 15.
3755 2562 3985 2628 Obtulit
4048 2568 4103 2627 et
4165 2563 4532 2628 oblationem

2582 2649 2825 2731 populi,
2867 2648 3127 2729 tulitque
3169 2649 3412 2714 hircum
3454 2648 3779 2715 oblationis
3806 2668 3931 2729 pro
3962 2653 4210 2730 peccato
4252 2650 4364 2730 qui
4395 2653 4532 2714 erat

2581 2734 2839 2816 populi:
2881 2736 3293 2817 mactavitque
3334 2755 3490 2809 eum,
3537 2740 3594 2799 et
3623 2756 3748 2816 pro
3781 2739 4029 2815 peccato
4072 2733 4288 2799 obtulit
4318 2736 4530 2816 ipsum

2591 2822 2750 2887 sicut
2797 2821 3104 2903 primum.
3211 2821 3311 2886 16.
3378 2818 3607 2885 Obtulit
3671 2840 3906 2902 quoque
3967 2819 4416 2897 holocaustum,
4475 2825 4533 2885 et

2592 2908 2933 2987 apparavit
2975 2906 3135 2971 illud
3185 2907 3522 2973 secundum
3564 2907 4044 2989 praescriptum.
4137 2906 4236 2970 17.
4302 2906 4533 2972 Obtulit

2594 2997 2650 3056 et
2713 2991 3025 3066 minbam,
3093 2993 3485 3074 implevitque
3536 3012 3798 3057 manum
3861 3011 4048 3058 suam
4111 3012 4187 3057 ex
4242 2993 4417 3076 ipsa,
4475 2996 4531 3057 et

2593 3077 2855 3142 adolevit
2892 3098 3084 3160 super
3124 3080 3349 3157 altare,
3381 3083 3633 3159 praeter
3674 3078 4090 3144 holocaustum
4130 3080 4527 3144 matutinum.

2597 3163 2696 3229 18.
2745 3163 3046 3230 Mactavit
3088 3165 3345 3246 insuper
3386 3164 3589 3229 bovem
3633 3169 3689 3228 et
3731 3165 3988 3229 arietem
4033 3166 4101 3228 in
4150 3165 4531 3246 sacrificium

2583 3248 2996 3333 pacificorum
3020 3247 3066 3334 ¹)
3128 3250 3296 3332 quod
3360 3255 3494 3315 erat
3545 3250 3803 3333 populi.-
3880 3254 3934 3314 et
3995 3250 4342 3315 obtulerunt
4401 3250 4532 3331 filii

2592 3334 2860 3399 Abaron
2913 3337 3284 3415 sanquinem
3298 3387 3314 3415 ,
3380 3356 3557 3417 quem
3606 3336 3847 3417 sparsit
3907 3356 4098 3416 super
4162 3338 4359 3402 altare
4411 3356 4532 3418 per

2591 3423 2938 3487 circuitum.
3031 3422 3129 3487 19.
3176 3421 3263 3486 Et
3303 3422 3522 3502 adipes
3564 3422 3732 3487 bovis
3772 3427 3827 3486 et
3868 3422 4118 3500 arietis,
4164 3423 4434 3488 caudam
4476 3427 4532 3487 et

2592 3508 2838 3588 adipem
2873 3507 2986 3589 qui
3029 3509 3225 3587 operit
3265 3508 3558 3573 intestina
3601 3514 3653 3572 et
3695 3527 3893 3587 renes,
3936 3513 3991 3572 et
4021 3506 4252 3587 fibram
4287 3508 4525 3573 iecoris.

2590 3594 2693 3658 20.
2747 3592 3216 3675 Posueruntque
3260 3593 3480 3673 adipes
3520 3613 3711 3675 super
3741 3594 4126 3674 pectuscula,
4178 3599 4232 3659 et
4269 3594 4532 3660 adolevit

2589 3681 2812 3761 adipes
2853 3698 3046 3759 super
3088 3681 3299 3743 altare.
3389 3678 3491 3744 21.
3558 3678 3924 3745 Pectuscula
3975 3700 4116 3744 vero
4171 3684 4225 3745 et
4281 3700 4532 3745 amum

2590 3766 2878 3830 dextrum
2946 3766 3205 3847 aqitavit
3270 3765 3537 3831 Aharon
3601 3786 3640 3829 a
3697 3766 3939 3830 ‘tatione
4001 3785 4209 3830 coram
4275 3765 4528 3844 Iebova,

2592 3851 3106 3934 quemadmodum
3135 3856 3539 3932 praeceperat
3559 3851 3633 3915 Ie
3654 3871 3789 3916 cova
3815 3850 4003 3916 Mosi.
4050 3851 4154 3917 22.
4207 3851 4360 3917 Post
4379 3852 4531 3918 baec

2593 3937 2848 4003 elevavit
2884 3936 3150 4001 Abaron
3192 3957 3452 4001 manum
3493 3956 3677 4003 suam
3715 3937 3800 4002 ad
3835 3937 4152 4018 populum,
4197 3938 4532 4004 benedixit-

2594 4043 2710 4105 que
2745 4024 2853 4103 eis,
2896 4027 2952 4086 et
2985 4022 3292 4087 descendit
3324 4044 3367 4087 a
3396 4022 3682 4103 faciendo
3716 4022 4075 4088 oblationem
4103 4043 4229 4103 pro
4259 4030 4528 4104 peccato,

2594 4113 2651 4174 et
2691 4108 3143 4188 holocaustum,
3189 4113 3244 4173 et
3285 4108 3667 4189 sacrificium
3696 4111 4204 4190 prosperitatum.
4293 4110 4396 4176 23.
4446 4110 4533 4175 Et

2594 4195 2757 4259 venit
2802 4192 3012 4259 Moses
3051 4199 3107 4259 et
3150 4193 3412 4259 Abaron
3456 4196 3542 4260 ad
3582 4194 4042 4259 tabernaculum
4097 4198 4530 4275 conventionis,

2595 4286 2651 4344 ct
2690 4280 2920 4364 eyressi
2973 4285 3145 4353 sunt,
3201 4284 3258 4344 et
3313 4280 3749 4345 benedixerunt
3799 4280 4059 4361 populo:
4119 4285 4175 4344 et
4228 4284 4534 4364 apparuit

2591 4365 2797 4450 qloria
2844 4365 3107 4431 Iebovae
3149 4367 3256 4431 toti
3288 4367 3543 4447 populo.
3608 4366 3710 4430 24.
3756 4366 4190 4449 Eqressusque
4230 4374 4323 4433 est
4361 4369 4533 4452 iqnis

2595 4473 2636 4516 a
2677 4451 2841 4534 facie
2884 4451 3176 4529 Iehovae,
3240 4457 3297 4516 et
3349 4454 3729 4535 consumpsit
3780 4473 3970 4535 super
4012 4453 4213 4519 altare
4254 4454 4534 4520 holocau-

2529 4538 2534 4544 ’
2593 4543 2757 4601 stwn
2799 4542 2855 4603 et
2896 4537 3147 4617 adipes.-
3198 4538 3359 4618 quod
3413 4540 3631 4604 videus
3672 4539 4005 4604 universus
4037 4540 4351 4621 populus,
4395 4541 4533 4606 lau-

2594 4624 2913 4702 daverunt,
2956 4628 3013 4688 et
3048 4624 3394 4689 ceciderunt
3433 4644 3623 4708 super
3661 4624 3858 4707 facies
3896 4645 4073 4691 suas.

2768 4795 2824 4859 1.
2866 4793 3132 4861 Factum
3164 4799 3255 4861 est
3286 4796 3386 4861 die
3422 4802 3645 4863 octavo,
3706 4797 3835 4860 Hic
3874 4805 4176 4862 narratur
4212 4798 4532 4880 quomodo

2593 4880 2865 4947 Aharon
2912 4902 3059 4945 cum
3106 4881 3243 4946 suis
3304 4882 3455 4947 filiis
3508 4893 3655 4965 post
3708 4883 3963 4947 finitum
4026 4886 4532 4952 consecrationis

2594 4976 2866 5050 tempuS,
2909 4988 3145 5031 munus
3189 4988 3383 5033 suum
3430 4968 3695 5050 exsequi
3741 4969 4047 5050 coeperit.
4116 4968 4532 5054 Discipulum

2593 5054 2764 5116 enim
2826 5054 3050 5119 fratris
3115 5074 3258 5123 esse
3313 5055 3635 5137 oportuit,
3705 5062 3778 5118 ut
3831 5055 4233 5138 propositum
4298 5080 4335 5122 a
4392 5058 4533 5123 Deo

2593 5140 2927 5222 exemplar
2993 5141 3380 5206 imitaretur.
3482 5141 3570 5205 Et
3642 5141 3958 5205 memoria
4017 5143 4373 5208 tenendum
4434 5155 4534 5211 est

2763 5328 2821 5397 1)
2857 5329 2926 5382 In
2963 5333 3161 5386 erratis
3197 5331 3276 5385 ed.
3311 5328 3584 5399 principis
3618 5328 4052 5383 commendatur.-
4085 5336 4531 5400 prosperitatum.
