5017 6142
551 424 677 492 387

552 615 750 701 geniti
803 614 973 682 bovis
1028 614 1165 680 eius
1215 613 1393 681 decor
1447 615 1570 681 erit
1624 616 1715 694 ei,
1781 617 1838 680 et
1892 631 2129 682 cornua
2178 612 2501 679 unicornis

556 719 790 769 cornua
841 700 1011 766 eius:
1063 700 1227 783 ipsis
1261 699 1521 784 populos
1563 704 1906 783 munte:
1945 698 2138 766 simul
2176 719 2373 782 usque
2415 698 2503 764 ad

1296 785 1444 853 haec
1483 791 1633 853 sunt
1674 787 1875 854 decem
1916 785 2127 852 millia
2166 779 2502 867 Ephraim,

1190 891 1392 938 nasse.

553 785 714 869 fines
752 790 971 852 terrae.
1051 787 1115 851 A

553 877 611 939 et
650 872 778 939 ista
819 871 1027 938 millia

732 1043 792 1110 8.
848 1042 959 1109 Λᾶ
1011 1041 1168 1107 Levi
1229 1062 1373 1108 vero
1426 1042 1608 1109 dixit.
1705 1041 1890 1107 Haec
1946 1040 2336 1121 moderatio,
2397 1041 2500 1108 vel

556 1130 873 1197 correctio
915 1126 1266 1212 asperioris
1309 1128 1671 1194 sententiae
1712 1126 1939 1207 Iacob,
2008 1147 2141 1192 non
2198 1125 2387 1193 modo
2429 1126 2501 1192 in

556 1215 840 1301 gratiam
886 1213 1092 1280 tribus
1137 1213 1437 1280 leviticae
1473 1215 1683 1297 posita
1716 1214 1859 1291 fuit,
1904 1211 2021 1278 sed
2056 1214 2265 1297 magis
2302 1212 2502 1279 totius

558 1322 640 1385 po
689 1300 801 1366 uli.
890 1299 1172 1365 Dixerat
1214 1297 1442 1367 Iacob:
1503 1299 1776 1365 Simeon
1820 1306 1887 1363 et
1928 1298 2101 1365 Levi
2147 1319 2332 1364 arma
2375 1298 2501 1363 ini-

556 1386 827 1471 quitatis
860 1385 929 1449 in
964 1383 1473 1451 habitationibus
1508 1405 1751 1462 eorum,
1788 1385 1856 1448 in
1893 1382 2238 1451 concilium
2275 1405 2501 1450 eorum

556 1492 686 1537 non
733 1471 957 1537 veniat
1000 1471 1219 1535 anima
1255 1490 1417 1550 mea,
1464 1492 1583 1536 nec
1618 1470 1685 1534 in
1721 1477 1972 1536 coetum
2012 1490 2233 1536 eorum
2271 1469 2503 1554 lingua

555 1576 720 1623 mea.
810 1555 1008 1622 Certe
1053 1553 1394 1621 concidere
1438 1566 1744 1640 poterant
1788 1555 2023 1621 animis
2067 1557 2326 1639 posteri,
2371 1555 2500 1621 sal-

555 1654 690 1708 tem
734 1642 806 1707 in
855 1641 1035 1707 nullo
1080 1641 1289 1724 pretio
1332 1642 1538 1708 habiti
1583 1641 1887 1721 fuissent,
1945 1662 2104 1725 quos
2161 1650 2500 1725 tantopere

556 1729 916 1794 detestatus
951 1727 1165 1793 fuerat
1200 1726 1589 1811 patriarcha,
1623 1736 1692 1792 et
1726 1736 1915 1792 autor
1948 1728 2225 1811 generis.
2302 1727 2499 1810 Atqui

556 1814 799 1880 tribum
846 1812 1023 1878 illam
1069 1811 1193 1878 sibi
1239 1821 1463 1897 postea
1506 1812 1912 1879 consecravit
1956 1814 2171 1891 Deus,
2229 1822 2304 1878 ut
2346 1812 2501 1878 inde

557 1898 871 1966 sanctitas
915 1897 1231 1963 deflueret
1283 1896 1365 1963 ad
1424 1897 1587 1964 alias
1643 1897 1881 1963 tribus:
1941 1898 2109 1982 quod
2166 1899 2304 1964 fieri
2365 1919 2499 1964 non

560 1992 818 2069 poterat
860 1984 985 2049 nisi
1031 1982 1240 2049 deleto
1283 1983 1617 2067 superiore
1660 1985 1914 2067 probro.
2005 1984 2211 2049 Porro
2255 1984 2311 2050 si
2354 1985 2500 2068 quis

560 2072 813 2136 rixator
855 2069 1171 2135 obtrectet
1216 2069 1365 2137 huic
1411 2069 1876 2148 benedictioni,
1925 2091 1999 2136 ac
2042 2072 2096 2134 si
2142 2070 2385 2137 nimius
2430 2071 2499 2135 in

561 2158 850 2222 favorem
896 2175 1052 2220 suae
1099 2155 1309 2221 tribus
1353 2176 1714 2239 propensus
1759 2154 1991 2221 fuisset
2034 2155 2272 2232 Moses,
2317 2155 2501 2222 nulla

560 2243 704 2308 eius
744 2243 839 2307 rei
884 2239 1057 2325 apud
1102 2262 1253 2306 eum
1297 2241 1582 2307 residere
1625 2249 1837 2325 potest
1880 2240 2176 2325 suspicio.
2255 2241 2500 2320 Primo,

560 2329 673 2412 qui
719 2348 895 2393 nunc
936 2327 1216 2393 Levitae
1258 2336 1390 2392 tam
1436 2326 1788 2393 honorifice
1825 2327 2125 2412 appellat,
2162 2326 2333 2392 idem
2379 2327 2504 2393 fuit

560 2412 960 2498 ignominiae
998 2431 1267 2497 praeco:
1320 2433 1530 2496 neque
1589 2410 1867 2478 antehac
1908 2412 2132 2478 multis
2188 2412 2349 2479 locis
2392 2434 2503 2498 pe-

558 2499 767 2584 percit
809 2498 944 2565 suis
985 2497 1433 2583 popularibus:
1482 2498 1596 2563 sed
1640 2496 1860 2577 libere,
1949 2499 2158 2564 uoties
2195 2519 2299 2564 res
2342 2498 2503 2564 fere-

565 2587 705 2664 bat,
758 2583 1059 2650 invectus
1114 2591 1214 2650 est
1269 2584 1337 2648 in
1384 2604 1605 2649 eorum
1651 2584 1827 2649 vitia.
1984 2584 2174 2650 einde
2220 2584 2386 2649 nihil
2432 2585 2501 2648 in

558 2671 819 2736 Levitis
855 2689 1030 2735 nunc
1078 2669 1487 2735 commendat
1532 2678 1790 2753 praeter
1833 2689 2068 2735 novam
2113 2669 2501 2754 dignitatem

558 2776 753 2840 quam
790 2756 934 2821 Deo
978 2755 1312 2838 placuerat
1354 2753 1424 2817 in
1468 2756 1644 2838 ipsos
1686 2753 1999 2835 conferre,
2042 2774 2169 2838 qua
2208 2756 2276 2820 in
2316 2764 2501 2838 parte

561 2841 762 2908 etiam
807 2841 1078 2906 minime
1122 2850 1465 2924 suspectus
1508 2861 1650 2906 csse
1686 2838 1893 2922 debet,
1936 2861 2136 2923 quum
2172 2841 2327 2907 filiis
2362 2841 2502 2906 suis

557 2928 628 2993 in
674 2925 970 2991 ordinem
1013 2926 1284 3003 coactis,
1325 2925 1498 2991 solos
1543 2934 1834 3009 posteros
1878 2926 2149 2992 Aharon
2191 2926 2504 2993 extulerit

556 3014 629 3079 in
664 3032 993 3080 summum
1028 3011 1357 3077 honorem.
1438 3010 1633 3078 Nunc
1666 3012 1870 3097 igitur
1904 3033 2034 3077 non
2078 3013 2205 3079 alio
2249 3020 2501 3096 spectat

559 3119 756 3182 quam
791 3119 874 3163 ne
912 3096 1252 3162 hominum
1288 3097 1482 3181 culpa
1521 3097 1786 3164 vilescat
1819 3097 2160 3164 sacerdotii
2196 3098 2258 3164 di
2311 3099 2499 3177 nitas,

559 3186 747 3252 cuius
813 3191 1191 3267 contemptu
1257 3182 1598 3266 profanata
1664 3192 1833 3250 esset
1896 3184 2141 3269 religio.
2294 3185 2501 3250 cimus

560 3271 738 3336 enim
780 3289 977 3352 quam
1022 3268 1312 3353 proclive
1355 3268 1445 3333 sit
1488 3269 1558 3333 in
1600 3266 1942 3334 hominum
1994 3270 2291 3354 personis
2336 3270 2500 3337 arri-

608 3376 716 3420 ere
782 3354 951 3438 quod
1015 3356 1219 3421 sacris
1286 3353 1663 3420 muneribus
1718 3355 2004 3440 deroget.
2106 3355 2305 3423 Certe
2370 3355 2501 3422 nisi

558 3376 788 3506 fuisset
830 3440 997 3505 Levi
1038 3447 1355 3524 purgatus
1392 3440 1472 3506 ab
1517 3439 1628 3505 illo
1671 3440 1981 3507 dedecore
2026 3462 2155 3525 quo
2199 3462 2502 3525 aspersus

559 3524 792 3603 fuerat,
826 3526 1143 3591 caruisset
1163 3526 1340 3591 omni
1366 3526 1785 3593 veneratione
1806 3526 2270 3595 sacerdotium:
2307 3537 2504 3610 atque

561 3611 658 3676 ita
699 3610 1008 3675 minimae
1052 3611 1553 3677 existimationis
1596 3611 1823 3679 fuisset
1845 3613 1971 3678 Dei
2009 3612 2243 3680 cultus.
2310 3612 2373 3679 N
2377 3633 2502 3679 unc

567 3716 719 3761 vero
761 3695 873 3761 ubi
913 3695 1224 3760 familiam
1270 3695 1452 3760 illam
1495 3697 1620 3763 sibi
1665 3698 1851 3765 Deus
1892 3699 2274 3779 sanctificat,
2317 3697 2504 3783 quasi

563 3782 633 3847 in
698 3785 1030 3865 integrum
1095 3780 1407 3847 restituit:
1476 3782 1652 3847 unde
1706 3793 2005 3867 apparet,
2078 3784 2503 3868 temporalem

560 3865 888 3932 duntaxat
928 3865 1128 3931 fuisse
1169 3887 1471 3950 poenam:
1517 3869 1670 3951 quia
1706 3868 1879 3935 Mosi
1921 3871 2321 3953 propositum
2368 3891 2503 3935 non

560 3952 686 4017 fuit
728 3960 1081 4017 retractare
1122 3951 1294 4035 quod
1330 3953 1597 4036 spiritus
1634 3953 1996 4021 dictaverat
2026 3963 2250 4022 sancto
2285 3954 2500 4023 Iacob.

560 4037 624 4104 N
627 4056 701 4104 ec
726 4057 878 4104 vero
902 4036 1255 4121 quidquam
1280 4058 1363 4103 ex
1398 4060 1468 4105 se
1497 4038 1639 4122 ipso
1677 4039 1947 4124 protulit
1980 4041 2146 4123 ipse:
2181 4040 2294 4108 sed
2330 4040 2504 4108 idem

561 4123 833 4207 spiritus
887 4122 1340 4208 ignominiam,
1408 4145 1573 4208 quae
1636 4123 1892 4191 foedare
1947 4135 2205 4209 poterat
2261 4127 2502 4193 tribum

561 4209 753 4287 Levi,
799 4208 1001 4274 tollit:
1047 4208 1200 4292 quia
1234 4210 1495 4276 nonnisi
1532 4209 1611 4276 ad
1652 4220 1908 4295 tempus
1942 4213 2076 4276 irro
2163 4221 2231 4278 ta
2266 4212 2500 4278 fuerat.

561 4295 655 4361 Et
695 4295 827 4360 iam
862 4294 1014 4360 alibi
1052 4294 1356 4373 vidimus,
1393 4295 1564 4378 quod
1600 4295 1681 4362 de
1716 4295 1896 4362 illius
1928 4298 2085 4363 fami
2113 4297 2215 4364 iae
2252 4297 2502 4381 disper-

563 4381 749 4448 sione
796 4380 1183 4446 vaticinatus
1236 4391 1378 4447 erat
1420 4380 1646 4462 Iacob,
1705 4383 1974 4450 cessisse
2031 4384 2100 4449 in
2157 4383 2501 4450 honorem:

561 4467 717 4550 quia
738 4466 1009 4531 Levitae
1030 4465 1211 4532 Deus
1246 4466 1433 4550 quasi
1466 4468 1534 4531 in
1571 4467 1861 4534 excubiis
1894 4468 2132 4553 ubique
2167 4469 2502 4554 disposuit,

564 4562 642 4618 ut
693 4572 918 4618 eorum
984 4571 1179 4634 opera
1240 4551 1572 4618 doctrinae
1629 4554 1883 4637 puritas
1941 4554 2011 4620 in
2072 4564 2206 4621 toto
2263 4556 2503 4640 populo

565 4638 834 4724 vigeret.
938 4634 1051 4704 Sic
1117 4657 1274 4720 ergo
1337 4639 1609 4703 fuerunt
1669 4640 1952 4723 separati
2019 4650 2094 4706 ut
2156 4660 2370 4726 poena
2430 4641 2503 4708 in

563 4724 951 4791 beneficium
1020 4721 1295 4789 cederet.
1406 4723 1789 4790 Tenendum
1854 4746 2010 4811 ergo
2073 4736 2205 4792 est:
2271 4726 2504 4793 Mosen

564 4830 697 4876 non
740 4808 1100 4895 gratificari
1143 4809 1280 4875 suis
1323 4807 1665 4875 fratribus:
1716 4810 1831 4876 sed
1873 4811 2228 4879 honorifice
2271 4812 2351 4880 de
2398 4834 2505 4880 sa-

563 4895 849 4963 cerdotio
891 4894 1101 4979 loqui,
1160 4915 1244 4962 ne
1296 4895 1814 4978 contemptibiles
1856 4906 2074 4964 essent
2116 4919 2278 4982 quos
2321 4899 2507 4966 Deus

566 4982 898 5048 ministros
942 4981 1244 5066 elegerat.
1335 4980 1425 5046 Et
1467 4990 1641 5047 certe
1697 4985 2014 5067 posterior
2056 4986 2270 5070 gratia
2313 5006 2506 5053 voca-

566 5068 765 5133 tionis
810 5078 1031 5152 tegere
1075 5065 1300 5132 debuit
1342 5066 1696 5149 superioris
1736 5066 2046 5136 infamiae
2103 5071 2503 5138 memoriam.

566 5153 651 5218 In
728 5152 906 5219 hunc
986 5150 1249 5218 modum
1316 5150 1656 5231 Christus,
1726 5153 2000 5219 Petrum
2078 5155 2148 5221 in
2227 5156 2505 5241 gradum

565 5239 965 5322 apostolatus
1005 5238 1352 5305 restituere
1394 5238 1636 5315 volens.
1683 5238 2007 5322 triplicem
2042 5241 2183 5308 eius
2221 5244 2504 5329 abnega-

566 5324 812 5390 tionem
878 5323 1081 5406 delet,
1163 5334 1264 5391 ter
1340 5344 1492 5392 eum
1567 5324 2000 5410 praeficiendo
2072 5327 2209 5395 suis
2272 5330 2505 5398 ovibus

1995 421 2402 493 REDITUS
2436 422 2569 490 AD
2609 420 3152 490 HISTORIAM.

4417 415 4551 484 388

2603 612 2808 700 (Ioan.
2852 612 2956 692 21,
3005 610 3131 698 17).
3213 611 3436 689 Porro,
3461 633 3675 680 sermo
3719 609 3832 695 qui
3874 609 4165 692 sequitur
4208 608 4288 675 ad
4324 606 4546 674 Deum

2604 698 2833 766 referri
2875 696 3104 764 debet:
3149 696 3323 764 male
3365 697 3541 764 enim
3584 695 3849 783 quidam
3894 702 4194 761 vertunt:
4237 694 4429 763 Urim
4475 702 4548 759 et

2603 784 2988 851 Thummim
3027 793 3222 851 erunt
3264 782 3437 868 apud
3480 792 3573 864 te,
3630 805 3707 852 ac
3749 783 3806 849 si
3843 781 4061 848 Moses
4105 781 4550 865 alloqueretur

2604 872 2846 938 tribum
2886 871 3075 936 Levi.
3165 869 3401 954 Itaque
3455 879 3530 935 ut
3573 869 3841 935 tollatur
3892 867 4315 952 ambiguitas,
4368 886 4549 933 com-

2603 957 2796 1024 mode
2852 956 3074 1023 licebit
3130 957 3484 1022 transferre
3528 954 3632 1022 De
3673 954 3842 1021 Levi
3904 950 4119 1037 potius
4176 972 4371 1037 quam
4415 949 4547 1030 Ad,

2604 1051 2670 1109 et
2713 1026 2751 1111 ⁸>
2796 1062 2989 1126 saepo
3044 1040 3169 1107 hoc
3217 1062 3413 1109 sensu
3466 1041 3741 1126 capitur.
3819 1037 3989 1122 ,Quo
4047 1039 4269 1127 itaque
4332 1057 4440 1102 ma
4492 1036 4508 1051 ‘

2603 1128 2980 1195 authentica
3042 1126 3128 1193 sit
3191 1125 3583 1207 benedictio,
3650 1126 3868 1192 Deum
3923 1124 3946 1189 i
3995 1145 4144 1190 sum
4199 1122 4452 1208 compel
4479 1132 4553 1189 at

2603 1215 2842 1294 Moses,
2885 1233 2960 1279 ac
3003 1213 3062 1279 si
3104 1233 3254 1279 eum
3298 1213 3532 1279 citaret
3574 1219 3830 1290 testem,
3882 1231 3959 1277 ve
4028 1208 4201 1294 apud
4245 1209 4384 1275 eius
4428 1208 4551 1274 tri-

2606 1299 2803 1366 bunal
2857 1296 3132 1364 referret
3188 1317 3308 1364 sua
3362 1297 3686 1365 mandata.
3778 1296 3926 1362 Etsi
3984 1303 4205 1362 autem
4264 1295 4374 1360 hic
4431 1314 4550 1378 po·

2604 1392 2852 1452 nuntur
2906 1383 3247 1450 hebraicae
3302 1405 3490 1451 voces
3533 1382 3925 1451 Thummim‘
3968 1391 4036 1447 et
4090 1380 4314 1461 Urim,
4381 1398 4552 1463 quae

2604 1472 2868 1538 fuerunt
2913 1469 3257 1554 praecipue
3301 1478 3524 1555 partes
3569 1469 3739 1536 sacri
3774 1466 4021 1551 ephod:
4068 1488 4200 1532 nou
4244 1464 4546 1532 dubitavi

2604 1565 2827 1623 tamen
2860 1564 3011 1640 post
3044 1556 3206 1621 alios
3241 1555 3632 1640 appellative
3666 1555 4039 1620 transferre.
4103 1552 4335 1635 Neque
4368 1551 4549 1617 enim

2605 1641 2878 1709 dubium
2932 1648 3032 1706 est
3089 1641 3250 1725 quin
3304 1641 3434 1708 illis
3491 1640 3804 1725 symbolis
3862 1646 4085 1705 notata
4144 1637 4343 1703 fuerit
4410 1647 4548 1702 tam

2603 1729 2767 1813 legis
2808 1727 3102 1806 scientia,
3147 1726 3340 1814 (quae
3384 1727 3576 1792 unica
3617 1726 3732 1792 lux
3776 1736 3875 1791 est
3918 1722 4314 1810 animarum)
4348 1743 4550 1806 quam

2604 1814 2778 1880 vitae
2821 1812 3184 1897 integritas.
3267 1812 3544 1879 Summa
3586 1820 3809 1877 tamen
3865 1821 3994 1890 est,
4051 1809 4224 1893 apud
4269 1809 4548 1874 Aharon

2605 1899 2967 1983 depositum
2992 1899 3193 1965 fuisse
3229 1898 3574 1966 sacerdotii
3610 1898 3943 1963 honorem.
4001 1895 4212 1977 Quem
4252 1894 4552 1960 nominat

2604 1987 2825 2051 virum
2861 1984 3241 2050 clementiae
3265 1983 3410 2064 Dei,
3456 1984 3562 2050 vel
3598 1991 4045 2049 mansuetum:
4093 1981 4551 2065 Hieronymus

2601 2092 2720 2155 pro
2763 2090 2883 2137 suo
2923 2091 3101 2135 more
3137 2070 3336 2137 vert-it
3372 2068 3707 2149 Sanctum,
3751 2067 4119 2151 improprie,
4164 2079 4322 2135 ἾὍΠ
4368 2065 4549 2131 enim

2602 2158 2828 2222 mitem
2853 2155 2958 2222 vel
2996 2155 3356 2221 humanum
3393 2156 3734 2241 significat.
3796 2160 4014 2238 Atque
4050 2153 4172 2218 hoc
4207 2150 4550 2235 epitheton

2603 2242 2847 2325 passim
2915 2241 3229 2307 tribuitur
3291 2241 3443 2307 filiis
3503 2239 3666 2320 Dei,
3745 2254 3822 2304 ut
3899 2238 4225 2304 discamus
4301 2236 4550 2302 imitari

2604 2335 2862 2412 patrem
2903 2326 3093 2393 illum
3138 2326 3651 2407 misericordiae,
3710 2326 3821 2408 qui
3878 2325 4078 2391 solem
4137 2343 4327 2389 suum
4388 2323 4548 2387 oriri

2603 2416 2759 2481 facit
2802 2434 2999 2497 super
3041 2413 3246 2481 bonos
3290 2422 3357 2478 et
3400 2411 3625 2478 malos.
3714 2410 3902 2492 Quae
3945 2417 4345 2494 sequuntur,
4406 2409 4550 2474 loco

2606 2500 3005 2583 exceptionis
3049 2497 3270 2564 addita
3312 2519 3455 2565 esse
3500 2497 3838 2564 existimo:
3887 2496 4057 2581 quod
4105 2494 4288 2562 Deus
4333 2502 4550 2561 tenta-

2610 2586 2778 2650 verit
2836 2605 2989 2651 eum
3048 2585 3117 2650 in
3178 2584 3382 2651 Mass.
3484 2584 3623 2650 Nec
3680 2603 3832 2651 vero
3889 2582 4053 2648 mihi
4115 2580 4387 2647 dubium
4444 2586 4552 2645 est

2607 2671 2760 2754 quin
2818 2671 3036 2737 Moses
3093 2670 3223 2736 Dei
3278 2667 3784 2736 misericordiam
3844 2668 4191 2751 amplificet
4244 2666 4369 2733 hac
4421 2666 4549 2730 cir·

2605 2756 3026 2834 cumstantia,
3070 2755 3238 2839 quod
3285 2754 3592 2840 dignatus
3646 2752 3841 2820 fuerit
3887 2753 4158 2820 Abaton
4201 2761 4385 2818 tanto
4430 2751 4551 2816 ho-

2606 2863 2796 2908 nore:
2831 2842 2945 2925 qui
2967 2850 3191 2908 tamen
3215 2841 3623 2925 impatientia
3646 2841 3873 2918 victus,
3900 2839 4239 2906 defecerat.
4283 2837 4551 2903 Interea

2606 2927 2966 2993 notandum
3010 2935 3128 3003 est,
3173 2928 3393 3013 populi
3436 2937 3735 3010 respectu
3768 2925 4080 2991 celebrari
4114 2923 4330 2990 zelum
4367 2922 4549 2989 Aha-

2607 3014 2783 3080 ronis
2829 3024 3137 3096 tanquam
3196 3012 3384 3079 laude
3443 3011 3745 3097 dignum:
3806 3011 3991 3095 quasi
4051 3010 4295 3077 dictum
4355 3017 4549 3088 esset,

2604 3109 2941 3183 peccatum
2979 3100 3308 3165 Aharonis
3344 3119 3426 3164 ex
3471 3098 3651 3164 fonte
3695 3097 3961 3164 virtutis
4004 3114 4339 3162 manasse:
4397 3115 4553 3179 quo-

2604 3185 2783 3251 niam
2803 3206 2886 3250 ex
2909 3193 3133 3253 sancta
3156 3183 3606 3269 indignatione
3627 3181 3708 3248 ad
3746 3181 4068 3249 fervorem
4102 3181 4552 3265 impatientiae

2603 3271 2829 3355 lapsus
2886 3280 3019 3350 est,
3088 3291 3289 3354 quum
3344 3269 3614 3353 indigne
3673 3268 3875 3334 ferret
3936 3268 4250 3352 populum
4318 3276 4551 3333 contra

2603 3354 2822 3423 Deum
2858 3356 3263 3423 tumultuari.
3331 3355 3480 3420 Nisi
3514 3356 3682 3421 forte
3719 3374 3836 3438 per
3871 3350 4306 3437 apostrophen
4345 3350 4550 3417 verba

2604 3442 2764 3508 haec
2801 3442 2881 3508 de
2914 3441 3153 3527 populo
3189 3441 3561 3526 intelligere
3590 3439 3877 3524 placeat:
3922 3439 4237 3518 Tentasti,
4282 3436 4364 3505 ad
4399 3458 4553 3505 con·

2602 3528 2965 3594 tentionem
3031 3527 3398 3612 provocasti
3454 3547 3634 3607 eum,
3697 3525 3833 3606 vel,
3894 3524 4164 3607 litigasti
4227 3542 4379 3592 cum
4436 3543 4547 3589 eo:

2604 3612 2837 3681 melius
2905 3621 3125 3679 tamen
3189 3614 3350 3679 fluet
3410 3612 3650 3691 oratio,
3717 3610 3771 3678 si
3829 3609 4278 3696 intelligamus
4330 3611 4551 3676 Deum

2604 3720 2754 3767 cum
2784 3699 3094 3765 Aharone
3130 3705 3288 3766 tunc
3324 3696 3751 3782 disceptasse:
3800 3698 3971 3780 quia,
4015 3696 4142 3762 etsi
4188 3698 4549 3762 tentatione

2605 3786 2820 3853 victus
2879 3793 3014 3864 est,
3073 3785 3403 3869 specimen
3463 3784 3641 3850 dedit
3699 3802 3832 3848 non
3889 3781 4334 3867 spernendum
4388 3801 4549 3849 suae

2603 3870 2900 3955 pietatis:
2978 3879 3046 3936 et
3107 3891 3192 3936 ex
3252 3890 3329 3936 eo
3395 3879 3686 3953 tempore
3751 3889 3885 3934 non
3964 3867 4219 3934 destitit
4278 3875 4549 3933 strenue

2602 3957 3003 4024 functionem
3044 3976 3232 4023 suam
3275 3955 3563 4038 exsequi.

2774 4042 2833 4108 9.
2901 4042 3025 4125 Qui
3069 4040 3250 4123 patri
3302 4061 3417 4107 suo
3472 4039 3653 4107 dixit.
3741 4039 3825 4105 In
3883 4060 4160 4123 persona
4220 4036 4551 4104 Aharonis

2603 4129 2937 4211 exemplar
2958 4126 3216 4194 Levitis
3252 4126 3557 4193 omnibus
3600 4125 3984 4211 proponitur
4019 4126 4101 4191 ad
4133 4122 4552 4190 imitandum.

2605 4215 2703 4281 Ac
2745 4215 2958 4297 primo
3004 4211 3267 4298 quidem
3314 4211 3552 4279 dicitur
3596 4210 4015 4278 renunciasse
4060 4209 4242 4277 carni
4285 4220 4351 4276 et
4393 4230 4554 4276 san-

2604 4300 2824 4384 guini,
2880 4321 3007 4383 quo
3049 4298 3415 4383 expeditior
3458 4307 3631 4364 esset
3672 4297 3756 4364 ad
3801 4295 4164 4382 parendum
4212 4298 4369 4362 Deo.
4454 4295 4555 4361 Et

2604 4395 2811 4465 certe,
2865 4395 2941 4451 ut
2983 4407 3055 4453 se
3096 4393 3264 4451 totos
3307 4384 3452 4451 Deo
3508 4381 3814 4450 addicant
3872 4382 4180 4450 ecclesiae
4235 4389 4553 4467 pastores,

2603 4492 2868 4539 necesso
2926 4481 3028 4538 est
3084 4489 3326 4537 exuere
3385 4479 3677 4535 terrenos
3734 4469 4005 4536 affectus
4021 4516 4038 4548 ‚
4101 4467 4210 4552 qui
4269 4465 4554 4534 subinde

2603 4578 2715 4624 eos
2757 4565 3225 4641 retroagerent.
3316 4556 3576 4623 Dicitur
3625 4575 3782 4640 ergo
3827 4554 4096 4621 Aharon
4156 4552 4557 4620 valedixisse

2603 4643 2744 4709 suis
2805 4643 3142 4726 omnibus,
3194 4662 3321 4726 quo
3365 4663 3434 4709 se
3478 4642 3622 4707 Deo
3666 4640 3868 4707 libere
3924 4639 4365 4723 impenderet:
4427 4639 4555 4705 hoc

2604 4726 2778 4795 idem
2832 4748 3010 4794 nunc
3066 4728 3275 4812 exigit
3318 4725 3622 4794 Ohristus
3676 4747 3717 4793 a
3773 4726 3911 4792 suis
3968 4725 4302 4809 discipulis
4358 4723 4554 4810 (Mat.

2607 4813 2708 4894 10,
2743 4813 2827 4880 37
2852 4821 2920 4879 et
2955 4811 3156 4899 alibi),
3195 4821 3269 4880 ut
3297 4812 3414 4879 filii
3452 4820 3670 4896 patres
3704 4812 4193 4893 obliviscantur,
4229 4819 4296 4877 et
4329 4819 4556 4897 patres

2604 4899 2802 4981 filios,
2846 4899 3064 4964 mariti
3109 4919 3385 4980 uxores,
3429 4919 3512 4965 ne
3556 4897 3713 4982 quid
3755 4918 3982 4964 eorum
4029 4917 4292 4964 cursum
4339 4917 4553 4963 more-

2606 4996 2732 5067 tur,
2776 4985 3123 5071 quominus
3165 5005 3284 5068 per
3320 4986 3523 5052 vitam
3559 4991 3625 5050 et
3660 4990 3938 5050 mortem
3972 4991 4238 5049 strenue
4273 4993 4558 5067 pergant

2650 5091 2734 5137 uo
2776 5071 2993 5139 vocati
3037 5080 3212 5138 suut.
3303 5071 3540 5138 Postea
3595 5090 3868 5136 numero
3911 5069 4149 5153 plurali
4194 5076 4405 5135 totum
4449 5087 4560 5133 or-

2606 5093 2825 5224 dinem
2869 5156 3211 5224 leviticum
3245 5156 3466 5224 Moses
3508 5156 3987 5240 complectitur:
4031 5153 4207 5221 unde
4243 5153 4556 5240 colligere

2604 5244 2776 5320 licet,
2818 5264 2985 5329 quae
3029 5243 3211 5328 prius
3254 5241 3428 5309 dicta
3469 5248 3644 5323 sunt,
3688 5261 3821 5307 non
3866 5241 4176 5327 restringi
4219 5239 4305 5307 ad
4342 5260 4552 5306 unum

2605 5329 2956 5396 hominem.
3047 5328 3238 5411 Quod
3283 5337 3504 5398 autem
3548 5327 3707 5395 dicit
3764 5327 4123 5397 custodisse
4180 5344 4558 5395 sermonem
