<?xml version="1.0" encoding="UTF-8"?>
<!DOCTYPE html PUBLIC "-//W3C//DTD XHTML 1.0 Transitional//EN"
    "http://www.w3.org/TR/xhtml1/DTD/xhtml1-transitional.dtd">
<html xmlns="http://www.w3.org/1999/xhtml" xml:lang="en" lang="en">
 <head>
  <title>
</title>
<meta http-equiv="Content-Type" content="text/html;charset=utf-8" />
  <meta name='ocr-system' content='tesseract 3.04.00' />
  <meta name='ocr-capabilities' content='ocr_page ocr_carea ocr_par ocr_line ocrx_word'/>
</head>
<body>
  <div class='ocr_page' id='page_1' title='image "./ioanniscalvinio06unkngoog_0259.png"; bbox 0 0 5017 6142; ppageno 0'>
   <div class='ocr_carea' id='block_1_1' title="bbox 468 434 597 501">
    <p class='ocr_par' dir='ltr' id='par_1_1' title="bbox 468 434 597 501">
     <span class='ocr_line' id='line_1_1' title="bbox 468 434 597 501; baseline -0.016 0"><span class='ocrx_word' id='word_1_1' title='bbox 468 434 597 501; x_wconf 85' lang='lat'><strong>493</strong></span> 
     </span>
    </p>
   </div>
   <div class='ocr_carea' id='block_1_2' title="bbox 464 620 2418 2856">
    <p class='ocr_par' dir='ltr' id='par_1_2' title="bbox 466 620 2414 1051">
     <span class='ocr_line' id='line_1_2' title="bbox 469 620 2412 711; baseline -0.001 -22"><span class='ocrx_word' id='word_1_2' title='bbox 469 624 781 711; x_wconf 80' lang='lat' dir='ltr'>gloriam:</span> <span class='ocrx_word' id='word_1_3' title='bbox 840 631 907 690; x_wconf 92' lang='lat' dir='ltr'><strong>et</strong></span> <span class='ocrx_word' id='word_1_4' title='bbox 948 621 1208 706; x_wconf 88' lang='lat' dir='ltr'><strong>quidem</strong></span> <span class='ocrx_word' id='word_1_5' title='bbox 1251 623 1397 689; x_wconf 91' lang='lat' dir='ltr'><strong>Deo</strong></span> <span class='ocrx_word' id='word_1_6' title='bbox 1438 621 1737 689; x_wconf 80' lang='lat' dir='ltr'>Israelis:</span> <span class='ocrx_word' id='word_1_7' title='bbox 1791 620 1901 688; x_wconf 93' lang='lat' dir='ltr'><strong>ubi</strong></span> <span class='ocrx_word' id='word_1_8' title='bbox 1943 620 2168 688; x_wconf 91' lang='lat' dir='ltr'><strong>subest</strong></span> <span class='ocrx_word' id='word_1_9' title='bbox 2214 621 2412 687; x_wconf 88' lang='lat' dir='ltr'><strong>tacita</strong></span> 
     </span>
     <span class='ocr_line' id='line_1_3' title="bbox 469 706 2412 795; baseline -0.004 -17"><span class='ocrx_word' id='word_1_10' title='bbox 469 709 1010 795; x_wconf 81' lang='lat' dir='ltr'><strong>superstitionum</strong></span> <span class='ocrx_word' id='word_1_11' title='bbox 1053 708 1286 792; x_wconf 88' lang='lat' dir='ltr'><strong>quibus</strong></span> <span class='ocrx_word' id='word_1_12' title='bbox 1341 709 1581 775; x_wconf 88' lang='lat' dir='ltr'><strong>assueti</strong></span> <span class='ocrx_word' id='word_1_13' title='bbox 1625 717 1815 774; x_wconf 89' lang='lat' dir='ltr'><strong>erant</strong></span> <span class='ocrx_word' id='word_1_14' title='bbox 1870 707 2149 773; x_wconf 89' lang='lat' dir='ltr'><strong>reiectio.</strong></span> <span class='ocrx_word' id='word_1_15' title='bbox 2238 706 2412 772; x_wconf 92' lang='lat' dir='ltr'><strong>Nam</strong></span> 
     </span>
     <span class='ocr_line' id='line_1_4' title="bbox 468 792 2414 878; baseline -0.003 -14"><span class='ocrx_word' id='word_1_16' title='bbox 468 799 526 864; x_wconf 92' lang='lat' dir='ltr'><strong>si</strong></span> <span class='ocrx_word' id='word_1_17' title='bbox 574 816 798 862; x_wconf 86' lang='lat' dir='ltr'><strong>verum</strong></span> <span class='ocrx_word' id='word_1_18' title='bbox 841 803 973 873; x_wconf 90' lang='lat' dir='ltr'><strong>est,</strong></span> <span class='ocrx_word' id='word_1_19' title='bbox 1039 794 1504 860; x_wconf 87' lang='lat' dir='ltr'><strong>miraculorum</strong></span> <span class='ocrx_word' id='word_1_20' title='bbox 1562 814 1728 878; x_wconf 89' lang='lat' dir='ltr'><strong>quae</strong></span> <span class='ocrx_word' id='word_1_21' title='bbox 1770 794 1839 858; x_wconf 92' lang='lat' dir='ltr'><strong>in</strong></span> <span class='ocrx_word' id='word_1_22' title='bbox 1882 794 2194 878; x_wconf 79' lang='lat' dir='ltr'><strong>Aegypto</strong></span> <span class='ocrx_word' id='word_1_23' title='bbox 2237 792 2414 858; x_wconf 90' lang='lat' dir='ltr'><strong>edita</strong></span> 
     </span>
     <span class='ocr_line' id='line_1_5' title="bbox 469 878 2412 966; baseline -0.004 -17"><span class='ocrx_word' id='word_1_24' title='bbox 469 890 659 949; x_wconf 90' lang='lat' dir='ltr'><strong>erant</strong></span> <span class='ocrx_word' id='word_1_25' title='bbox 711 881 889 947; x_wconf 83' lang='lat' dir='ltr'><strong>fama</strong></span> <span class='ocrx_word' id='word_1_26' title='bbox 937 890 1265 966; x_wconf 87' lang='lat' dir='ltr'><strong>permotos</strong></span> <span class='ocrx_word' id='word_1_27' title='bbox 1321 882 1616 963; x_wconf 82' lang='lat' dir='ltr'><strong>venisse,</strong></span> <span class='ocrx_word' id='word_1_28' title='bbox 1680 900 2006 947; x_wconf 89' lang='lat' dir='ltr'><strong>summam</strong></span> <span class='ocrx_word' id='word_1_29' title='bbox 2050 878 2412 962; x_wconf 84' lang='lat' dir='ltr'><strong>potentiam</strong></span> 
     </span>
     <span class='ocr_line' id='line_1_6' title="bbox 466 966 1918 1051; baseline -0.006 -13"><span class='ocrx_word' id='word_1_30' title='bbox 466 968 834 1038; x_wconf 88' lang='lat' dir='ltr'><strong>concedunt</strong></span> <span class='ocrx_word' id='word_1_31' title='bbox 876 968 1018 1034; x_wconf 93' lang='lat' dir='ltr'><strong>Deo</strong></span> <span class='ocrx_word' id='word_1_32' title='bbox 1061 966 1328 1051; x_wconf 87' lang='lat' dir='ltr'><strong>Israelis</strong></span> <span class='ocrx_word' id='word_1_33' title='bbox 1371 967 1521 1033; x_wconf 89' lang='lat' dir='ltr'><strong>licet</strong></span> <span class='ocrx_word' id='word_1_34' title='bbox 1561 966 1918 1049; x_wconf 87' lang='lat' dir='ltr'><strong>incognite.</strong></span> 
     </span>
    </p>

    <p class='ocr_par' dir='ltr' id='par_1_3' title="bbox 464 1050 2418 2856">
     <span class='ocr_line' id='line_1_7' title="bbox 644 1050 2414 1137; baseline -0.002 -19"><span class='ocrx_word' id='word_1_35' title='bbox 644 1054 743 1119; x_wconf 90' lang='lat'><strong>14.</strong></span> <span class='ocrx_word' id='word_1_36' title='bbox 811 1052 1226 1137; x_wconf 78' lang='lat' dir='ltr'><strong>Sumpserunt</strong></span> <span class='ocrx_word' id='word_1_37' title='bbox 1271 1072 1414 1136; x_wconf 72' lang='lat' dir='ltr'><strong>erqo</strong></span> <span class='ocrx_word' id='word_1_38' title='bbox 1451 1050 1984 1135; x_wconf 76' lang='lat' dir='ltr'><strong>viri.1nsipida</strong></span> <span class='ocrx_word' id='word_1_39' title='bbox 2038 1058 2195 1115; x_wconf 89' lang='lat' dir='ltr'><strong>sunt</strong></span> <span class='ocrx_word' id='word_1_40' title='bbox 2238 1068 2414 1116; x_wconf 88' lang='lat' dir='ltr'><strong>com-</strong></span> 
     </span>
     <span class='ocr_line' id='line_1_8' title="bbox 467 1135 2415 1224; baseline -0.004 -17"><span class='ocrx_word' id='word_1_41' title='bbox 467 1152 718 1220; x_wconf 87' lang='lat' dir='ltr'><strong>menta,</strong></span> <span class='ocrx_word' id='word_1_42' title='bbox 783 1148 1083 1224; x_wconf 77' lang='lat' dir='ltr'><strong>gustasse</strong></span> <span class='ocrx_word' id='word_1_43' title='bbox 1145 1158 1381 1221; x_wconf 87' lang='lat' dir='ltr'><strong>panem</strong></span> <span class='ocrx_word' id='word_1_44' title='bbox 1439 1149 1517 1203; x_wconf 89' lang='lat' dir='ltr'><strong>ut</strong></span> <span class='ocrx_word' id='word_1_45' title='bbox 1574 1158 1658 1202; x_wconf 85' lang='lat' dir='ltr'><strong>ex</strong></span> <span class='ocrx_word' id='word_1_46' title='bbox 1722 1156 1953 1220; x_wconf 90' lang='lat' dir='ltr'><strong>sapore</strong></span> <span class='ocrx_word' id='word_1_47' title='bbox 2014 1135 2415 1216; x_wconf 71' lang='lat' dir='ltr'><strong>colligerent,</strong></span> 
     </span>
     <span class='ocr_line' id='line_1_9' title="bbox 469 1220 2416 1307; baseline -0.004 -14"><span class='ocrx_word' id='word_1_48' title='bbox 469 1248 556 1293; x_wconf 91' lang='lat' dir='ltr'><strong>an</strong></span> <span class='ocrx_word' id='word_1_49' title='bbox 614 1233 946 1293; x_wconf 83' lang='lat' dir='ltr'><strong>vetustate</strong></span> <span class='ocrx_word' id='word_1_50' title='bbox 987 1236 1162 1291; x_wconf 84' lang='lat' dir='ltr'><strong>esset</strong></span> <span class='ocrx_word' id='word_1_51' title='bbox 1203 1222 1540 1291; x_wconf 75' lang='lat' dir='ltr'><strong>rancidus:</strong></span> <span class='ocrx_word' id='word_1_52' title='bbox 1608 1223 1713 1289; x_wconf 82' lang='lat' dir='ltr'><strong>vel</strong></span> <span class='ocrx_word' id='word_1_53' title='bbox 1757 1220 1948 1307; x_wconf 91' lang='lat' dir='ltr'><strong>epulo</strong></span> <span class='ocrx_word' id='word_1_54' title='bbox 1990 1221 2218 1287; x_wconf 85' lang='lat' dir='ltr'><strong>foedus</strong></span> <span class='ocrx_word' id='word_1_55' title='bbox 2260 1241 2416 1287; x_wconf 90' lang='lat' dir='ltr'><strong>con-</strong></span> 
     </span>
     <span class='ocr_line' id='line_1_10' title="bbox 468 1307 2418 1391; baseline -0.004 -13"><span class='ocrx_word' id='word_1_56' title='bbox 468 1313 785 1379; x_wconf 86' lang='lat' dir='ltr'><strong>firmasse.</strong></span> <span class='ocrx_word' id='word_1_57' title='bbox 865 1311 1097 1377; x_wconf 88' lang='lat' dir='ltr'><strong>Potius</strong></span> <span class='ocrx_word' id='word_1_58' title='bbox 1140 1311 1335 1388; x_wconf 90' lang='lat' dir='ltr'><strong>enim,</strong></span> <span class='ocrx_word' id='word_1_59' title='bbox 1399 1329 1547 1376; x_wconf 92' lang='lat' dir='ltr'><strong>meo</strong></span> <span class='ocrx_word' id='word_1_60' title='bbox 1613 1307 1853 1375; x_wconf 89' lang='lat' dir='ltr'><strong>iudicio</strong></span> <span class='ocrx_word' id='word_1_61' title='bbox 1870 1358 1885 1385; x_wconf 91' lang='lat'><strong><em>‚</em></strong></span> <span class='ocrx_word' id='word_1_62' title='bbox 1951 1307 2418 1391; x_wconf 78' lang='lat' dir='ltr'><strong>perstringitur</strong></span> 
     </span>
     <span class='ocr_line' id='line_1_11' title="bbox 468 1392 2417 1479; baseline -0.003 -16"><span class='ocrx_word' id='word_1_63' title='bbox 468 1398 677 1464; x_wconf 91' lang='lat' dir='ltr'><strong>nimia</strong></span> <span class='ocrx_word' id='word_1_64' title='bbox 741 1395 1124 1476; x_wconf 78' lang='lat' dir='ltr'><strong>credulitas,</strong></span> <span class='ocrx_word' id='word_1_65' title='bbox 1188 1395 1361 1479; x_wconf 90' lang='lat' dir='ltr'><strong>quod</strong></span> <span class='ocrx_word' id='word_1_66' title='bbox 1427 1396 1663 1462; x_wconf 85' lang='lat' dir='ltr'><strong>leviter</strong></span> <span class='ocrx_word' id='word_1_67' title='bbox 1726 1393 2175 1478; x_wconf 82' lang='lat' dir='ltr'><strong>acquieverint</strong></span> <span class='ocrx_word' id='word_1_68' title='bbox 2228 1392 2417 1459; x_wconf 83' lang='lat' dir='ltr'><strong>fabu-</strong></span> 
     </span>
     <span class='ocr_line' id='line_1_12' title="bbox 466 1475 2415 1562; baseline -0.004 -13"><span class='ocrx_word' id='word_1_69' title='bbox 466 1485 645 1551; x_wconf 86' lang='lat' dir='ltr'><strong>losae</strong></span> <span class='ocrx_word' id='word_1_70' title='bbox 709 1483 1103 1562; x_wconf 86' lang='lat' dir='ltr'><strong>narrationi,</strong></span> <span class='ocrx_word' id='word_1_71' title='bbox 1179 1489 1246 1548; x_wconf 89' lang='lat' dir='ltr'><strong>et</strong></span> <span class='ocrx_word' id='word_1_72' title='bbox 1308 1481 1465 1546; x_wconf 91' lang='lat' dir='ltr'><strong>dum</strong></span> <span class='ocrx_word' id='word_1_73' title='bbox 1529 1481 1769 1547; x_wconf 86' lang='lat' dir='ltr'><strong>attenti</strong></span> <span class='ocrx_word' id='word_1_74' title='bbox 1834 1487 1991 1545; x_wconf 92' lang='lat' dir='ltr'><strong>sunt</strong></span> <span class='ocrx_word' id='word_1_75' title='bbox 2053 1477 2138 1544; x_wconf 87' lang='lat' dir='ltr'><strong>ad</strong></span> <span class='ocrx_word' id='word_1_76' title='bbox 2202 1475 2415 1544; x_wconf 90' lang='lat' dir='ltr'><strong>solum</strong></span> 
     </span>
     <span class='ocr_line' id='line_1_13' title="bbox 466 1563 2416 1654; baseline -0.003 -18"><span class='ocrx_word' id='word_1_77' title='bbox 466 1591 705 1654; x_wconf 89' lang='lat' dir='ltr'><strong>panem</strong></span> <span class='ocrx_word' id='word_1_78' title='bbox 719 1621 739 1650; x_wconf 92' lang='lat'><strong>,</strong></span> <span class='ocrx_word' id='word_1_79' title='bbox 804 1589 937 1634; x_wconf 90' lang='lat' dir='ltr'><strong>non</strong></span> <span class='ocrx_word' id='word_1_80' title='bbox 1001 1568 1464 1651; x_wconf 79' lang='lat' dir='ltr'><strong>reputaverint</strong></span> <span class='ocrx_word' id='word_1_81' title='bbox 1517 1568 1910 1651; x_wconf 84' lang='lat' dir='ltr'><strong>figmentum</strong></span> <span class='ocrx_word' id='word_1_82' title='bbox 1973 1563 2136 1630; x_wconf 90' lang='lat' dir='ltr'><strong>illud</strong></span> <span class='ocrx_word' id='word_1_83' title='bbox 2201 1564 2416 1631; x_wconf 91' lang='lat' dir='ltr'><strong>colore</strong></span> 
     </span>
     <span class='ocr_line' id='line_1_14' title="bbox 468 1651 2415 1723; baseline -0.004 -2"><span class='ocrx_word' id='word_1_84' title='bbox 468 1656 752 1723; x_wconf 87' lang='lat' dir='ltr'><strong>destitui.</strong></span> <span class='ocrx_word' id='word_1_85' title='bbox 862 1655 954 1719; x_wconf 85' lang='lat' dir='ltr'><strong>Et</strong></span> <span class='ocrx_word' id='word_1_86' title='bbox 1026 1663 1204 1721; x_wconf 89' lang='lat' dir='ltr'><strong>certe</strong></span> <span class='ocrx_word' id='word_1_87' title='bbox 1280 1653 1411 1719; x_wconf 83' lang='lat' dir='ltr'><strong>nisi</strong></span> <span class='ocrx_word' id='word_1_88' title='bbox 1474 1652 1766 1718; x_wconf 90' lang='lat' dir='ltr'><strong>hebetati</strong></span> <span class='ocrx_word' id='word_1_89' title='bbox 1839 1651 2120 1718; x_wconf 82' lang='lat' dir='ltr'><strong>fuissent</strong></span> <span class='ocrx_word' id='word_1_90' title='bbox 2188 1671 2415 1716; x_wconf 89' lang='lat' dir='ltr'><strong>eorum</strong></span> 
     </span>
     <span class='ocr_line' id='line_1_15' title="bbox 469 1735 2416 1822; baseline -0.004 -14"><span class='ocrx_word' id='word_1_91' title='bbox 469 1762 703 1808; x_wconf 87' lang='lat' dir='ltr'><strong>sensus</strong></span> <span class='ocrx_word' id='word_1_92' title='bbox 719 1793 736 1822; x_wconf 91' lang='lat'><strong>,</strong></span> <span class='ocrx_word' id='word_1_93' title='bbox 810 1740 1023 1807; x_wconf 89' lang='lat' dir='ltr'><strong>multa</strong></span> <span class='ocrx_word' id='word_1_94' title='bbox 1085 1739 1306 1805; x_wconf 86' lang='lat' dir='ltr'><strong>statim</strong></span> <span class='ocrx_word' id='word_1_95' title='bbox 1366 1738 1799 1805; x_wconf 87' lang='lat' dir='ltr'><strong>occurrissent</strong></span> <span class='ocrx_word' id='word_1_96' title='bbox 1871 1736 1955 1802; x_wconf 90' lang='lat' dir='ltr'><strong>ad</strong></span> <span class='ocrx_word' id='word_1_97' title='bbox 2035 1735 2416 1802; x_wconf 85' lang='lat' dir='ltr'><strong>refutandos</strong></span> 
     </span>
     <span class='ocr_line' id='line_1_16' title="bbox 470 1822 2414 1908; baseline -0.004 -14"><span class='ocrx_word' id='word_1_98' title='bbox 470 1827 875 1895; x_wconf 85' lang='lat' dir='ltr'><strong>Gibeonitas.</strong></span> <span class='ocrx_word' id='word_1_99' title='bbox 963 1824 1100 1892; x_wconf 80' lang='lat' dir='ltr'><strong>Sed</strong></span> <span class='ocrx_word' id='word_1_100' title='bbox 1153 1826 1312 1908; x_wconf 91' lang='lat' dir='ltr'><strong>quia</strong></span> <span class='ocrx_word' id='word_1_101' title='bbox 1367 1824 1700 1890; x_wconf 90' lang='lat' dir='ltr'><strong>interdum</strong></span> <span class='ocrx_word' id='word_1_102' title='bbox 1756 1823 2109 1907; x_wconf 89' lang='lat' dir='ltr'><strong>contingit,</strong></span> <span class='ocrx_word' id='word_1_103' title='bbox 2176 1822 2414 1889; x_wconf 89' lang='lat' dir='ltr'><strong>acutis-</strong></span> 
     </span>
     <span class='ocr_line' id='line_1_17' title="bbox 468 1908 2416 1995; baseline -0.003 -16"><span class='ocrx_word' id='word_1_104' title='bbox 468 1915 668 1979; x_wconf 90' lang='lat' dir='ltr'><strong>simos</strong></span> <span class='ocrx_word' id='word_1_105' title='bbox 731 1912 951 1979; x_wconf 88' lang='lat' dir='ltr'><strong>oculos</strong></span> <span class='ocrx_word' id='word_1_106' title='bbox 1015 1912 1199 1977; x_wconf 88' lang='lat' dir='ltr'><strong>inani</strong></span> <span class='ocrx_word' id='word_1_107' title='bbox 1259 1910 1627 1995; x_wconf 84' lang='lat' dir='ltr'><strong>spectaculo</strong></span> <span class='ocrx_word' id='word_1_108' title='bbox 1689 1908 2076 1993; x_wconf 86' lang='lat' dir='ltr'><strong>perstringi:</strong></span> <span class='ocrx_word' id='word_1_109' title='bbox 2150 1908 2416 1993; x_wconf 81' lang='lat' dir='ltr'><strong>gravius</strong></span> 
     </span>
     <span class='ocr_line' id='line_1_18' title="bbox 469 1995 2417 2081; baseline -0.005 -16"><span class='ocrx_word' id='word_1_110' title='bbox 469 1999 822 2066; x_wconf 89' lang='lat' dir='ltr'><strong>damnatur</strong></span> <span class='ocrx_word' id='word_1_111' title='bbox 887 2017 1109 2063; x_wconf 88' lang='lat' dir='ltr'><strong>eorum</strong></span> <span class='ocrx_word' id='word_1_112' title='bbox 1176 2018 1391 2078; x_wconf 87' lang='lat' dir='ltr'><strong>error,</strong></span> <span class='ocrx_word' id='word_1_113' title='bbox 1461 1995 1633 2081; x_wconf 92' lang='lat' dir='ltr'><strong>quod</strong></span> <span class='ocrx_word' id='word_1_114' title='bbox 1695 1995 2003 2062; x_wconf 86' lang='lat' dir='ltr'><strong>sciscitati</strong></span> <span class='ocrx_word' id='word_1_115' title='bbox 2068 2015 2199 2059; x_wconf 91' lang='lat' dir='ltr'><strong>non</strong></span> <span class='ocrx_word' id='word_1_116' title='bbox 2258 2000 2417 2061; x_wconf 88' lang='lat' dir='ltr'><strong>sunt</strong></span> 
     </span>
     <span class='ocr_line' id='line_1_19' title="bbox 470 2078 2418 2169; baseline -0.004 -19"><span class='ocrx_word' id='word_1_117' title='bbox 470 2085 625 2169; x_wconf 89' lang='lat' dir='ltr'><strong>quid</strong></span> <span class='ocrx_word' id='word_1_118' title='bbox 669 2084 814 2150; x_wconf 91' lang='lat' dir='ltr'><strong>Deo</strong></span> <span class='ocrx_word' id='word_1_119' title='bbox 855 2084 1159 2167; x_wconf 74' lang='lat' dir='ltr'><strong>placeret.</strong></span> <span class='ocrx_word' id='word_1_120' title='bbox 1248 2083 1327 2147; x_wconf 92' lang='lat' dir='ltr'><strong>In</strong></span> <span class='ocrx_word' id='word_1_121' title='bbox 1374 2089 1681 2165; x_wconf 89' lang='lat' dir='ltr'><strong>promptu</strong></span> <span class='ocrx_word' id='word_1_122' title='bbox 1724 2091 1867 2147; x_wconf 90' lang='lat' dir='ltr'><strong>erat</strong></span> <span class='ocrx_word' id='word_1_123' title='bbox 1901 2080 2260 2146; x_wconf 89' lang='lat' dir='ltr'><strong>remedium</strong></span> <span class='ocrx_word' id='word_1_124' title='bbox 2277 2129 2294 2161; x_wconf 97' lang='lat'><strong>,</strong></span> <span class='ocrx_word' id='word_1_125' title='bbox 2358 2078 2418 2144; x_wconf 91' lang='lat' dir='ltr'><strong>si</strong></span> 
     </span>
     <span class='ocr_line' id='line_1_20' title="bbox 467 2166 2417 2256; baseline -0.003 -20"><span class='ocrx_word' id='word_1_126' title='bbox 467 2171 635 2236; x_wconf 87' lang='lat' dir='ltr'><strong>nihil</strong></span> <span class='ocrx_word' id='word_1_127' title='bbox 680 2171 972 2256; x_wconf 82' lang='lat' dir='ltr'><strong>aggressi</strong></span> <span class='ocrx_word' id='word_1_128' title='bbox 1014 2177 1234 2235; x_wconf 86' lang='lat' dir='ltr'><strong>essent</strong></span> <span class='ocrx_word' id='word_1_129' title='bbox 1297 2168 1425 2235; x_wconf 87' lang='lat' dir='ltr'><strong>nisi</strong></span> <span class='ocrx_word' id='word_1_130' title='bbox 1486 2174 1845 2253; x_wconf 89' lang='lat' dir='ltr'><strong>praeeunte</strong></span> <span class='ocrx_word' id='word_1_131' title='bbox 1908 2166 2191 2232; x_wconf 83' lang='lat' dir='ltr'><strong>oraculo.</strong></span> <span class='ocrx_word' id='word_1_132' title='bbox 2278 2166 2417 2231; x_wconf 87' lang='lat' dir='ltr'><strong>Res</strong></span> 
     </span>
     <span class='ocr_line' id='line_1_21' title="bbox 466 2250 2414 2341; baseline -0.004 -18"><span class='ocrx_word' id='word_1_133' title='bbox 466 2276 628 2323; x_wconf 82' lang='lat' dir='ltr'><strong>vero</strong></span> <span class='ocrx_word' id='word_1_134' title='bbox 670 2256 870 2341; x_wconf 89' lang='lat' dir='ltr'><strong>digna</strong></span> <span class='ocrx_word' id='word_1_135' title='bbox 912 2265 1055 2322; x_wconf 89' lang='lat' dir='ltr'><strong>erat</strong></span> <span class='ocrx_word' id='word_1_136' title='bbox 1089 2254 1169 2320; x_wconf 91' lang='lat' dir='ltr'><strong>de</strong></span> <span class='ocrx_word' id='word_1_137' title='bbox 1204 2275 1332 2338; x_wconf 91' lang='lat' dir='ltr'><strong>qua</strong></span> <span class='ocrx_word' id='word_1_138' title='bbox 1364 2253 1592 2320; x_wconf 91' lang='lat' dir='ltr'><strong>sedulo</strong></span> <span class='ocrx_word' id='word_1_139' title='bbox 1637 2254 2065 2336; x_wconf 87' lang='lat' dir='ltr'><strong>inquirerent.</strong></span> <span class='ocrx_word' id='word_1_140' title='bbox 2130 2250 2414 2334; x_wconf 80' lang='lat' dir='ltr'><strong>Signum</strong></span> 
     </span>
     <span class='ocr_line' id='line_1_22' title="bbox 466 2335 2416 2428; baseline -0.004 -19"><span class='ocrx_word' id='word_1_141' title='bbox 466 2363 625 2428; x_wconf 84' lang='lat' dir='ltr'><strong>ergo</strong></span> <span class='ocrx_word' id='word_1_142' title='bbox 689 2362 945 2409; x_wconf 88' lang='lat' dir='ltr'><strong>crassae</strong></span> <span class='ocrx_word' id='word_1_143' title='bbox 1007 2341 1301 2408; x_wconf 90' lang='lat' dir='ltr'><strong>incuriae</strong></span> <span class='ocrx_word' id='word_1_144' title='bbox 1362 2340 1523 2420; x_wconf 90' lang='lat' dir='ltr'><strong>fuit,</strong></span> <span class='ocrx_word' id='word_1_145' title='bbox 1591 2358 1792 2421; x_wconf 90' lang='lat' dir='ltr'><strong>quum</strong></span> <span class='ocrx_word' id='word_1_146' title='bbox 1837 2345 2096 2423; x_wconf 87' lang='lat' dir='ltr'><strong>praesto</strong></span> <span class='ocrx_word' id='word_1_147' title='bbox 2161 2335 2416 2403; x_wconf 86' lang='lat' dir='ltr'><strong>adesset</strong></span> 
     </span>
     <span class='ocr_line' id='line_1_23' title="bbox 467 2424 2414 2512; baseline -0.004 -16"><span class='ocrx_word' id='word_1_148' title='bbox 467 2427 771 2496; x_wconf 88' lang='lat' dir='ltr'><strong>sacerdos</strong></span> <span class='ocrx_word' id='word_1_149' title='bbox 836 2427 950 2512; x_wconf 89' lang='lat' dir='ltr'><strong>qui</strong></span> <span class='ocrx_word' id='word_1_150' title='bbox 1011 2448 1130 2512; x_wconf 93' lang='lat' dir='ltr'><strong>per</strong></span> <span class='ocrx_word' id='word_1_151' title='bbox 1184 2426 1377 2494; x_wconf 90' lang='lat' dir='ltr'><strong>Urim</strong></span> <span class='ocrx_word' id='word_1_152' title='bbox 1440 2435 1510 2491; x_wconf 91' lang='lat' dir='ltr'><strong>et</strong></span> <span class='ocrx_word' id='word_1_153' title='bbox 1572 2424 1879 2491; x_wconf 59' lang='lat' dir='ltr'><strong>&#39;thumim</strong></span> <span class='ocrx_word' id='word_1_154' title='bbox 1945 2442 2330 2506; x_wconf 86' lang='lat' dir='ltr'><strong>responsum</strong></span> <span class='ocrx_word' id='word_1_155' title='bbox 2374 2442 2414 2488; x_wconf 91' lang='lat' dir='ltr'><strong>a</strong></span> 
     </span>
     <span class='ocr_line' id='line_1_24' title="bbox 467 2508 2413 2598; baseline -0.004 -17"><span class='ocrx_word' id='word_1_156' title='bbox 467 2515 611 2581; x_wconf 93' lang='lat' dir='ltr'><strong>Deo</strong></span> <span class='ocrx_word' id='word_1_157' title='bbox 653 2521 925 2598; x_wconf 87' lang='lat' dir='ltr'><strong>peteret,</strong></span> <span class='ocrx_word' id='word_1_158' title='bbox 971 2515 1052 2580; x_wconf 91' lang='lat' dir='ltr'><strong>de</strong></span> <span class='ocrx_word' id='word_1_159' title='bbox 1093 2535 1167 2579; x_wconf 89' lang='lat' dir='ltr'><strong>re</strong></span> <span class='ocrx_word' id='word_1_160' title='bbox 1209 2512 1483 2579; x_wconf 88' lang='lat' dir='ltr'><strong>obscura</strong></span> <span class='ocrx_word' id='word_1_161' title='bbox 1522 2510 2002 2578; x_wconf 86' lang='lat' dir='ltr'><strong>inconsiderate</strong></span> <span class='ocrx_word' id='word_1_162' title='bbox 2046 2508 2413 2588; x_wconf 89' lang='lat' dir='ltr'><strong>decernere,</strong></span> 
     </span>
     <span class='ocr_line' id='line_1_25' title="bbox 464 2594 2411 2680; baseline -0.004 -13"><span class='ocrx_word' id='word_1_163' title='bbox 464 2620 541 2667; x_wconf 87' lang='lat' dir='ltr'><strong>ac</strong></span> <span class='ocrx_word' id='word_1_164' title='bbox 606 2600 664 2666; x_wconf 88' lang='lat' dir='ltr'><strong>si</strong></span> <span class='ocrx_word' id='word_1_165' title='bbox 729 2599 986 2666; x_wconf 90' lang='lat' dir='ltr'><strong>nullum</strong></span> <span class='ocrx_word' id='word_1_166' title='bbox 1056 2598 1405 2666; x_wconf 85' lang='lat' dir='ltr'><strong>consilium</strong></span> <span class='ocrx_word' id='word_1_167' title='bbox 1486 2604 1881 2680; x_wconf 89' lang='lat' dir='ltr'><strong>suppeteret.</strong></span> <span class='ocrx_word' id='word_1_168' title='bbox 1971 2594 2121 2678; x_wconf 79' lang='lat' dir='ltr'><strong>Quo</strong></span> <span class='ocrx_word' id='word_1_169' title='bbox 2186 2595 2411 2661; x_wconf 89' lang='lat' dir='ltr'><strong>minus</strong></span> 
     </span>
     <span class='ocr_line' id='line_1_26' title="bbox 464 2681 2407 2765; baseline -0.003 -14"><span class='ocrx_word' id='word_1_170' title='bbox 464 2684 857 2752; x_wconf 85' lang='lat' dir='ltr'><strong>excusabilis</strong></span> <span class='ocrx_word' id='word_1_171' title='bbox 914 2684 1041 2750; x_wconf 86' lang='lat' dir='ltr'><strong>fnit</strong></span> <span class='ocrx_word' id='word_1_172' title='bbox 1095 2705 1320 2751; x_wconf 87' lang='lat' dir='ltr'><strong>eorum</strong></span> <span class='ocrx_word' id='word_1_173' title='bbox 1386 2684 1724 2750; x_wconf 88' lang='lat' dir='ltr'><strong>temeritas</strong></span> <span class='ocrx_word' id='word_1_174' title='bbox 1779 2704 1932 2750; x_wconf 91' lang='lat' dir='ltr'><strong>cum</strong></span> <span class='ocrx_word' id='word_1_175' title='bbox 1981 2690 2121 2747; x_wconf 90' lang='lat' dir='ltr'><strong>tam</strong></span> <span class='ocrx_word' id='word_1_176' title='bbox 2170 2681 2407 2765; x_wconf 89' lang='lat' dir='ltr'><strong>supino</strong></span> 
     </span>
     <span class='ocr_line' id='line_1_27' title="bbox 465 2768 1644 2856; baseline -0.003 -19"><span class='ocrx_word' id='word_1_177' title='bbox 465 2773 718 2856; x_wconf 87' lang='lat' dir='ltr'><strong>gratiae</strong></span> <span class='ocrx_word' id='word_1_178' title='bbox 761 2771 890 2837; x_wconf 92' lang='lat' dir='ltr'><strong>Dei</strong></span> <span class='ocrx_word' id='word_1_179' title='bbox 932 2770 1235 2856; x_wconf 87' lang='lat' dir='ltr'><strong>neglectu</strong></span> <span class='ocrx_word' id='word_1_180' title='bbox 1278 2768 1644 2835; x_wconf 89' lang='lat' dir='ltr'><strong>coniuncta.</strong></span> 
     </span>
    </p>
   </div>
   <div class='ocr_carea' id='block_1_3' title="bbox 450 2937 2409 5430">
    <p class='ocr_par' dir='ltr' id='par_1_4' title="bbox 450 2937 2409 5430">
     <span class='ocr_line' id='line_1_28' title="bbox 639 2937 2409 3022; baseline -0.002 -15"><span class='ocrx_word' id='word_1_181' title='bbox 639 2942 739 3008; x_wconf 84' lang='grc'><strong>16.</strong></span> <span class='ocrx_word' id='word_1_182' title='bbox 810 2940 965 3008; x_wconf 76' lang='lat' dir='ltr'><strong>Post</strong></span> <span class='ocrx_word' id='word_1_183' title='bbox 1021 2946 1148 3008; x_wconf 68' lang='lat' dir='ltr'><strong>tres</strong></span> <span class='ocrx_word' id='word_1_184' title='bbox 1210 2945 1416 3007; x_wconf 73' lang='lat' dir='ltr'><strong>autem</strong></span> <span class='ocrx_word' id='word_1_185' title='bbox 1475 2941 1614 3007; x_wconf 76' lang='lat' dir='ltr'><strong>dies</strong></span> <span class='ocrx_word' id='word_1_186' title='bbox 1663 2960 1707 3004; x_wconf 93' lang='lat' dir='ltr'><strong>a</strong></span> <span class='ocrx_word' id='word_1_187' title='bbox 1766 2938 2009 3022; x_wconf 81' lang='lat' dir='ltr'><strong>foedere</strong></span> <span class='ocrx_word' id='word_1_188' title='bbox 2068 2958 2211 3005; x_wconf 82' lang='lat' dir='ltr'><strong>eum</strong></span> <span class='ocrx_word' id='word_1_189' title='bbox 2271 2937 2409 3005; x_wconf 71' lang='lat' dir='ltr'><strong>iuis</strong></span> 
     </span>
     <span class='ocr_line' id='line_1_29' title="bbox 461 3025 2406 3110; baseline -0.001 -18"><span class='ocrx_word' id='word_1_190' title='bbox 461 3028 620 3094; x_wconf 71' lang='lat' dir='ltr'><strong>inito</strong></span> <span class='ocrx_word' id='word_1_191' title='bbox 688 3028 1062 3108; x_wconf 74' lang='lat' dir='ltr'><strong>audierunt,</strong></span> <span class='ocrx_word' id='word_1_192' title='bbox 1126 3029 1288 3110; x_wconf 77' lang='lat' dir='ltr'><strong>quod</strong></span> <span class='ocrx_word' id='word_1_193' title='bbox 1331 3028 1677 3110; x_wconf 75' lang='lat' dir='ltr'><strong>propinqui</strong></span> <span class='ocrx_word' id='word_1_194' title='bbox 1734 3030 1930 3092; x_wconf 71' lang='lat' dir='ltr'><strong>essent</strong></span> <span class='ocrx_word' id='word_1_195' title='bbox 1975 3026 2172 3110; x_wconf 73' lang='lat' dir='ltr'><strong>ipsis,</strong></span> <span class='ocrx_word' id='word_1_196' title='bbox 2234 3029 2293 3091; x_wconf 76' lang='lat' dir='ltr'><strong>et</strong></span> <span class='ocrx_word' id='word_1_197' title='bbox 2333 3025 2406 3090; x_wconf 78' lang='lat' dir='ltr'><strong>in</strong></span> 
     </span>
     <span class='ocr_line' id='line_1_30' title="bbox 459 3110 2407 3197; baseline -0.003 -18"><span class='ocrx_word' id='word_1_198' title='bbox 459 3113 665 3180; x_wconf 79' lang='lat' dir='ltr'><strong>medio</strong></span> <span class='ocrx_word' id='word_1_199' title='bbox 705 3115 988 3197; x_wconf 80' lang='lat' dir='ltr'><strong>ipsorum</strong></span> <span class='ocrx_word' id='word_1_200' title='bbox 1029 3112 1393 3179; x_wconf 74' lang='lat' dir='ltr'><strong>habitarent.</strong></span> <span class='ocrx_word' id='word_1_201' title='bbox 1486 3113 1585 3178; x_wconf 84' lang='grc'><strong>17.</strong></span> <span class='ocrx_word' id='word_1_202' title='bbox 1657 3111 2048 3195; x_wconf 68' lang='lat' dir='ltr'><strong>Profedsique</strong></span> <span class='ocrx_word' id='word_1_203' title='bbox 2091 3115 2241 3178; x_wconf 75' lang='lat' dir='ltr'><strong>sunt</strong></span> <span class='ocrx_word' id='word_1_204' title='bbox 2275 3110 2407 3193; x_wconf 74' lang='lat' dir='ltr'><strong>filii</strong></span> 
     </span>
     <span class='ocr_line' id='line_1_31' title="bbox 462 3196 2407 3281; baseline -0.001 -16"><span class='ocrx_word' id='word_1_205' title='bbox 462 3198 689 3281; x_wconf 80' lang='lat' dir='ltr'><strong>Israel,</strong></span> <span class='ocrx_word' id='word_1_206' title='bbox 730 3204 786 3265; x_wconf 80' lang='lat' dir='ltr'><strong>et</strong></span> <span class='ocrx_word' id='word_1_207' title='bbox 817 3204 1115 3266; x_wconf 70' lang='lat' dir='ltr'><strong>venerunt</strong></span> <span class='ocrx_word' id='word_1_208' title='bbox 1146 3200 1232 3266; x_wconf 80' lang='lat' dir='ltr'><strong>ad</strong></span> <span class='ocrx_word' id='word_1_209' title='bbox 1260 3198 1443 3264; x_wconf 78' lang='lat' dir='ltr'><strong>urbes</strong></span> <span class='ocrx_word' id='word_1_210' title='bbox 1482 3199 1771 3280; x_wconf 76' lang='lat' dir='ltr'><strong>ipsorum</strong></span> <span class='ocrx_word' id='word_1_211' title='bbox 1804 3197 1907 3262; x_wconf 76' lang='lat' dir='ltr'><strong>die</strong></span> <span class='ocrx_word' id='word_1_212' title='bbox 1938 3197 2132 3263; x_wconf 65' lang='lat' dir='ltr'><strong>tertio.</strong></span> <span class='ocrx_word' id='word_1_213' title='bbox 2210 3196 2407 3265; x_wconf 72' lang='lat' dir='ltr'><strong>Urbes</strong></span> 
     </span>
     <span class='ocr_line' id='line_1_32' title="bbox 459 3282 2408 3366; baseline -0.002 -15"><span class='ocrx_word' id='word_1_214' title='bbox 459 3291 666 3351; x_wconf 77' lang='lat' dir='ltr'><strong>autem</strong></span> <span class='ocrx_word' id='word_1_215' title='bbox 702 3305 916 3352; x_wconf 76' lang='lat' dir='ltr'><strong>eorum</strong></span> <span class='ocrx_word' id='word_1_216' title='bbox 946 3290 1126 3351; x_wconf 72' lang='lat' dir='ltr'><strong>erant</strong></span> <span class='ocrx_word' id='word_1_217' title='bbox 1164 3284 1417 3365; x_wconf 76' lang='lat' dir='ltr'><strong>Gibeon,</strong></span> <span class='ocrx_word' id='word_1_218' title='bbox 1456 3282 1806 3366; x_wconf 75' lang='lat' dir='ltr'><strong>Ohephirat,</strong></span> <span class='ocrx_word' id='word_1_219' title='bbox 1850 3283 2133 3363; x_wconf 72' lang='lat' dir='ltr'><strong>Beeroth,</strong></span> <span class='ocrx_word' id='word_1_220' title='bbox 2176 3282 2408 3350; x_wconf 75' lang='lat' dir='ltr'><strong>Uiriat-</strong></span> 
     </span>
     <span class='ocr_line' id='line_1_33' title="bbox 456 3368 2405 3454; baseline -0.002 -16"><span class='ocrx_word' id='word_1_221' title='bbox 456 3372 704 3438; x_wconf 76' lang='lat' dir='ltr'><strong>iearim.</strong></span> <span class='ocrx_word' id='word_1_222' title='bbox 797 3371 896 3437; x_wconf 88' lang='lat'><strong>18.</strong></span> <span class='ocrx_word' id='word_1_223' title='bbox 962 3370 1052 3436; x_wconf 77' lang='lat' dir='ltr'><strong>Et</strong></span> <span class='ocrx_word' id='word_1_224' title='bbox 1089 3391 1213 3437; x_wconf 78' lang='lat' dir='ltr'><strong>non</strong></span> <span class='ocrx_word' id='word_1_225' title='bbox 1246 3372 1686 3454; x_wconf 74' lang='lat' dir='ltr'><strong>percusserunt</strong></span> <span class='ocrx_word' id='word_1_226' title='bbox 1727 3388 1832 3434; x_wconf 81' lang='lat' dir='ltr'><strong>eos</strong></span> <span class='ocrx_word' id='word_1_227' title='bbox 1867 3369 1994 3450; x_wconf 70' lang='lat' dir='ltr'><strong>filii</strong></span> <span class='ocrx_word' id='word_1_228' title='bbox 2038 3368 2278 3448; x_wconf 81' lang='lat' dir='ltr'><strong>Israel,</strong></span> <span class='ocrx_word' id='word_1_229' title='bbox 2336 3388 2405 3435; x_wconf 88' lang='lat' dir='ltr'><strong>eo</strong></span> 
     </span>
     <span class='ocr_line' id='line_1_34' title="bbox 458 3454 2402 3540; baseline -0.002 -17"><span class='ocrx_word' id='word_1_230' title='bbox 458 3458 627 3540; x_wconf 77' lang='lat' dir='ltr'><strong>quod</strong></span> <span class='ocrx_word' id='word_1_231' title='bbox 677 3459 994 3523; x_wconf 77' lang='lat' dir='ltr'><strong>iurassent</strong></span> <span class='ocrx_word' id='word_1_232' title='bbox 1033 3457 1126 3523; x_wconf 77' lang='lat' dir='ltr'><strong>eis</strong></span> <span class='ocrx_word' id='word_1_233' title='bbox 1157 3457 1486 3539; x_wconf 56' lang='lat' dir='ltr'><strong>mnospes</strong></span> <span class='ocrx_word' id='word_1_234' title='bbox 1540 3455 2027 3539; x_wconf 70' lang='lat' dir='ltr'><strong>myreqationis</strong></span> <span class='ocrx_word' id='word_1_235' title='bbox 2056 3474 2183 3537; x_wconf 78' lang='lat' dir='ltr'><strong>per</strong></span> <span class='ocrx_word' id='word_1_236' title='bbox 2223 3454 2402 3520; x_wconf 75' lang='lat' dir='ltr'><strong>Ieho-</strong></span> 
     </span>
     <span class='ocr_line' id='line_1_35' title="bbox 456 3539 2406 3625; baseline -0.001 -17"><span class='ocrx_word' id='word_1_237' title='bbox 456 3563 606 3609; x_wconf 80' lang='lat' dir='ltr'><strong>vam</strong></span> <span class='ocrx_word' id='word_1_238' title='bbox 657 3543 868 3610; x_wconf 80' lang='lat' dir='ltr'><strong>Deum</strong></span> <span class='ocrx_word' id='word_1_239' title='bbox 936 3542 1145 3609; x_wconf 78' lang='lat' dir='ltr'><strong>Israel</strong></span> <span class='ocrx_word' id='word_1_240' title='bbox 1160 3568 1178 3607; x_wconf 94' lang='lat'><strong>.·</strong></span> <span class='ocrx_word' id='word_1_241' title='bbox 1234 3547 1294 3608; x_wconf 83' lang='lat' dir='ltr'><strong>et</strong></span> <span class='ocrx_word' id='word_1_242' title='bbox 1353 3541 1777 3606; x_wconf 73' lang='lat' dir='ltr'><strong>murmuravit</strong></span> <span class='ocrx_word' id='word_1_243' title='bbox 1835 3544 1962 3606; x_wconf 74' lang='lat' dir='ltr'><strong>tota</strong></span> <span class='ocrx_word' id='word_1_244' title='bbox 2023 3539 2406 3625; x_wconf 71' lang='lat' dir='ltr'><strong>eonyreyatio</strong></span> 
     </span>
     <span class='ocr_line' id='line_1_36' title="bbox 456 3626 2405 3711; baseline -0.002 -16"><span class='ocrx_word' id='word_1_245' title='bbox 456 3633 672 3695; x_wconf 58' lang='lat' dir='ltr'><strong>eonem</strong></span> <span class='ocrx_word' id='word_1_246' title='bbox 701 3630 1049 3711; x_wconf 76' lang='lat' dir='ltr'><strong>prinoipes.</strong></span> <span class='ocrx_word' id='word_1_247' title='bbox 1143 3627 1240 3693; x_wconf 88' lang='lat'><strong>19.</strong></span> <span class='ocrx_word' id='word_1_248' title='bbox 1291 3626 1467 3693; x_wconf 78' lang='lat' dir='ltr'><strong>Tune</strong></span> <span class='ocrx_word' id='word_1_249' title='bbox 1512 3627 1809 3693; x_wconf 69' lang='lat' dir='ltr'><strong>dixerunt</strong></span> <span class='ocrx_word' id='word_1_250' title='bbox 1840 3645 2048 3692; x_wconf 77' lang='lat' dir='ltr'><strong>onmes</strong></span> <span class='ocrx_word' id='word_1_251' title='bbox 2078 3628 2405 3710; x_wconf 70' lang='lat' dir='ltr'><strong>principes</strong></span> 
     </span>
     <span class='ocr_line' id='line_1_37' title="bbox 458 3711 2406 3798; baseline -0.001 -19"><span class='ocrx_word' id='word_1_252' title='bbox 458 3714 545 3779; x_wconf 81' lang='lat' dir='ltr'><strong>ad</strong></span> <span class='ocrx_word' id='word_1_253' title='bbox 578 3719 767 3780; x_wconf 77' lang='lat' dir='ltr'><strong>totam</strong></span> <span class='ocrx_word' id='word_1_254' title='bbox 797 3714 1342 3798; x_wconf 64' lang='lat' dir='ltr'><strong>oonyreyatioroem:</strong></span> <span class='ocrx_word' id='word_1_255' title='bbox 1390 3711 1527 3778; x_wconf 81' lang='lat' dir='ltr'><strong>Nos</strong></span> <span class='ocrx_word' id='word_1_256' title='bbox 1567 3711 1926 3777; x_wconf 78' lang='lat' dir='ltr'><strong>iuravimus</strong></span> <span class='ocrx_word' id='word_1_257' title='bbox 1957 3713 2052 3777; x_wconf 77' lang='lat' dir='ltr'><strong>eis</strong></span> <span class='ocrx_word' id='word_1_258' title='bbox 2070 3733 2196 3794; x_wconf 84' lang='lat' dir='ltr'><strong>per</strong></span> <span class='ocrx_word' id='word_1_259' title='bbox 2229 3713 2406 3778; x_wconf 76' lang='lat' dir='ltr'><strong>Ieho-</strong></span> 
     </span>
     <span class='ocr_line' id='line_1_38' title="bbox 455 3799 2406 3883; baseline -0.001 -18"><span class='ocrx_word' id='word_1_260' title='bbox 455 3819 604 3866; x_wconf 75' lang='lat' dir='ltr'><strong>vam</strong></span> <span class='ocrx_word' id='word_1_261' title='bbox 645 3799 854 3865; x_wconf 82' lang='lat' dir='ltr'><strong>Deum</strong></span> <span class='ocrx_word' id='word_1_262' title='bbox 898 3800 1137 3879; x_wconf 78' lang='lat' dir='ltr'><strong>Israel,</strong></span> <span class='ocrx_word' id='word_1_263' title='bbox 1181 3799 1318 3864; x_wconf 74' lang='lat' dir='ltr'><strong>ideo</strong></span> <span class='ocrx_word' id='word_1_264' title='bbox 1358 3817 1523 3864; x_wconf 74' lang='lat' dir='ltr'><strong>nune</strong></span> <span class='ocrx_word' id='word_1_265' title='bbox 1562 3817 1687 3862; x_wconf 78' lang='lat' dir='ltr'><strong>nou</strong></span> <span class='ocrx_word' id='word_1_266' title='bbox 1721 3817 2057 3878; x_wconf 74' lang='lat' dir='ltr'><strong>possumus</strong></span> <span class='ocrx_word' id='word_1_267' title='bbox 2106 3799 2406 3883; x_wconf 67' lang='lat' dir='ltr'><strong>affluyere</strong></span> 
     </span>
     <span class='ocr_line' id='line_1_39' title="bbox 457 3881 2405 3968; baseline -0.002 -15"><span class='ocrx_word' id='word_1_268' title='bbox 457 3905 578 3953; x_wconf 78' lang='lat' dir='ltr'><strong>eos.</strong></span> <span class='ocrx_word' id='word_1_269' title='bbox 666 3885 768 3951; x_wconf 90' lang='grc'><strong>20.</strong></span> <span class='ocrx_word' id='word_1_270' title='bbox 836 3885 973 3951; x_wconf 83' lang='grc' dir='ltr'><strong>Ηοο</strong></span> <span class='ocrx_word' id='word_1_271' title='bbox 1009 3885 1321 3968; x_wconf 73' lang='lat' dir='ltr'><strong>faciemus</strong></span> <span class='ocrx_word' id='word_1_272' title='bbox 1363 3885 1475 3962; x_wconf 74' lang='lat' dir='ltr'><strong>eis,</strong></span> <span class='ocrx_word' id='word_1_273' title='bbox 1523 3881 1913 3949; x_wconf 79' lang='lat' dir='ltr'><strong>servabimus</strong></span> <span class='ocrx_word' id='word_1_274' title='bbox 1953 3904 2056 3950; x_wconf 78' lang='lat' dir='ltr'><strong>eos</strong></span> <span class='ocrx_word' id='word_1_275' title='bbox 2095 3884 2287 3964; x_wconf 72' lang='lat' dir='ltr'><strong>vivae,</strong></span> <span class='ocrx_word' id='word_1_276' title='bbox 2328 3903 2405 3949; x_wconf 79' lang='lat' dir='ltr'><strong>ne</strong></span> 
     </span>
     <span class='ocr_line' id='line_1_40' title="bbox 457 3970 2404 4055; baseline -0.002 -17"><span class='ocrx_word' id='word_1_277' title='bbox 457 3974 544 4038; x_wconf 76' lang='lat' dir='ltr'><strong>eit</strong></span> <span class='ocrx_word' id='word_1_278' title='bbox 582 3976 792 4038; x_wconf 65' lang='lat' dir='ltr'><strong>coner-a</strong></span> <span class='ocrx_word' id='word_1_279' title='bbox 831 3991 943 4037; x_wconf 76' lang='lat' dir='ltr'><strong>uos</strong></span> <span class='ocrx_word' id='word_1_280' title='bbox 988 3973 1095 4037; x_wconf 80' lang='lat' dir='ltr'><strong>ira</strong></span> <span class='ocrx_word' id='word_1_281' title='bbox 1123 3975 1382 4055; x_wconf 81' lang='lat' dir='ltr'><strong>propter</strong></span> <span class='ocrx_word' id='word_1_282' title='bbox 1436 3970 1895 4036; x_wconf 77' lang='lat' dir='ltr'><strong>iusiurandum</strong></span> <span class='ocrx_word' id='word_1_283' title='bbox 1943 3970 2108 4053; x_wconf 79' lang='lat' dir='ltr'><strong>quod</strong></span> <span class='ocrx_word' id='word_1_284' title='bbox 2154 3970 2404 4036; x_wconf 77' lang='lat' dir='ltr'><strong>iuravi·</strong></span> 
     </span>
     <span class='ocr_line' id='line_1_41' title="bbox 455 4055 2404 4140; baseline -0.002 -16"><span class='ocrx_word' id='word_1_285' title='bbox 455 4078 602 4124; x_wconf 83' lang='lat' dir='ltr'><strong>mus</strong></span> <span class='ocrx_word' id='word_1_286' title='bbox 640 4059 752 4125; x_wconf 74' lang='lat' dir='ltr'><strong>eie.</strong></span> <span class='ocrx_word' id='word_1_287' title='bbox 818 4057 920 4123; x_wconf 85' lang='lat'><strong>21.</strong></span> <span class='ocrx_word' id='word_1_288' title='bbox 967 4056 1286 4125; x_wconf 72' lang='lat' dir='ltr'><strong>Dixerunt</strong></span> <span class='ocrx_word' id='word_1_289' title='bbox 1323 4058 1534 4140; x_wconf 77' lang='lat' dir='ltr'><strong>itaque</strong></span> <span class='ocrx_word' id='word_1_290' title='bbox 1576 4055 1711 4122; x_wconf 72' lang='lat' dir='ltr'><strong>illis</strong></span> <span class='ocrx_word' id='word_1_291' title='bbox 1741 4057 2101 4138; x_wconf 74' lang='lat' dir='ltr'><strong>principes:</strong></span> <span class='ocrx_word' id='word_1_292' title='bbox 2158 4055 2404 4134; x_wconf 73' lang='lat' dir='ltr'><strong>Vivant,</strong></span> 
     </span>
     <span class='ocr_line' id='line_1_42' title="bbox 458 4142 2402 4227; baseline -0.002 -18"><span class='ocrx_word' id='word_1_293' title='bbox 458 4151 515 4209; x_wconf 81' lang='lat' dir='ltr'><strong>et</strong></span> <span class='ocrx_word' id='word_1_294' title='bbox 555 4145 814 4210; x_wconf 78' lang='lat' dir='ltr'><strong>caedant</strong></span> <span class='ocrx_word' id='word_1_295' title='bbox 860 4144 1069 4227; x_wconf 72' lang='lat' dir='ltr'><strong>liqna,</strong></span> <span class='ocrx_word' id='word_1_296' title='bbox 1134 4150 1190 4210; x_wconf 75' lang='lat' dir='ltr'><strong>et</strong></span> <span class='ocrx_word' id='word_1_297' title='bbox 1226 4143 1472 4227; x_wconf 72' lang='lat' dir='ltr'><strong>fodiant</strong></span> <span class='ocrx_word' id='word_1_298' title='bbox 1507 4161 1741 4226; x_wconf 70' lang='lat' dir='ltr'><strong>aquam</strong></span> <span class='ocrx_word' id='word_1_299' title='bbox 1777 4143 1886 4207; x_wconf 76' lang='lat' dir='ltr'><strong>toti</strong></span> <span class='ocrx_word' id='word_1_300' title='bbox 1926 4142 2402 4227; x_wconf 73' lang='lat' dir='ltr'><strong>eonyreqatioui,</strong></span> 
     </span>
     <span class='ocr_line' id='line_1_43' title="bbox 457 4228 2401 4313; baseline -0.001 -18"><span class='ocrx_word' id='word_1_301' title='bbox 457 4228 2401 4313; x_wconf 69' lang='lat' dir='ltr'><strong>quemadmodumloquutisunteiseunati“.</strong></span> 
     </span>
     <span class='ocr_line' id='line_1_44' title="bbox 458 4313 2400 4397; baseline 0.001 -19"><span class='ocrx_word' id='word_1_302' title='bbox 458 4315 560 4380; x_wconf 84' lang='lat'><strong>22.</strong></span> <span class='ocrx_word' id='word_1_303' title='bbox 635 4314 889 4381; x_wconf 78' lang='lat' dir='ltr'><strong>Vocavit</strong></span> <span class='ocrx_word' id='word_1_304' title='bbox 927 4316 1141 4397; x_wconf 74' lang='lat' dir='ltr'><strong>itaque</strong></span> <span class='ocrx_word' id='word_1_305' title='bbox 1183 4336 1284 4381; x_wconf 80' lang='lat' dir='ltr'><strong>eos</strong></span> <span class='ocrx_word' id='word_1_306' title='bbox 1328 4315 1546 4395; x_wconf 84' lang='lat' dir='ltr'><strong>Iosue,</strong></span> <span class='ocrx_word' id='word_1_307' title='bbox 1606 4318 1666 4379; x_wconf 82' lang='lat' dir='ltr'><strong>et</strong></span> <span class='ocrx_word' id='word_1_308' title='bbox 1708 4313 2001 4395; x_wconf 66' lang='lat' dir='ltr'><strong>loquum</strong></span> <span class='ocrx_word' id='word_1_309' title='bbox 2040 4319 2131 4380; x_wconf 73' lang='lat' dir='ltr'><strong>est</strong></span> <span class='ocrx_word' id='word_1_310' title='bbox 2164 4313 2252 4380; x_wconf 79' lang='lat' dir='ltr'><strong>ad</strong></span> <span class='ocrx_word' id='word_1_311' title='bbox 2283 4333 2400 4392; x_wconf 76' lang='lat' dir='ltr'><strong>eos,</strong></span> 
     </span>
     <span class='ocr_line' id='line_1_45' title="bbox 454 4398 2403 4485; baseline -0.001 -18"><span class='ocrx_word' id='word_1_312' title='bbox 454 4401 745 4468; x_wconf 75' lang='lat' dir='ltr'><strong>dicendo:</strong></span> <span class='ocrx_word' id='word_1_313' title='bbox 816 4401 896 4470; x_wconf 79' lang='lat' dir='ltr'><strong>Ut</strong></span> <span class='ocrx_word' id='word_1_314' title='bbox 936 4402 1092 4484; x_wconf 75' lang='lat' dir='ltr'><strong>quid</strong></span> <span class='ocrx_word' id='word_1_315' title='bbox 1131 4401 1461 4485; x_wconf 70' lang='lat' dir='ltr'><strong>decepistis</strong></span> <span class='ocrx_word' id='word_1_316' title='bbox 1500 4419 1632 4479; x_wconf 74' lang='lat' dir='ltr'><strong>noe,</strong></span> <span class='ocrx_word' id='word_1_317' title='bbox 1673 4398 1960 4466; x_wconf 78' lang='lat' dir='ltr'><strong>dicendo.-</strong></span> <span class='ocrx_word' id='word_1_318' title='bbox 2006 4398 2252 4466; x_wconf 75' lang='lat' dir='ltr'><strong>Remoti</strong></span> <span class='ocrx_word' id='word_1_319' title='bbox 2291 4419 2403 4465; x_wconf 78' lang='lat' dir='ltr'><strong>su-</strong></span> 
     </span>
     <span class='ocr_line' id='line_1_46' title="bbox 454 4485 2405 4570; baseline -0.001 -19"><span class='ocrx_word' id='word_1_320' title='bbox 454 4507 600 4552; x_wconf 80' lang='lat' dir='ltr'><strong>mus</strong></span> <span class='ocrx_word' id='word_1_321' title='bbox 639 4507 684 4553; x_wconf 88' lang='lat' dir='ltr'><strong>a</strong></span> <span class='ocrx_word' id='word_1_322' title='bbox 723 4487 899 4554; x_wconf 75' lang='lat' dir='ltr'><strong>vobis</strong></span> <span class='ocrx_word' id='word_1_323' title='bbox 937 4488 1149 4565; x_wconf 80' lang='lat' dir='ltr'><strong>valde,</strong></span> <span class='ocrx_word' id='word_1_324' title='bbox 1211 4507 1407 4570; x_wconf 74' lang='lat' dir='ltr'><strong>quum</strong></span> <span class='ocrx_word' id='word_1_325' title='bbox 1448 4487 1520 4552; x_wconf 78' lang='lat' dir='ltr'><strong>in</strong></span> <span class='ocrx_word' id='word_1_326' title='bbox 1560 4485 1763 4551; x_wconf 77' lang='lat' dir='ltr'><strong>medio</strong></span> <span class='ocrx_word' id='word_1_327' title='bbox 1810 4489 2009 4552; x_wconf 76' lang='lat' dir='ltr'><strong>nostri</strong></span> <span class='ocrx_word' id='word_1_328' title='bbox 2062 4485 2405 4552; x_wconf 72' lang='lat' dir='ltr'><strong>habitetis?</strong></span> 
     </span>
     <span class='ocr_line' id='line_1_47' title="bbox 454 4571 2405 4658; baseline -0.001 -19"><span class='ocrx_word' id='word_1_329' title='bbox 454 4573 557 4639; x_wconf 87' lang='grc'><strong>23.</strong></span> <span class='ocrx_word' id='word_1_330' title='bbox 620 4573 809 4639; x_wconf 76' lang='lat' dir='ltr'><strong>Nune</strong></span> <span class='ocrx_word' id='word_1_331' title='bbox 850 4594 990 4658; x_wconf 68' lang='lat' dir='ltr'><strong>erqo</strong></span> <span class='ocrx_word' id='word_1_332' title='bbox 1030 4572 1340 4640; x_wconf 75' lang='lat' dir='ltr'><strong>maledieti</strong></span> <span class='ocrx_word' id='word_1_333' title='bbox 1378 4573 1544 4652; x_wconf 74' lang='lat' dir='ltr'><strong>estis,</strong></span> <span class='ocrx_word' id='word_1_334' title='bbox 1587 4590 1697 4638; x_wconf 78' lang='lat' dir='ltr'><strong>nee</strong></span> <span class='ocrx_word' id='word_1_335' title='bbox 1726 4571 2089 4638; x_wconf 75' lang='lat' dir='ltr'><strong>delebuntur</strong></span> <span class='ocrx_word' id='word_1_336' title='bbox 2121 4592 2198 4637; x_wconf 77' lang='lat' dir='ltr'><strong>ex</strong></span> <span class='ocrx_word' id='word_1_337' title='bbox 2227 4571 2405 4637; x_wconf 76' lang='lat' dir='ltr'><strong>vobis</strong></span> 
     </span>
     <span class='ocr_line' id='line_1_48' title="bbox 451 4656 2403 4743; baseline -0.001 -17"><span class='ocrx_word' id='word_1_338' title='bbox 451 4660 638 4740; x_wconf 76' lang='lat' dir='ltr'><strong>servi,</strong></span> <span class='ocrx_word' id='word_1_339' title='bbox 680 4665 737 4726; x_wconf 77' lang='lat' dir='ltr'><strong>et</strong></span> <span class='ocrx_word' id='word_1_340' title='bbox 769 4660 1079 4727; x_wconf 77' lang='lat' dir='ltr'><strong>caedentes</strong></span> <span class='ocrx_word' id='word_1_341' title='bbox 1120 4659 1313 4743; x_wconf 67' lang='lat' dir='ltr'><strong>biyna,</strong></span> <span class='ocrx_word' id='word_1_342' title='bbox 1358 4663 1412 4724; x_wconf 75' lang='lat' dir='ltr'><strong>et</strong></span> <span class='ocrx_word' id='word_1_343' title='bbox 1446 4659 1750 4741; x_wconf 75' lang='lat' dir='ltr'><strong>fodientes</strong></span> <span class='ocrx_word' id='word_1_344' title='bbox 1791 4678 2023 4741; x_wconf 72' lang='lat' dir='ltr'><strong>aquam</strong></span> <span class='ocrx_word' id='word_1_345' title='bbox 2051 4678 2177 4739; x_wconf 84' lang='lat' dir='ltr'><strong>pro</strong></span> <span class='ocrx_word' id='word_1_346' title='bbox 2223 4656 2403 4724; x_wconf 82' lang='lat' dir='ltr'><strong>domo</strong></span> 
     </span>
     <span class='ocr_line' id='line_1_49' title="bbox 451 4744 2403 4827; baseline -0.001 -15"><span class='ocrx_word' id='word_1_347' title='bbox 451 4746 584 4813; x_wconf 78' lang='lat' dir='ltr'><strong>Dei</strong></span> <span class='ocrx_word' id='word_1_348' title='bbox 646 4746 788 4811; x_wconf 81' lang='lat' dir='ltr'><strong>mei.</strong></span> <span class='ocrx_word' id='word_1_349' title='bbox 875 4746 979 4812; x_wconf 88' lang='grc'><strong>24.</strong></span> <span class='ocrx_word' id='word_1_350' title='bbox 1055 4744 1180 4827; x_wconf 77' lang='lat' dir='ltr'><strong>Qui</strong></span> <span class='ocrx_word' id='word_1_351' title='bbox 1256 4745 1707 4826; x_wconf 72' lang='lat' dir='ltr'><strong>responderunt</strong></span> <span class='ocrx_word' id='word_1_352' title='bbox 1769 4746 1856 4811; x_wconf 81' lang='lat' dir='ltr'><strong>ad</strong></span> <span class='ocrx_word' id='word_1_353' title='bbox 1917 4745 2132 4824; x_wconf 79' lang='lat' dir='ltr'><strong>Iosue,</strong></span> <span class='ocrx_word' id='word_1_354' title='bbox 2220 4748 2403 4826; x_wconf 77' lang='lat' dir='ltr'><strong>atque</strong></span> 
     </span>
     <span class='ocr_line' id='line_1_50' title="bbox 450 4830 2403 4914; baseline 0 -17"><span class='ocrx_word' id='word_1_355' title='bbox 450 4832 749 4899; x_wconf 74' lang='lat' dir='ltr'><strong>dioeerunt</strong></span> <span class='ocrx_word' id='word_1_356' title='bbox 764 4856 784 4897; x_wconf 91' lang='lat'><strong>.·</strong></span> <span class='ocrx_word' id='word_1_357' title='bbox 855 4833 1058 4914; x_wconf 73' lang='lat' dir='ltr'><strong>Quum</strong></span> <span class='ocrx_word' id='word_1_358' title='bbox 1097 4831 1521 4897; x_wconf 77' lang='lat' dir='ltr'><strong>renunciando</strong></span> <span class='ocrx_word' id='word_1_359' title='bbox 1562 4831 1998 4897; x_wconf 59' lang='lat' dir='ltr'><strong>remandatum</strong></span> <span class='ocrx_word' id='word_1_360' title='bbox 2034 4830 2162 4914; x_wconf 76' lang='lat' dir='ltr'><strong>fuit</strong></span> <span class='ocrx_word' id='word_1_361' title='bbox 2201 4831 2403 4897; x_wconf 76' lang='lat' dir='ltr'><strong>servis</strong></span> 
     </span>
     <span class='ocr_line' id='line_1_51' title="bbox 452 4914 2405 5016; baseline 0 -33"><span class='ocrx_word' id='word_1_362' title='bbox 452 4920 582 4984; x_wconf 70' lang='lat' dir='ltr'><strong>tuis</strong></span> <span class='ocrx_word' id='word_1_363' title='bbox 658 4918 955 5001; x_wconf 76' lang='lat' dir='ltr'><strong>quomodo</strong></span> <span class='ocrx_word' id='word_1_364' title='bbox 1018 4921 1424 5016; x_wconf 73' lang='lat' dir='ltr'><strong>praeceperat</strong></span> <span class='ocrx_word' id='word_1_365' title='bbox 1487 4916 1717 4983; x_wconf 75' lang='lat' dir='ltr'><strong>Iehova</strong></span> <span class='ocrx_word' id='word_1_366' title='bbox 1778 4916 1961 4983; x_wconf 77' lang='lat' dir='ltr'><strong>Deus</strong></span> <span class='ocrx_word' id='word_1_367' title='bbox 2020 4922 2169 4983; x_wconf 75' lang='lat' dir='ltr'><strong>tuus</strong></span> <span class='ocrx_word' id='word_1_368' title='bbox 2233 4914 2405 4983; x_wconf 78' lang='lat' dir='ltr'><strong>Masi</strong></span> 
     </span>
     <span class='ocr_line' id='line_1_52' title="bbox 452 5001 2405 5188; baseline -0.001 -33"><span class='ocrx_word' id='word_1_369' title='bbox 452 5024 830 5157; x_wconf 48' lang='lat' dir='ltr'><strong>{zi-{affe}</strong></span> <span class='ocrx_word' id='word_1_370' title='bbox 850 5004 1152 5156; x_wconf 49' lang='grc' dir='ltr'><strong>ἷένῗὲἒῖ</strong></span> <span class='ocrx_word' id='word_1_371' title='bbox 1170 5001 1367 5188; x_wconf 48' lang='lat' dir='ltr'><strong>We</strong></span> <span class='ocrx_word' id='word_1_372' title='bbox 1385 5008 1639 5169; x_wconf 56' lang='lat'><strong>⁸2:223:</strong></span> <span class='ocrx_word' id='word_1_373' title='bbox 1679 5003 2405 5188; x_wconf 50' lang='lat' dir='ltr'><strong>Zssffldssi‘mmffi</strong></span> 
     </span>
     <span class='ocr_line' id='line_1_53' title="bbox 452 5173 2405 5258; baseline -0.001 -17"><span class='ocrx_word' id='word_1_374' title='bbox 452 5175 679 5243; x_wconf 77' lang='lat' dir='ltr'><strong>mabus</strong></span> <span class='ocrx_word' id='word_1_375' title='bbox 721 5178 952 5242; x_wconf 71' lang='lat' dir='ltr'><strong>nostris</strong></span> <span class='ocrx_word' id='word_1_376' title='bbox 985 5196 1027 5241; x_wconf 94' lang='lat' dir='ltr'><strong>a</strong></span> <span class='ocrx_word' id='word_1_377' title='bbox 1058 5174 1224 5258; x_wconf 66' lang='lat' dir='ltr'><strong>facte</strong></span> <span class='ocrx_word' id='word_1_378' title='bbox 1264 5180 1471 5242; x_wconf 72' lang='lat' dir='ltr'><strong>vestra</strong></span> <span class='ocrx_word' id='word_1_379' title='bbox 1511 5179 1568 5241; x_wconf 74' lang='lat' dir='ltr'><strong>et</strong></span> <span class='ocrx_word' id='word_1_380' title='bbox 1605 5174 1867 5257; x_wconf 72' lang='lat' dir='ltr'><strong>semmua</strong></span> <span class='ocrx_word' id='word_1_381' title='bbox 1908 5176 2095 5241; x_wconf 76' lang='lat' dir='ltr'><strong>istud.</strong></span> <span class='ocrx_word' id='word_1_382' title='bbox 2159 5175 2264 5241; x_wconf 84' lang='lat'><strong>25.</strong></span> <span class='ocrx_word' id='word_1_383' title='bbox 2316 5173 2405 5239; x_wconf 74' lang='lat' dir='ltr'><strong>Et</strong></span> 
     </span>
     <span class='ocr_line' id='line_1_54' title="bbox 455 5261 2404 5344; baseline -0.001 -17"><span class='ocrx_word' id='word_1_384' title='bbox 455 5283 618 5327; x_wconf 75' lang='lat' dir='ltr'><strong>nunc</strong></span> <span class='ocrx_word' id='word_1_385' title='bbox 672 5282 797 5329; x_wconf 84' lang='lat' dir='ltr'><strong>ecce</strong></span> <span class='ocrx_word' id='word_1_386' title='bbox 851 5283 1070 5328; x_wconf 77' lang='lat' dir='ltr'><strong>sumus</strong></span> <span class='ocrx_word' id='word_1_387' title='bbox 1129 5262 1201 5327; x_wconf 79' lang='lat' dir='ltr'><strong>in</strong></span> <span class='ocrx_word' id='word_1_388' title='bbox 1257 5282 1453 5328; x_wconf 82' lang='lat' dir='ltr'><strong>manu</strong></span> <span class='ocrx_word' id='word_1_389' title='bbox 1489 5265 1601 5328; x_wconf 79' lang='lat' dir='ltr'><strong>tua</strong></span> <span class='ocrx_word' id='word_1_390' title='bbox 1615 5311 1632 5342; x_wconf 91' lang='lat'>‚</span> <span class='ocrx_word' id='word_1_391' title='bbox 1689 5262 1852 5327; x_wconf 78' lang='lat' dir='ltr'><strong>sicut</strong></span> <span class='ocrx_word' id='word_1_392' title='bbox 1876 5261 2110 5344; x_wconf 78' lang='lat' dir='ltr'><strong>placet,</strong></span> <span class='ocrx_word' id='word_1_393' title='bbox 2146 5267 2201 5327; x_wconf 80' lang='lat' dir='ltr'><strong>et</strong></span> <span class='ocrx_word' id='word_1_394' title='bbox 2241 5261 2404 5326; x_wconf 57' lang='lat' dir='ltr'><strong>deut</strong></span> 
     </span>
     <span class='ocr_line' id='line_1_55' title="bbox 452 5346 2403 5430; baseline -0.003 -17"><span class='ocrx_word' id='word_1_395' title='bbox 452 5355 689 5417; x_wconf 81' lang='lat' dir='ltr'><strong>rectum</strong></span> <span class='ocrx_word' id='word_1_396' title='bbox 756 5353 844 5413; x_wconf 76' lang='lat' dir='ltr'><strong>est</strong></span> <span class='ocrx_word' id='word_1_397' title='bbox 906 5350 978 5414; x_wconf 78' lang='lat' dir='ltr'><strong>in</strong></span> <span class='ocrx_word' id='word_1_398' title='bbox 1041 5347 1237 5416; x_wconf 72' lang='lat' dir='ltr'><strong>oculis</strong></span> <span class='ocrx_word' id='word_1_399' title='bbox 1299 5350 1462 5428; x_wconf 78' lang='lat' dir='ltr'><strong>tuis,</strong></span> <span class='ocrx_word' id='word_1_400' title='bbox 1519 5352 1593 5414; x_wconf 79' lang='lat' dir='ltr'><strong>ut</strong></span> <span class='ocrx_word' id='word_1_401' title='bbox 1647 5346 1858 5430; x_wconf 78' lang='lat' dir='ltr'><strong>facias</strong></span> <span class='ocrx_word' id='word_1_402' title='bbox 1919 5347 2122 5427; x_wconf 77' lang='lat' dir='ltr'><strong>nobis,</strong></span> <span class='ocrx_word' id='word_1_403' title='bbox 2189 5347 2403 5429; x_wconf 78' lang='lat' dir='ltr'><strong>faeies.</strong></span> 
     </span>
    </p>
   </div>
   <div class='ocr_carea' id='block_1_4' title="bbox 1655 431 3289 502">
    <p class='ocr_par' dir='ltr' id='par_1_5' title="bbox 1655 431 3289 502">
     <span class='ocr_line' id='line_1_56' title="bbox 1655 431 3289 502; baseline 0.001 -2"><span class='ocrx_word' id='word_1_404' title='bbox 1655 431 2401 501; x_wconf 75' lang='lat' dir='ltr'><strong>COMMENTARIUS</strong></span> <span class='ocrx_word' id='word_1_405' title='bbox 2445 431 2548 498; x_wconf 91' lang='lat' dir='ltr'><strong>IN</strong></span> <span class='ocrx_word' id='word_1_406' title='bbox 2592 431 2874 502; x_wconf 83' lang='lat' dir='ltr'>IOSUE</span> <span class='ocrx_word' id='word_1_407' title='bbox 2919 434 3116 502; x_wconf 83' lang='lat' dir='ltr'><strong>OAP.</strong></span> <span class='ocrx_word' id='word_1_408' title='bbox 3164 435 3289 502; x_wconf 87' lang='lat' dir='ltr'><strong>IX.</strong></span> 
     </span>
    </p>
   </div>
   <div class='ocr_carea' id='block_1_5' title="bbox 2449 621 2479 5392">
    <p class='ocr_par' dir='ltr' id='par_1_6' title="bbox 2449 621 2479 5392">
     <span class='ocr_line' id='line_1_57' title="bbox 2449 621 2479 5392; baseline 0 0"><span class='ocrx_word' id='word_1_409' title='bbox 2449 621 2479 5392; x_wconf 95' lang='lat' dir='ltr'><strong> </strong></span> 
     </span>
    </p>
   </div>
   <div class='ocr_carea' id='block_1_6' title="bbox 3894 8 4938 15">
    <p class='ocr_par' dir='ltr' id='par_1_7' title="bbox 3894 8 4938 15">
     <span class='ocr_line' id='line_1_58' title="bbox 3894 8 4938 15; baseline 0 0"><span class='ocrx_word' id='word_1_410' title='bbox 3894 8 4938 15; x_wconf 95' lang='lat' dir='ltr'><strong> </strong></span> 
     </span>
    </p>
   </div>
   <div class='ocr_carea' id='block_1_7' title="bbox 4337 441 4468 507">
    <p class='ocr_par' dir='ltr' id='par_1_8' title="bbox 4337 441 4468 507">
     <span class='ocr_line' id='line_1_59' title="bbox 4337 441 4468 507; baseline 0 -1"><span class='ocrx_word' id='word_1_411' title='bbox 4337 441 4468 507; x_wconf 88' lang='grc'><strong>494</strong></span> 
     </span>
    </p>
   </div>
   <div class='ocr_carea' id='block_1_8' title="bbox 2515 618 4473 1050">
    <p class='ocr_par' dir='ltr' id='par_1_9' title="bbox 2515 618 4473 1050">
     <span class='ocr_line' id='line_1_60' title="bbox 2515 618 4470 710; baseline 0.005 -23"><span class='ocrx_word' id='word_1_412' title='bbox 2515 621 2619 688; x_wconf 91' lang='grc'><strong>26.</strong></span> <span class='ocrx_word' id='word_1_413' title='bbox 2661 618 2751 687; x_wconf 77' lang='lat' dir='ltr'><strong>Et</strong></span> <span class='ocrx_word' id='word_1_414' title='bbox 2786 622 2935 705; x_wconf 78' lang='lat' dir='ltr'><strong>feeit</strong></span> <span class='ocrx_word' id='word_1_415' title='bbox 2974 623 3067 689; x_wconf 75' lang='lat' dir='ltr'><strong>eis</strong></span> <span class='ocrx_word' id='word_1_416' title='bbox 3106 625 3218 703; x_wconf 75' lang='lat' dir='ltr'><strong>ita,</strong></span> <span class='ocrx_word' id='word_1_417' title='bbox 3262 624 3663 707; x_wconf 74' lang='lat' dir='ltr'><strong>liberavitque</strong></span> <span class='ocrx_word' id='word_1_418' title='bbox 3696 644 3797 691; x_wconf 77' lang='lat' dir='ltr'><strong>eos</strong></span> <span class='ocrx_word' id='word_1_419' title='bbox 3837 626 3914 692; x_wconf 83' lang='lat' dir='ltr'><strong>de</strong></span> <span class='ocrx_word' id='word_1_420' title='bbox 3952 645 4153 693; x_wconf 79' lang='lat' dir='ltr'><strong>manu</strong></span> <span class='ocrx_word' id='word_1_421' title='bbox 4185 627 4470 710; x_wconf 76' lang='lat' dir='ltr'><strong>filiorum</strong></span> 
     </span>
     <span class='ocr_line' id='line_1_61' title="bbox 2517 708 4473 796; baseline 0.005 -24"><span class='ocrx_word' id='word_1_422' title='bbox 2517 708 2756 788; x_wconf 75' lang='lat' dir='ltr'><strong>Israel,</strong></span> <span class='ocrx_word' id='word_1_423' title='bbox 2820 729 2930 775; x_wconf 74' lang='lat' dir='ltr'><strong>nee</strong></span> <span class='ocrx_word' id='word_1_424' title='bbox 2983 709 3421 792; x_wconf 71' lang='lat' dir='ltr'><strong>interfecerunt</strong></span> <span class='ocrx_word' id='word_1_425' title='bbox 3482 730 3598 777; x_wconf 77' lang='lat' dir='ltr'><strong>eos,</strong></span> <span class='ocrx_word' id='word_1_426' title='bbox 3688 711 3791 777; x_wconf 81' lang='lat'><strong>27.</strong></span> <span class='ocrx_word' id='word_1_427' title='bbox 3863 711 4306 796; x_wconf 61' lang='lat' dir='ltr'><strong>Constituitque</strong></span> <span class='ocrx_word' id='word_1_428' title='bbox 4369 736 4473 782; x_wconf 82' lang='lat' dir='ltr'><strong>eos</strong></span> 
     </span>
     <span class='ocr_line' id='line_1_62' title="bbox 2516 794 4472 884; baseline 0.005 -26"><span class='ocrx_word' id='word_1_429' title='bbox 2516 794 2704 860; x_wconf 82' lang='lat' dir='ltr'><strong>Iosue</strong></span> <span class='ocrx_word' id='word_1_430' title='bbox 2764 814 2832 860; x_wconf 90' lang='lat' dir='ltr'><strong>eo</strong></span> <span class='ocrx_word' id='word_1_431' title='bbox 2881 796 2983 862; x_wconf 80' lang='lat' dir='ltr'><strong>die</strong></span> <span class='ocrx_word' id='word_1_432' title='bbox 3041 815 3319 861; x_wconf 79' lang='lat' dir='ltr'><strong>caesores</strong></span> <span class='ocrx_word' id='word_1_433' title='bbox 3375 796 3715 880; x_wconf 69' lang='lat' dir='ltr'><strong>liquorum,</strong></span> <span class='ocrx_word' id='word_1_434' title='bbox 3781 803 3839 862; x_wconf 74' lang='lat' dir='ltr'><strong>et</strong></span> <span class='ocrx_word' id='word_1_435' title='bbox 3890 797 4213 866; x_wconf 76' lang='lat' dir='ltr'><strong>haustores</strong></span> <span class='ocrx_word' id='word_1_436' title='bbox 4269 820 4472 884; x_wconf 77' lang='lat' dir='ltr'><strong>aquae</strong></span> 
     </span>
     <span class='ocr_line' id='line_1_63' title="bbox 2515 881 4469 966; baseline 0.005 -22"><span class='ocrx_word' id='word_1_437' title='bbox 2515 881 2970 964; x_wconf 73' lang='lat' dir='ltr'><strong>eonyreyationi</strong></span> <span class='ocrx_word' id='word_1_438' title='bbox 2986 931 3002 959; x_wconf 95' lang='lat'><strong>,</strong></span> <span class='ocrx_word' id='word_1_439' title='bbox 3048 885 3104 946; x_wconf 76' lang='lat' dir='ltr'><strong>et</strong></span> <span class='ocrx_word' id='word_1_440' title='bbox 3158 881 3354 946; x_wconf 77' lang='lat' dir='ltr'><strong>altari</strong></span> <span class='ocrx_word' id='word_1_441' title='bbox 3396 882 3661 949; x_wconf 75' lang='lat' dir='ltr'><strong>Iekovae</strong></span> <span class='ocrx_word' id='word_1_442' title='bbox 3715 903 3910 966; x_wconf 77' lang='lat' dir='ltr'><strong>usque</strong></span> <span class='ocrx_word' id='word_1_443' title='bbox 3964 886 4035 950; x_wconf 79' lang='lat' dir='ltr'><strong>in</strong></span> <span class='ocrx_word' id='word_1_444' title='bbox 4086 885 4250 954; x_wconf 78' lang='lat' dir='ltr'><strong>hune</strong></span> <span class='ocrx_word' id='word_1_445' title='bbox 4301 888 4469 953; x_wconf 78' lang='lat' dir='ltr'><strong>diem</strong></span> 
     </span>
     <span class='ocr_line' id='line_1_64' title="bbox 2517 966 3277 1050; baseline 0 -20"><span class='ocrx_word' id='word_1_446' title='bbox 2517 966 2587 1030; x_wconf 82' lang='lat' dir='ltr'><strong>in</strong></span> <span class='ocrx_word' id='word_1_447' title='bbox 2632 967 2757 1032; x_wconf 81' lang='lat' dir='ltr'><strong>loeo</strong></span> <span class='ocrx_word' id='word_1_448' title='bbox 2799 987 2978 1048; x_wconf 80' lang='lat' dir='ltr'><strong>quem</strong></span> <span class='ocrx_word' id='word_1_449' title='bbox 3019 966 3277 1050; x_wconf 71' lang='lat' dir='ltr'><strong>eleqerit.</strong></span> 
     </span>
    </p>
   </div>
   <div class='ocr_carea' id='block_1_9' title="bbox 2501 1135 4468 5430">
    <p class='ocr_par' dir='ltr' id='par_1_10' title="bbox 2501 1135 4468 5430">
     <span class='ocr_line' id='line_1_65' title="bbox 2695 1135 4467 1225; baseline 0.003 -24"><span class='ocrx_word' id='word_1_450' title='bbox 2695 1137 2795 1201; x_wconf 86' lang='lat'><strong>16.</strong></span> <span class='ocrx_word' id='word_1_451' title='bbox 2867 1135 3020 1203; x_wconf 72' lang='lat' dir='ltr'><strong>Post</strong></span> <span class='ocrx_word' id='word_1_452' title='bbox 3080 1141 3206 1203; x_wconf 63' lang='lat' dir='ltr'><strong>wes</strong></span> <span class='ocrx_word' id='word_1_453' title='bbox 3270 1143 3475 1203; x_wconf 77' lang='lat' dir='ltr'><strong>autem</strong></span> <span class='ocrx_word' id='word_1_454' title='bbox 3538 1139 3692 1205; x_wconf 80' lang='lat' dir='ltr'><strong>dies.</strong></span> <span class='ocrx_word' id='word_1_455' title='bbox 3782 1138 3977 1222; x_wconf 80' lang='lat' dir='ltr'><strong>Quod</strong></span> <span class='ocrx_word' id='word_1_456' title='bbox 4039 1140 4257 1207; x_wconf 89' lang='lat' dir='ltr'><strong>triduo</strong></span> <span class='ocrx_word' id='word_1_457' title='bbox 4314 1150 4467 1225; x_wconf 88' lang='lat' dir='ltr'><strong>post</strong></span> 
     </span>
     <span class='ocr_line' id='line_1_66' title="bbox 2520 1222 4468 1309; baseline 0.002 -19"><span class='ocrx_word' id='word_1_458' title='bbox 2520 1243 2743 1290; x_wconf 87' lang='lat' dir='ltr'><strong>errore</strong></span> <span class='ocrx_word' id='word_1_459' title='bbox 2786 1222 3191 1307; x_wconf 85' lang='lat' dir='ltr'><strong>deprehenso</strong></span> <span class='ocrx_word' id='word_1_460' title='bbox 3234 1225 3554 1307; x_wconf 86' lang='lat' dir='ltr'><strong>castigata</strong></span> <span class='ocrx_word' id='word_1_461' title='bbox 3597 1225 3722 1290; x_wconf 85' lang='lat' dir='ltr'><strong>fuit</strong></span> <span class='ocrx_word' id='word_1_462' title='bbox 3778 1247 4002 1292; x_wconf 91' lang='lat' dir='ltr'><strong>eorum</strong></span> <span class='ocrx_word' id='word_1_463' title='bbox 4056 1226 4325 1309; x_wconf 83' lang='lat' dir='ltr'><strong>levitas,</strong></span> <span class='ocrx_word' id='word_1_464' title='bbox 4389 1248 4468 1293; x_wconf 88' lang='lat' dir='ltr'><strong>ea</strong></span> 
     </span>
     <span class='ocr_line' id='line_1_67' title="bbox 2518 1308 4468 1395; baseline 0.003 -22"><span class='ocrx_word' id='word_1_465' title='bbox 2518 1329 2767 1393; x_wconf 90' lang='lat' dir='ltr'><strong>poenae</strong></span> <span class='ocrx_word' id='word_1_466' title='bbox 2823 1308 3121 1375; x_wconf 85' lang='lat' dir='ltr'><strong>celeritas</strong></span> <span class='ocrx_word' id='word_1_467' title='bbox 3178 1309 3330 1392; x_wconf 89' lang='lat' dir='ltr'><strong>plus</strong></span> <span class='ocrx_word' id='word_1_468' title='bbox 3386 1310 3694 1376; x_wconf 85' lang='lat' dir='ltr'><strong>infamiae</strong></span> <span class='ocrx_word' id='word_1_469' title='bbox 3735 1320 3805 1377; x_wconf 92' lang='lat' dir='ltr'><strong>et</strong></span> <span class='ocrx_word' id='word_1_470' title='bbox 3862 1310 4131 1395; x_wconf 89' lang='lat' dir='ltr'><strong>pudoris</strong></span> <span class='ocrx_word' id='word_1_471' title='bbox 4174 1314 4468 1379; x_wconf 89' lang='lat' dir='ltr'><strong>incutere</strong></span> 
     </span>
     <span class='ocr_line' id='line_1_68' title="bbox 2520 1394 4462 1483; baseline 0.001 -21"><span class='ocrx_word' id='word_1_472' title='bbox 2520 1395 2761 1462; x_wconf 90' lang='lat' dir='ltr'><strong>debuit.</strong></span> <span class='ocrx_word' id='word_1_473' title='bbox 2848 1394 2967 1461; x_wconf 83' lang='lat' dir='ltr'><strong>Sic</strong></span> <span class='ocrx_word' id='word_1_474' title='bbox 3010 1396 3186 1460; x_wconf 89' lang='lat' dir='ltr'><strong>enim</strong></span> <span class='ocrx_word' id='word_1_475' title='bbox 3229 1397 3564 1479; x_wconf 90' lang='lat' dir='ltr'><strong>cognitum</strong></span> <span class='ocrx_word' id='word_1_476' title='bbox 3608 1396 3761 1476; x_wconf 85' lang='lat' dir='ltr'><strong>fuit,</strong></span> <span class='ocrx_word' id='word_1_477' title='bbox 3818 1416 3927 1464; x_wconf 89' lang='lat' dir='ltr'><strong>eos</strong></span> <span class='ocrx_word' id='word_1_478' title='bbox 3969 1419 4087 1483; x_wconf 89' lang='lat' dir='ltr'><strong>per</strong></span> <span class='ocrx_word' id='word_1_479' title='bbox 4127 1398 4462 1483; x_wconf 80' lang='lat' dir='ltr'><strong>ignaviam</strong></span> 
     </span>
     <span class='ocr_line' id='line_1_69' title="bbox 2518 1480 4465 1569; baseline 0.001 -21"><span class='ocrx_word' id='word_1_480' title='bbox 2518 1492 2586 1548; x_wconf 89' lang='lat' dir='ltr'><strong>et</strong></span> <span class='ocrx_word' id='word_1_481' title='bbox 2627 1480 2987 1548; x_wconf 89' lang='lat' dir='ltr'><strong>socordiam</strong></span> <span class='ocrx_word' id='word_1_482' title='bbox 3031 1481 3180 1564; x_wconf 89' lang='lat' dir='ltr'><strong>plus</strong></span> <span class='ocrx_word' id='word_1_483' title='bbox 3216 1501 3411 1565; x_wconf 90' lang='lat' dir='ltr'><strong>quam</strong></span> <span class='ocrx_word' id='word_1_484' title='bbox 3454 1482 3731 1564; x_wconf 84' lang='lat' dir='ltr'><strong>turpiter</strong></span> <span class='ocrx_word' id='word_1_485' title='bbox 3771 1482 3974 1549; x_wconf 87' lang='lat' dir='ltr'><strong>fuisse</strong></span> <span class='ocrx_word' id='word_1_486' title='bbox 4015 1484 4235 1568; x_wconf 86' lang='lat' dir='ltr'><strong>lapsos</strong></span> <span class='ocrx_word' id='word_1_487' title='bbox 4251 1532 4267 1562; x_wconf 91' lang='lat'><strong>,</strong></span> <span class='ocrx_word' id='word_1_488' title='bbox 4312 1486 4465 1569; x_wconf 88' lang='lat' dir='ltr'><strong>quia</strong></span> 
     </span>
     <span class='ocr_line' id='line_1_70' title="bbox 2520 1565 4464 1654; baseline 0.002 -21"><span class='ocrx_word' id='word_1_489' title='bbox 2520 1568 2601 1633; x_wconf 92' lang='lat' dir='ltr'><strong>de</strong></span> <span class='ocrx_word' id='word_1_490' title='bbox 2645 1589 2717 1634; x_wconf 92' lang='lat' dir='ltr'><strong>re</strong></span> <span class='ocrx_word' id='word_1_491' title='bbox 2774 1565 3240 1650; x_wconf 90' lang='lat' dir='ltr'><strong>propemodum</strong></span> <span class='ocrx_word' id='word_1_492' title='bbox 3300 1576 3453 1633; x_wconf 87' lang='lat' dir='ltr'><strong>ante</strong></span> <span class='ocrx_word' id='word_1_493' title='bbox 3507 1567 3728 1634; x_wconf 90' lang='lat' dir='ltr'><strong>oculos</strong></span> <span class='ocrx_word' id='word_1_494' title='bbox 3785 1570 4079 1653; x_wconf 87' lang='lat' dir='ltr'><strong>exposita</strong></span> <span class='ocrx_word' id='word_1_495' title='bbox 4133 1570 4464 1654; x_wconf 88' lang='lat' dir='ltr'><strong>inquirere</strong></span> 
     </span>
     <span class='ocr_line' id='line_1_71' title="bbox 2519 1650 4464 1736; baseline 0 -15"><span class='ocrx_word' id='word_1_496' title='bbox 2519 1676 2651 1721; x_wconf 91' lang='lat' dir='ltr'><strong>non</strong></span> <span class='ocrx_word' id='word_1_497' title='bbox 2708 1653 3161 1719; x_wconf 87' lang='lat' dir='ltr'><strong>sustinuerint.</strong></span> <span class='ocrx_word' id='word_1_498' title='bbox 3251 1650 3447 1733; x_wconf 79' lang='lat' dir='ltr'><strong>Quod</strong></span> <span class='ocrx_word' id='word_1_499' title='bbox 3497 1663 3802 1736; x_wconf 90' lang='lat' dir='ltr'><strong>pacatum</strong></span> <span class='ocrx_word' id='word_1_500' title='bbox 3861 1665 3962 1721; x_wconf 91' lang='lat' dir='ltr'><strong>est</strong></span> <span class='ocrx_word' id='word_1_501' title='bbox 4015 1655 4149 1722; x_wconf 90' lang='lat' dir='ltr'><strong>illis</strong></span> <span class='ocrx_word' id='word_1_502' title='bbox 4205 1658 4335 1720; x_wconf 91' lang='lat' dir='ltr'><strong>iter</strong></span> <span class='ocrx_word' id='word_1_503' title='bbox 4392 1656 4464 1721; x_wconf 93' lang='lat' dir='ltr'><strong>in</strong></span> 
     </span>
     <span class='ocr_line' id='line_1_72' title="bbox 2519 1738 4465 1825; baseline 0.001 -19"><span class='ocrx_word' id='word_1_504' title='bbox 2519 1761 2598 1806; x_wconf 93' lang='lat' dir='ltr'><strong>ea</strong></span> <span class='ocrx_word' id='word_1_505' title='bbox 2631 1739 2915 1824; x_wconf 89' lang='lat' dir='ltr'><strong>regione,</strong></span> <span class='ocrx_word' id='word_1_506' title='bbox 2955 1757 3181 1804; x_wconf 89' lang='lat' dir='ltr'><strong>secure</strong></span> <span class='ocrx_word' id='word_1_507' title='bbox 3215 1738 3409 1804; x_wconf 88' lang='lat' dir='ltr'><strong>urbes</strong></span> <span class='ocrx_word' id='word_1_508' title='bbox 3440 1738 3921 1824; x_wconf 87' lang='lat' dir='ltr'><strong>ingrediuntur,</strong></span> <span class='ocrx_word' id='word_1_509' title='bbox 3965 1740 4245 1807; x_wconf 86' lang='lat' dir='ltr'><strong>liberum</strong></span> <span class='ocrx_word' id='word_1_510' title='bbox 4281 1762 4465 1825; x_wconf 90' lang='lat' dir='ltr'><strong>repe-</strong></span> 
     </span>
     <span class='ocr_line' id='line_1_73' title="bbox 2516 1823 4462 1912; baseline 0.001 -20"><span class='ocrx_word' id='word_1_511' title='bbox 2516 1828 2701 1892; x_wconf 91' lang='lat' dir='ltr'><strong>riunt</strong></span> <span class='ocrx_word' id='word_1_512' title='bbox 2754 1833 3223 1903; x_wconf 88' lang='lat' dir='ltr'><strong>commeatum,</strong></span> <span class='ocrx_word' id='word_1_513' title='bbox 3286 1823 3354 1889; x_wconf 90' lang='lat' dir='ltr'><strong>id</strong></span> <span class='ocrx_word' id='word_1_514' title='bbox 3398 1824 3475 1890; x_wconf 91' lang='lat' dir='ltr'><strong>fit</strong></span> <span class='ocrx_word' id='word_1_515' title='bbox 3529 1835 3802 1909; x_wconf 86' lang='lat' dir='ltr'><strong>paterna</strong></span> <span class='ocrx_word' id='word_1_516' title='bbox 3847 1825 3975 1891; x_wconf 90' lang='lat' dir='ltr'><strong>Dei</strong></span> <span class='ocrx_word' id='word_1_517' title='bbox 4031 1826 4462 1912; x_wconf 87' lang='lat' dir='ltr'><strong>indulgentia,</strong></span> 
     </span>
     <span class='ocr_line' id='line_1_74' title="bbox 2518 1910 4462 1997; baseline -0.001 -18"><span class='ocrx_word' id='word_1_518' title='bbox 2518 1913 2632 1997; x_wconf 88' lang='lat' dir='ltr'><strong>qui</strong></span> <span class='ocrx_word' id='word_1_519' title='bbox 2689 1931 2823 1977; x_wconf 91' lang='lat' dir='ltr'><strong>non</strong></span> <span class='ocrx_word' id='word_1_520' title='bbox 2880 1910 3094 1977; x_wconf 91' lang='lat' dir='ltr'><strong>solum</strong></span> <span class='ocrx_word' id='word_1_521' title='bbox 3151 1910 3430 1994; x_wconf 86' lang='lat' dir='ltr'><strong>ignoscit</strong></span> <span class='ocrx_word' id='word_1_522' title='bbox 3471 1930 3701 1977; x_wconf 91' lang='lat' dir='ltr'><strong>eorum</strong></span> <span class='ocrx_word' id='word_1_523' title='bbox 3743 1911 4011 1993; x_wconf 89' lang='lat' dir='ltr'><strong>delicto,</strong></span> <span class='ocrx_word' id='word_1_524' title='bbox 4078 1911 4194 1978; x_wconf 90' lang='lat' dir='ltr'><strong>sed</strong></span> <span class='ocrx_word' id='word_1_525' title='bbox 4237 1915 4306 1978; x_wconf 91' lang='lat' dir='ltr'><strong>in</strong></span> <span class='ocrx_word' id='word_1_526' title='bbox 4353 1914 4462 1980; x_wconf 90' lang='lat' dir='ltr'><strong>bo-</strong></span> 
     </span>
     <span class='ocr_line' id='line_1_75' title="bbox 2519 1995 4461 2080; baseline -0.001 -16"><span class='ocrx_word' id='word_1_527' title='bbox 2519 2020 2682 2064; x_wconf 91' lang='lat' dir='ltr'><strong>num</strong></span> <span class='ocrx_word' id='word_1_528' title='bbox 2749 1997 2954 2063; x_wconf 82' lang='lat' dir='ltr'><strong>vertit</strong></span> <span class='ocrx_word' id='word_1_529' title='bbox 3027 1996 3196 2080; x_wconf 90' lang='lat' dir='ltr'><strong>quod</strong></span> <span class='ocrx_word' id='word_1_530' title='bbox 3275 1998 3508 2062; x_wconf 90' lang='lat' dir='ltr'><strong>merito</strong></span> <span class='ocrx_word' id='word_1_531' title='bbox 3572 1995 3958 2063; x_wconf 88' lang='lat' dir='ltr'><strong>damnosum</strong></span> <span class='ocrx_word' id='word_1_532' title='bbox 4010 1997 4145 2065; x_wconf 91' lang='lat' dir='ltr'><strong>illis</strong></span> <span class='ocrx_word' id='word_1_533' title='bbox 4207 1999 4461 2066; x_wconf 83' lang='lat' dir='ltr'><strong>fuisset.</strong></span> 
     </span>
     <span class='ocr_line' id='line_1_76' title="bbox 2517 2084 4463 2161; baseline -0.001 -10"><span class='ocrx_word' id='word_1_534' title='bbox 2517 2085 2649 2151; x_wconf 88' lang='lat' dir='ltr'><strong>Hic</strong></span> <span class='ocrx_word' id='word_1_535' title='bbox 2693 2104 2848 2150; x_wconf 84' lang='lat' dir='ltr'><strong>vero</strong></span> <span class='ocrx_word' id='word_1_536' title='bbox 2891 2092 3197 2148; x_wconf 88' lang='lat' dir='ltr'><strong>narratur</strong></span> <span class='ocrx_word' id='word_1_537' title='bbox 3211 2132 3228 2161; x_wconf 90' lang='lat'><strong>,</strong></span> <span class='ocrx_word' id='word_1_538' title='bbox 3283 2103 3415 2148; x_wconf 92' lang='lat' dir='ltr'><strong>non</strong></span> <span class='ocrx_word' id='word_1_539' title='bbox 3468 2085 3757 2149; x_wconf 84' lang='lat' dir='ltr'><strong>saevisse</strong></span> <span class='ocrx_word' id='word_1_540' title='bbox 3799 2084 3967 2149; x_wconf 91' lang='lat' dir='ltr'><strong>filios</strong></span> <span class='ocrx_word' id='word_1_541' title='bbox 4009 2084 4218 2150; x_wconf 89' lang='lat' dir='ltr'><strong>Israel</strong></span> <span class='ocrx_word' id='word_1_542' title='bbox 4259 2084 4463 2151; x_wconf 88' lang='lat' dir='ltr'><strong>hosti·</strong></span> 
     </span>
     <span class='ocr_line' id='line_1_77' title="bbox 2516 2168 4465 2254; baseline 0.001 -19"><span class='ocrx_word' id='word_1_543' title='bbox 2516 2172 2670 2237; x_wconf 89' lang='lat' dir='ltr'><strong>liter</strong></span> <span class='ocrx_word' id='word_1_544' title='bbox 2746 2171 2818 2234; x_wconf 93' lang='lat' dir='ltr'><strong>in</strong></span> <span class='ocrx_word' id='word_1_545' title='bbox 2895 2168 3012 2233; x_wconf 90' lang='lat' dir='ltr'><strong>illa</strong></span> <span class='ocrx_word' id='word_1_546' title='bbox 3087 2170 3384 2252; x_wconf 88' lang='lat' dir='ltr'><strong>regione:</strong></span> <span class='ocrx_word' id='word_1_547' title='bbox 3464 2168 3617 2250; x_wconf 89' lang='lat' dir='ltr'><strong>quia</strong></span> <span class='ocrx_word' id='word_1_548' title='bbox 3695 2168 4066 2235; x_wconf 85' lang='lat' dir='ltr'><strong>Gibeonitis</strong></span> <span class='ocrx_word' id='word_1_549' title='bbox 4142 2171 4465 2254; x_wconf 88' lang='lat' dir='ltr'><strong>promissa</strong></span> 
     </span>
     <span class='ocr_line' id='line_1_78' title="bbox 2511 2254 4462 2337; baseline 0 -14"><span class='ocrx_word' id='word_1_550' title='bbox 2511 2254 2934 2323; x_wconf 88' lang='lat' dir='ltr'><strong>iureiurando</strong></span> <span class='ocrx_word' id='word_1_551' title='bbox 3012 2254 3394 2337; x_wconf 84' lang='lat' dir='ltr'><strong>interposito</strong></span> <span class='ocrx_word' id='word_1_552' title='bbox 3464 2255 3678 2320; x_wconf 86' lang='lat' dir='ltr'><strong>fuerat</strong></span> <span class='ocrx_word' id='word_1_553' title='bbox 3743 2256 4177 2323; x_wconf 84' lang='lat' dir='ltr'><strong>incolumitas.</strong></span> <span class='ocrx_word' id='word_1_554' title='bbox 4264 2256 4462 2323; x_wconf 86' lang='lat' dir='ltr'><strong>Nunc</strong></span> 
     </span>
     <span class='ocr_line' id='line_1_79' title="bbox 2510 2339 4460 2427; baseline -0.002 -19"><span class='ocrx_word' id='word_1_555' title='bbox 2510 2344 2724 2427; x_wconf 91' lang='lat' dir='ltr'><strong>primo</strong></span> <span class='ocrx_word' id='word_1_556' title='bbox 2759 2340 3112 2424; x_wconf 89' lang='lat' dir='ltr'><strong>quaeritur,</strong></span> <span class='ocrx_word' id='word_1_557' title='bbox 3157 2360 3242 2404; x_wconf 86' lang='lat' dir='ltr'><strong>an</strong></span> <span class='ocrx_word' id='word_1_558' title='bbox 3276 2340 3416 2404; x_wconf 92' lang='lat' dir='ltr'><strong>ulla</strong></span> <span class='ocrx_word' id='word_1_559' title='bbox 3442 2339 3674 2424; x_wconf 88' lang='lat' dir='ltr'><strong>religio</strong></span> <span class='ocrx_word' id='word_1_560' title='bbox 3707 2342 3994 2406; x_wconf 87' lang='lat' dir='ltr'><strong>tenuerit</strong></span> <span class='ocrx_word' id='word_1_561' title='bbox 4025 2342 4196 2408; x_wconf 89' lang='lat' dir='ltr'><strong>filios</strong></span> <span class='ocrx_word' id='word_1_562' title='bbox 4228 2342 4460 2421; x_wconf 90' lang='lat' dir='ltr'><strong>Israel,</strong></span> 
     </span>
     <span class='ocr_line' id='line_1_80' title="bbox 2512 2425 4459 2514; baseline -0.001 -19"><span class='ocrx_word' id='word_1_563' title='bbox 2512 2429 2750 2514; x_wconf 89' lang='lat' dir='ltr'><strong>quibus</strong></span> <span class='ocrx_word' id='word_1_564' title='bbox 2804 2426 2972 2491; x_wconf 86' lang='lat' dir='ltr'><strong>nihil</strong></span> <span class='ocrx_word' id='word_1_565' title='bbox 3028 2427 3247 2491; x_wconf 91' lang='lat' dir='ltr'><strong>minus</strong></span> <span class='ocrx_word' id='word_1_566' title='bbox 3289 2426 3362 2491; x_wconf 91' lang='lat' dir='ltr'><strong>in</strong></span> <span class='ocrx_word' id='word_1_567' title='bbox 3419 2426 3636 2491; x_wconf 89' lang='lat' dir='ltr'><strong>animo</strong></span> <span class='ocrx_word' id='word_1_568' title='bbox 3692 2425 3947 2506; x_wconf 87' lang='lat' dir='ltr'><strong>fuerat,</strong></span> <span class='ocrx_word' id='word_1_569' title='bbox 4010 2448 4206 2509; x_wconf 91' lang='lat' dir='ltr'><strong>quam</strong></span> <span class='ocrx_word' id='word_1_570' title='bbox 4257 2427 4459 2493; x_wconf 90' lang='lat' dir='ltr'><strong>fidem</strong></span> 
     </span>
     <span class='ocr_line' id='line_1_81' title="bbox 2512 2509 4461 2596; baseline -0.001 -15"><span class='ocrx_word' id='word_1_571' title='bbox 2512 2535 2700 2582; x_wconf 89' lang='lat' dir='ltr'><strong>suam</strong></span> <span class='ocrx_word' id='word_1_572' title='bbox 2764 2509 3228 2596; x_wconf 87' lang='lat' dir='ltr'><strong>impostoribus</strong></span> <span class='ocrx_word' id='word_1_573' title='bbox 3293 2510 3720 2595; x_wconf 84' lang='lat' dir='ltr'><strong>obstringere.</strong></span> <span class='ocrx_word' id='word_1_574' title='bbox 3811 2509 4160 2578; x_wconf 84' lang='lat' dir='ltr'><strong>Suboritur</strong></span> <span class='ocrx_word' id='word_1_575' title='bbox 4223 2512 4461 2580; x_wconf 89' lang='lat' dir='ltr'><strong>deinde</strong></span> 
     </span>
     <span class='ocr_line' id='line_1_82' title="bbox 2514 2596 4459 2684; baseline -0.002 -17"><span class='ocrx_word' id='word_1_576' title='bbox 2514 2601 2645 2667; x_wconf 88' lang='lat' dir='ltr'><strong>alia</strong></span> <span class='ocrx_word' id='word_1_577' title='bbox 2687 2598 2999 2684; x_wconf 88' lang='lat' dir='ltr'><strong>quaestio,</strong></span> <span class='ocrx_word' id='word_1_578' title='bbox 3044 2618 3130 2663; x_wconf 89' lang='lat' dir='ltr'><strong>an</strong></span> <span class='ocrx_word' id='word_1_579' title='bbox 3175 2617 3306 2663; x_wconf 92' lang='lat' dir='ltr'><strong>non</strong></span> <span class='ocrx_word' id='word_1_580' title='bbox 3349 2596 3548 2663; x_wconf 87' lang='lat' dir='ltr'><strong>fuerit</strong></span> <span class='ocrx_word' id='word_1_581' title='bbox 3581 2596 3656 2661; x_wconf 92' lang='lat' dir='ltr'><strong>in</strong></span> <span class='ocrx_word' id='word_1_582' title='bbox 3698 2596 3967 2665; x_wconf 88' lang='lat' dir='ltr'><strong>arbitrio</strong></span> <span class='ocrx_word' id='word_1_583' title='bbox 3999 2597 4241 2684; x_wconf 89' lang='lat' dir='ltr'><strong>populi,</strong></span> <span class='ocrx_word' id='word_1_584' title='bbox 4330 2598 4459 2664; x_wconf 90' lang='lat' dir='ltr'><strong>uod</strong></span> 
     </span>
     <span class='ocr_line' id='line_1_83' title="bbox 2512 2681 4457 2768; baseline -0.001 -15"><span class='ocrx_word' id='word_1_585' title='bbox 2512 2686 2716 2753; x_wconf 86' lang='lat' dir='ltr'><strong>stulte</strong></span> <span class='ocrx_word' id='word_1_586' title='bbox 2760 2693 2827 2750; x_wconf 93' lang='lat' dir='ltr'><strong>et</strong></span> <span class='ocrx_word' id='word_1_587' title='bbox 2882 2703 3225 2767; x_wconf 89' lang='lat' dir='ltr'><strong>perperam</strong></span> <span class='ocrx_word' id='word_1_588' title='bbox 3283 2681 3482 2749; x_wconf 91' lang='lat' dir='ltr'><strong>duces</strong></span> <span class='ocrx_word' id='word_1_589' title='bbox 3532 2684 3999 2768; x_wconf 88' lang='lat' dir='ltr'><strong>promiserant,</strong></span> <span class='ocrx_word' id='word_1_590' title='bbox 4065 2684 4280 2751; x_wconf 89' lang='lat' dir='ltr'><strong>rescin</strong></span> <span class='ocrx_word' id='word_1_591' title='bbox 4328 2705 4457 2751; x_wconf 90' lang='lat' dir='ltr'><strong>ere.</strong></span> 
     </span>
     <span class='ocr_line' id='line_1_84' title="bbox 2514 2768 4457 2855; baseline -0.002 -18"><span class='ocrx_word' id='word_1_592' title='bbox 2514 2771 2853 2855; x_wconf 79' lang='lat' dir='ltr'><strong>Quantum</strong></span> <span class='ocrx_word' id='word_1_593' title='bbox 2920 2769 3001 2836; x_wconf 90' lang='lat' dir='ltr'><strong>ad</strong></span> <span class='ocrx_word' id='word_1_594' title='bbox 3070 2769 3291 2835; x_wconf 88' lang='lat' dir='ltr'><strong>thesin</strong></span> <span class='ocrx_word' id='word_1_595' title='bbox 3363 2775 3615 2853; x_wconf 88' lang='lat' dir='ltr'><strong>spectat</strong></span> <span class='ocrx_word' id='word_1_596' title='bbox 3630 2818 3647 2849; x_wconf 98' lang='lat'><strong>,</strong></span> <span class='ocrx_word' id='word_1_597' title='bbox 3731 2769 4155 2836; x_wconf 91' lang='lat' dir='ltr'><strong>iurisiurandi</strong></span> <span class='ocrx_word' id='word_1_598' title='bbox 4228 2768 4457 2855; x_wconf 86' lang='lat' dir='ltr'><strong>religio</strong></span> 
     </span>
     <span class='ocr_line' id='line_1_85' title="bbox 2509 2853 4461 2941; baseline -0.003 -15"><span class='ocrx_word' id='word_1_599' title='bbox 2509 2878 2795 2941; x_wconf 86' lang='lat' dir='ltr'><strong>eousque</strong></span> <span class='ocrx_word' id='word_1_600' title='bbox 2835 2861 3061 2923; x_wconf 85' lang='lat' dir='ltr'><strong>sancta</strong></span> <span class='ocrx_word' id='word_1_601' title='bbox 3094 2853 3270 2939; x_wconf 89' lang='lat' dir='ltr'><strong>apud</strong></span> <span class='ocrx_word' id='word_1_602' title='bbox 3303 2874 3423 2921; x_wconf 88' lang='lat' dir='ltr'><strong>nos</strong></span> <span class='ocrx_word' id='word_1_603' title='bbox 3455 2875 3598 2921; x_wconf 88' lang='lat' dir='ltr'><strong>esse</strong></span> <span class='ocrx_word' id='word_1_604' title='bbox 3632 2853 3842 2935; x_wconf 88' lang='lat' dir='ltr'><strong>debet,</strong></span> <span class='ocrx_word' id='word_1_605' title='bbox 3886 2878 3972 2923; x_wconf 91' lang='lat' dir='ltr'><strong>ne</strong></span> <span class='ocrx_word' id='word_1_606' title='bbox 4004 2855 4243 2922; x_wconf 87' lang='lat' dir='ltr'><strong>erroris</strong></span> <span class='ocrx_word' id='word_1_607' title='bbox 4276 2876 4461 2940; x_wconf 88' lang='lat' dir='ltr'><strong>prae·</strong></span> 
     </span>
     <span class='ocr_line' id='line_1_86' title="bbox 2508 2940 4457 3028; baseline -0.003 -17"><span class='ocrx_word' id='word_1_608' title='bbox 2508 2954 2698 3012; x_wconf 84' lang='lat' dir='ltr'><strong>textu</strong></span> <span class='ocrx_word' id='word_1_609' title='bbox 2741 2964 2786 3009; x_wconf 85' lang='lat' dir='ltr'><strong>a</strong></span> <span class='ocrx_word' id='word_1_610' title='bbox 2823 2942 3034 3028; x_wconf 89' lang='lat' dir='ltr'><strong>pactis</strong></span> <span class='ocrx_word' id='word_1_611' title='bbox 3086 2940 3493 3007; x_wconf 87' lang='lat' dir='ltr'><strong>discedamus</strong></span> <span class='ocrx_word' id='word_1_612' title='bbox 3549 2940 3751 3007; x_wconf 88' lang='lat' dir='ltr'><strong>etiam</strong></span> <span class='ocrx_word' id='word_1_613' title='bbox 3807 2942 3877 3006; x_wconf 89' lang='lat' dir='ltr'><strong>in</strong></span> <span class='ocrx_word' id='word_1_614' title='bbox 3934 2942 4171 3027; x_wconf 90' lang='lat' dir='ltr'><strong>quibus</strong></span> <span class='ocrx_word' id='word_1_615' title='bbox 4213 2941 4457 3008; x_wconf 86' lang='lat' dir='ltr'><strong>fuimus</strong></span> 
     </span>
     <span class='ocr_line' id='line_1_87' title="bbox 2510 3026 4458 3115; baseline -0.002 -19"><span class='ocrx_word' id='word_1_616' title='bbox 2510 3030 2799 3115; x_wconf 88' lang='lat' dir='ltr'><strong>decepti:</strong></span> <span class='ocrx_word' id='word_1_617' title='bbox 2866 3026 3126 3113; x_wconf 90' lang='lat' dir='ltr'><strong>quando</strong></span> <span class='ocrx_word' id='word_1_618' title='bbox 3178 3046 3438 3093; x_wconf 83' lang='lat' dir='ltr'><strong>sacrum</strong></span> <span class='ocrx_word' id='word_1_619' title='bbox 3498 3026 3625 3092; x_wconf 93' lang='lat' dir='ltr'><strong>Dei</strong></span> <span class='ocrx_word' id='word_1_620' title='bbox 3684 3048 3924 3094; x_wconf 90' lang='lat' dir='ltr'><strong>nomen</strong></span> <span class='ocrx_word' id='word_1_621' title='bbox 3981 3029 4184 3094; x_wconf 90' lang='lat' dir='ltr'><strong>totius</strong></span> <span class='ocrx_word' id='word_1_622' title='bbox 4225 3026 4458 3093; x_wconf 91' lang='lat' dir='ltr'><strong>mundi</strong></span> 
     </span>
     <span class='ocr_line' id='line_1_88' title="bbox 2508 3112 4457 3285; baseline -0.004 -16"><span class='ocrx_word' id='word_1_623' title='bbox 2508 3112 3705 3285; x_wconf 50' lang='lat' dir='ltr'><strong>iiigffoepriffa‘ssifftffssiissm</strong></span> <span class='ocrx_word' id='word_1_624' title='bbox 3732 3113 3967 3265; x_wconf 56' lang='lat'><strong>{33:²⁰</strong></span> <span class='ocrx_word' id='word_1_625' title='bbox 4012 3133 4265 3266; x_wconf 53' lang='lat' dir='ltr'><strong>:3¹23ss</strong></span> <span class='ocrx_word' id='word_1_626' title='bbox 4297 3133 4457 3266; x_wconf 60' lang='lat'><strong>⁰221</strong></span> 
     </span>
     <span class='ocr_line' id='line_1_89' title="bbox 2508 3250 4455 3371; baseline -0.003 -17"><span class='ocrx_word' id='word_1_627' title='bbox 2508 3286 2922 3371; x_wconf 88' lang='lat' dir='ltr'><strong>dispendium</strong></span> <span class='ocrx_word' id='word_1_628' title='bbox 3000 3284 3203 3352; x_wconf 90' lang='lat' dir='ltr'><strong>fidem</strong></span> <span class='ocrx_word' id='word_1_629' title='bbox 3268 3286 3410 3352; x_wconf 90' lang='lat' dir='ltr'><strong>eius</strong></span> <span class='ocrx_word' id='word_1_630' title='bbox 3487 3250 3712 3351; x_wconf 66' lang='lat' dir='ltr'><strong>sclv&#39;et.</strong></span> <span class='ocrx_word' id='word_1_631' title='bbox 3801 3284 3940 3351; x_wconf 87' lang='lat' dir='ltr'><strong>Nec</strong></span> <span class='ocrx_word' id='word_1_632' title='bbox 4005 3283 4231 3350; x_wconf 90' lang='lat' dir='ltr'><strong>dubito</strong></span> <span class='ocrx_word' id='word_1_633' title='bbox 4295 3284 4455 3368; x_wconf 89' lang='lat' dir='ltr'><strong>quin</strong></span> 
     </span>
     <span class='ocr_line' id='line_1_90' title="bbox 2508 3369 4458 3458; baseline -0.003 -17"><span class='ocrx_word' id='word_1_634' title='bbox 2508 3375 2634 3442; x_wconf 88' lang='lat' dir='ltr'><strong>hoc</strong></span> <span class='ocrx_word' id='word_1_635' title='bbox 2677 3392 2877 3441; x_wconf 87' lang='lat' dir='ltr'><strong>sensu</strong></span> <span class='ocrx_word' id='word_1_636' title='bbox 2934 3371 3106 3439; x_wconf 89' lang='lat' dir='ltr'><strong>dicat</strong></span> <span class='ocrx_word' id='word_1_637' title='bbox 3148 3371 3365 3437; x_wconf 81' lang='lat' dir='ltr'><strong>David</strong></span> <span class='ocrx_word' id='word_1_638' title='bbox 3410 3370 3547 3457; x_wconf 91' lang='lat' dir='ltr'><strong>(Ps.</strong></span> <span class='ocrx_word' id='word_1_639' title='bbox 3596 3371 3710 3453; x_wconf 84' lang='lat'><strong>15,</strong></span> <span class='ocrx_word' id='word_1_640' title='bbox 3758 3369 3855 3458; x_wconf 89' lang='lat'><strong>4),</strong></span> <span class='ocrx_word' id='word_1_641' title='bbox 3920 3391 4112 3438; x_wconf 83' lang='lat' dir='ltr'><strong>veros</strong></span> <span class='ocrx_word' id='word_1_642' title='bbox 4153 3371 4282 3437; x_wconf 90' lang='lat' dir='ltr'><strong>Dei</strong></span> <span class='ocrx_word' id='word_1_643' title='bbox 4323 3370 4458 3437; x_wconf 92' lang='lat' dir='ltr'><strong>cul-</strong></span> 
     </span>
     <span class='ocr_line' id='line_1_91' title="bbox 2506 3456 4456 3540; baseline -0.003 -13"><span class='ocrx_word' id='word_1_644' title='bbox 2506 3470 2687 3527; x_wconf 84' lang='lat' dir='ltr'><strong>tores</strong></span> <span class='ocrx_word' id='word_1_645' title='bbox 2741 3459 2802 3525; x_wconf 90' lang='lat' dir='ltr'><strong>si</strong></span> <span class='ocrx_word' id='word_1_646' title='bbox 2856 3458 3221 3525; x_wconf 83' lang='lat' dir='ltr'><strong>iuraverint</strong></span> <span class='ocrx_word' id='word_1_647' title='bbox 3272 3456 3343 3523; x_wconf 89' lang='lat' dir='ltr'><strong>in</strong></span> <span class='ocrx_word' id='word_1_648' title='bbox 3399 3457 3676 3539; x_wconf 91' lang='lat' dir='ltr'><strong>malum,</strong></span> <span class='ocrx_word' id='word_1_649' title='bbox 3740 3478 3875 3523; x_wconf 89' lang='lat' dir='ltr'><strong>non</strong></span> <span class='ocrx_word' id='word_1_650' title='bbox 3924 3462 4214 3522; x_wconf 89' lang='lat' dir='ltr'><strong>mutare:</strong></span> <span class='ocrx_word' id='word_1_651' title='bbox 4300 3457 4456 3540; x_wconf 91' lang='lat' dir='ltr'><strong>quia</strong></span> 
     </span>
     <span class='ocr_line' id='line_1_92' title="bbox 2508 3542 4454 3627; baseline -0.003 -15"><span class='ocrx_word' id='word_1_652' title='bbox 2508 3547 2822 3612; x_wconf 85' lang='lat' dir='ltr'><strong>damnum</strong></span> <span class='ocrx_word' id='word_1_653' title='bbox 2878 3545 3211 3627; x_wconf 87' lang='lat' dir='ltr'><strong>perferent</strong></span> <span class='ocrx_word' id='word_1_654' title='bbox 3268 3542 3484 3626; x_wconf 85' lang='lat' dir='ltr'><strong>potius</strong></span> <span class='ocrx_word' id='word_1_655' title='bbox 3497 3594 3513 3624; x_wconf 95' lang='lat'>‚</span> <span class='ocrx_word' id='word_1_656' title='bbox 3579 3563 3773 3626; x_wconf 90' lang='lat' dir='ltr'><strong>quam</strong></span> <span class='ocrx_word' id='word_1_657' title='bbox 3831 3543 4155 3627; x_wconf 88' lang='lat' dir='ltr'><strong>promissa</strong></span> <span class='ocrx_word' id='word_1_658' title='bbox 4209 3549 4454 3608; x_wconf 85' lang='lat' dir='ltr'><strong>retrac-</strong></span> 
     </span>
     <span class='ocr_line' id='line_1_93' title="bbox 2507 3625 4455 3714; baseline -0.004 -15"><span class='ocrx_word' id='word_1_659' title='bbox 2507 3633 2707 3699; x_wconf 85' lang='lat' dir='ltr'><strong>tando</strong></span> <span class='ocrx_word' id='word_1_660' title='bbox 2785 3630 3185 3714; x_wconf 85' lang='lat' dir='ltr'><strong>contemptui</strong></span> <span class='ocrx_word' id='word_1_661' title='bbox 3261 3636 3593 3712; x_wconf 89' lang='lat' dir='ltr'><strong>exponant</strong></span> <span class='ocrx_word' id='word_1_662' title='bbox 3656 3630 3785 3696; x_wconf 93' lang='lat' dir='ltr'><strong>Dei</strong></span> <span class='ocrx_word' id='word_1_663' title='bbox 3860 3649 4119 3694; x_wconf 92' lang='lat' dir='ltr'><strong>nomen.</strong></span> <span class='ocrx_word' id='word_1_664' title='bbox 4221 3625 4455 3695; x_wconf 85' lang='lat' dir='ltr'><strong>Statue</strong></span> 
     </span>
     <span class='ocr_line' id='line_1_94' title="bbox 2505 3714 4456 3804; baseline -0.005 -19"><span class='ocrx_word' id='word_1_665' title='bbox 2505 3720 2746 3804; x_wconf 88' lang='lat' dir='ltr'><strong>igitur,</strong></span> <span class='ocrx_word' id='word_1_666' title='bbox 2803 3717 2861 3782; x_wconf 91' lang='lat' dir='ltr'><strong>si</strong></span> <span class='ocrx_word' id='word_1_667' title='bbox 2904 3716 3048 3783; x_wconf 89' lang='lat' dir='ltr'><strong>sola</strong></span> <span class='ocrx_word' id='word_1_668' title='bbox 3078 3715 3149 3780; x_wconf 91' lang='lat' dir='ltr'><strong>in</strong></span> <span class='ocrx_word' id='word_1_669' title='bbox 3206 3716 3527 3781; x_wconf 90' lang='lat' dir='ltr'><strong>rationem</strong></span> <span class='ocrx_word' id='word_1_670' title='bbox 3582 3715 3805 3781; x_wconf 82' lang='lat' dir='ltr'><strong>veniat</strong></span> <span class='ocrx_word' id='word_1_671' title='bbox 3860 3714 4121 3799; x_wconf 79' lang='lat' dir='ltr'><strong>privata</strong></span> <span class='ocrx_word' id='word_1_672' title='bbox 4166 3714 4456 3780; x_wconf 83' lang='lat' dir='ltr'><strong>utilitas:</strong></span> 
     </span>
     <span class='ocr_line' id='line_1_95' title="bbox 2505 3798 4454 3889; baseline -0.003 -19"><span class='ocrx_word' id='word_1_673' title='bbox 2505 3803 2825 3889; x_wconf 87' lang='lat' dir='ltr'><strong>quidquid</strong></span> <span class='ocrx_word' id='word_1_674' title='bbox 2887 3800 3168 3868; x_wconf 89' lang='lat' dir='ltr'><strong>iurando</strong></span> <span class='ocrx_word' id='word_1_675' title='bbox 3244 3800 3734 3885; x_wconf 88' lang='lat' dir='ltr'><strong>promiserimus</strong></span> <span class='ocrx_word' id='word_1_676' title='bbox 3799 3798 4270 3885; x_wconf 81' lang='lat' dir='ltr'><strong>praestandum</strong></span> <span class='ocrx_word' id='word_1_677' title='bbox 4335 3807 4454 3865; x_wconf 90' lang='lat' dir='ltr'><strong>est.</strong></span> 
     </span>
     <span class='ocr_line' id='line_1_96' title="bbox 2506 3884 4459 3970; baseline -0.003 -14"><span class='ocrx_word' id='word_1_678' title='bbox 2506 3893 2568 3956; x_wconf 81' lang='lat' dir='ltr'>A</span> <span class='ocrx_word' id='word_1_679' title='bbox 2644 3911 2726 3955; x_wconf 93' lang='lat' dir='ltr'><strong>ue</strong></span> <span class='ocrx_word' id='word_1_680' title='bbox 2782 3910 2865 3955; x_wconf 88' lang='lat' dir='ltr'><strong>ex</strong></span> <span class='ocrx_word' id='word_1_681' title='bbox 2922 3888 3146 3954; x_wconf 84' lang='lat' dir='ltr'><strong>verbis</strong></span> <span class='ocrx_word' id='word_1_682' title='bbox 3203 3896 3474 3970; x_wconf 87' lang='lat' dir='ltr'><strong>apparet</strong></span> <span class='ocrx_word' id='word_1_683' title='bbox 3487 3938 3504 3966; x_wconf 93' lang='lat'><strong>,</strong></span> <span class='ocrx_word' id='word_1_684' title='bbox 3571 3886 3814 3954; x_wconf 79' lang='lat' dir='ltr'><strong>veritos</strong></span> <span class='ocrx_word' id='word_1_685' title='bbox 3869 3886 4070 3953; x_wconf 82' lang='lat' dir='ltr'><strong>fuisse</strong></span> <span class='ocrx_word' id='word_1_686' title='bbox 4125 3884 4459 3953; x_wconf 89' lang='lat' dir='ltr'><strong>Israelitas</strong></span> 
     </span>
     <span class='ocr_line' id='line_1_97' title="bbox 2503 3971 4459 4057; baseline -0.003 -17"><span class='ocrx_word' id='word_1_687' title='bbox 2503 3997 2591 4042; x_wconf 92' lang='lat' dir='ltr'><strong>ne</strong></span> <span class='ocrx_word' id='word_1_688' title='bbox 2694 3974 2756 4040; x_wconf 93' lang='lat' dir='ltr'><strong>ei</strong></span> <span class='ocrx_word' id='word_1_689' title='bbox 2789 3976 2893 4041; x_wconf 89' lang='lat' dir='ltr'><strong>sui</strong></span> <span class='ocrx_word' id='word_1_690' title='bbox 2933 3994 3177 4040; x_wconf 88' lang='lat' dir='ltr'><strong>nomen</strong></span> <span class='ocrx_word' id='word_1_691' title='bbox 3219 3973 3528 4039; x_wconf 83' lang='lat' dir='ltr'><strong>infamiae</strong></span> <span class='ocrx_word' id='word_1_692' title='bbox 3570 3971 3969 4039; x_wconf 86' lang='lat' dir='ltr'><strong>subiicerent</strong></span> <span class='ocrx_word' id='word_1_693' title='bbox 4008 3972 4184 4055; x_wconf 87' lang='lat' dir='ltr'><strong>apud</strong></span> <span class='ocrx_word' id='word_1_694' title='bbox 4227 3979 4459 4057; x_wconf 90' lang='lat' dir='ltr'><strong>gentes</strong></span> 
     </span>
     <span class='ocr_line' id='line_1_98' title="bbox 2504 4056 4457 4143; baseline -0.003 -15"><span class='ocrx_word' id='word_1_695' title='bbox 2504 4060 2849 4128; x_wconf 84' lang='lat' dir='ltr'><strong>Ohanaan.</strong></span> <span class='ocrx_word' id='word_1_696' title='bbox 2935 4059 3329 4142; x_wconf 85' lang='lat' dir='ltr'><strong>Emphatice</strong></span> <span class='ocrx_word' id='word_1_697' title='bbox 3409 4059 3582 4124; x_wconf 88' lang='lat' dir='ltr'><strong>enim</strong></span> <span class='ocrx_word' id='word_1_698' title='bbox 3660 4056 3945 4143; x_wconf 88' lang='lat' dir='ltr'><strong>positum</strong></span> <span class='ocrx_word' id='word_1_699' title='bbox 4026 4058 4457 4142; x_wconf 87' lang='lat' dir='ltr'><strong>interpretor:</strong></span> 
     </span>
     <span class='ocr_line' id='line_1_99' title="bbox 2505 4141 4460 4232; baseline -0.003 -19"><span class='ocrx_word' id='word_1_700' title='bbox 2505 4148 2660 4232; x_wconf 89' lang='lat' dir='ltr'><strong>quia</strong></span> <span class='ocrx_word' id='word_1_701' title='bbox 2700 4148 3083 4213; x_wconf 80' lang='lat' dir='ltr'><strong>iuraverant</strong></span> <span class='ocrx_word' id='word_1_702' title='bbox 3117 4166 3235 4230; x_wconf 93' lang='lat' dir='ltr'><strong>per</strong></span> <span class='ocrx_word' id='word_1_703' title='bbox 3270 4144 3485 4210; x_wconf 91' lang='lat' dir='ltr'><strong>Deum</strong></span> <span class='ocrx_word' id='word_1_704' title='bbox 3520 4142 3748 4211; x_wconf 87' lang='lat' dir='ltr'><strong>Israel.</strong></span> <span class='ocrx_word' id='word_1_705' title='bbox 3814 4141 4067 4209; x_wconf 86' lang='lat' dir='ltr'><strong>Verum</strong></span> <span class='ocrx_word' id='word_1_706' title='bbox 4108 4143 4460 4227; x_wconf 87' lang='lat' dir='ltr'><strong>peculiaris</strong></span> 
     </span>
     <span class='ocr_line' id='line_1_100' title="bbox 2502 4229 4454 4314; baseline -0.004 -14"><span class='ocrx_word' id='word_1_707' title='bbox 2502 4233 2671 4300; x_wconf 89' lang='lat' dir='ltr'><strong>ratio</strong></span> <span class='ocrx_word' id='word_1_708' title='bbox 2692 4232 2970 4299; x_wconf 90' lang='lat' dir='ltr'><strong>liberum</strong></span> <span class='ocrx_word' id='word_1_709' title='bbox 2992 4231 3147 4297; x_wconf 85' lang='lat' dir='ltr'><strong>fecit</strong></span> <span class='ocrx_word' id='word_1_710' title='bbox 3161 4230 3482 4296; x_wconf 89' lang='lat' dir='ltr'><strong>Israelitis</strong></span> <span class='ocrx_word' id='word_1_711' title='bbox 3503 4229 3761 4296; x_wconf 89' lang='lat' dir='ltr'><strong>dolosae</strong></span> <span class='ocrx_word' id='word_1_712' title='bbox 3786 4229 4070 4314; x_wconf 83' lang='lat' dir='ltr'><strong>pactioni</strong></span> <span class='ocrx_word' id='word_1_713' title='bbox 4091 4250 4225 4294; x_wconf 92' lang='lat' dir='ltr'><strong>non</strong></span> <span class='ocrx_word' id='word_1_714' title='bbox 4247 4238 4454 4295; x_wconf 89' lang='lat' dir='ltr'><strong>stare:</strong></span> 
     </span>
     <span class='ocr_line' id='line_1_101' title="bbox 2505 4314 4459 4404; baseline -0.003 -19"><span class='ocrx_word' id='word_1_715' title='bbox 2505 4319 2663 4404; x_wconf 89' lang='lat' dir='ltr'><strong>quia</strong></span> <span class='ocrx_word' id='word_1_716' title='bbox 2683 4340 2815 4384; x_wconf 91' lang='lat' dir='ltr'><strong>non</strong></span> <span class='ocrx_word' id='word_1_717' title='bbox 2836 4326 3101 4383; x_wconf 89' lang='lat' dir='ltr'><strong>tantum</strong></span> <span class='ocrx_word' id='word_1_718' title='bbox 3124 4336 3242 4382; x_wconf 85' lang='lat' dir='ltr'><strong>suo</strong></span> <span class='ocrx_word' id='word_1_719' title='bbox 3264 4316 3408 4382; x_wconf 89' lang='lat' dir='ltr'><strong>iure</strong></span> <span class='ocrx_word' id='word_1_720' title='bbox 3432 4324 3799 4383; x_wconf 90' lang='lat' dir='ltr'><strong>cesserant:</strong></span> <span class='ocrx_word' id='word_1_721' title='bbox 3831 4314 3945 4381; x_wconf 91' lang='lat' dir='ltr'><strong>sed</strong></span> <span class='ocrx_word' id='word_1_722' title='bbox 3980 4334 4328 4399; x_wconf 89' lang='lat' dir='ltr'><strong>perperam</strong></span> <span class='ocrx_word' id='word_1_723' title='bbox 4352 4314 4459 4379; x_wconf 89' lang='lat' dir='ltr'><strong>de-</strong></span> 
     </span>
     <span class='ocr_line' id='line_1_102' title="bbox 2504 4400 4458 4487; baseline -0.003 -15"><span class='ocrx_word' id='word_1_724' title='bbox 2504 4405 2800 4472; x_wconf 89' lang='lat' dir='ltr'><strong>ciderant</strong></span> <span class='ocrx_word' id='word_1_725' title='bbox 2832 4425 2917 4469; x_wconf 84' lang='lat' dir='ltr'><strong>ex</strong></span> <span class='ocrx_word' id='word_1_726' title='bbox 2939 4401 3069 4468; x_wconf 91' lang='lat' dir='ltr'><strong>Dei</strong></span> <span class='ocrx_word' id='word_1_727' title='bbox 3101 4400 3449 4468; x_wconf 86' lang='lat' dir='ltr'><strong>mandato:</strong></span> <span class='ocrx_word' id='word_1_728' title='bbox 3488 4401 3660 4487; x_wconf 90' lang='lat' dir='ltr'><strong>quod</strong></span> <span class='ocrx_word' id='word_1_729' title='bbox 3695 4401 3801 4468; x_wconf 82' lang='lat' dir='ltr'><strong>vel</strong></span> <span class='ocrx_word' id='word_1_730' title='bbox 3844 4400 3916 4465; x_wconf 88' lang='lat' dir='ltr'><strong>in</strong></span> <span class='ocrx_word' id='word_1_731' title='bbox 3962 4402 4233 4466; x_wconf 88' lang='lat' dir='ltr'><strong>minimo</strong></span> <span class='ocrx_word' id='word_1_732' title='bbox 4275 4401 4458 4484; x_wconf 89' lang='lat' dir='ltr'><strong>apice</strong></span> 
     </span>
     <span class='ocr_line' id='line_1_103' title="bbox 2505 4487 4455 4575; baseline -0.005 -17"><span class='ocrx_word' id='word_1_733' title='bbox 2505 4491 2828 4575; x_wconf 89' lang='lat' dir='ltr'><strong>attingere</strong></span> <span class='ocrx_word' id='word_1_734' title='bbox 2871 4489 2972 4554; x_wconf 86' lang='lat' dir='ltr'><strong>fas</strong></span> <span class='ocrx_word' id='word_1_735' title='bbox 3013 4508 3146 4553; x_wconf 93' lang='lat' dir='ltr'><strong>non</strong></span> <span class='ocrx_word' id='word_1_736' title='bbox 3189 4494 3350 4553; x_wconf 86' lang='lat' dir='ltr'><strong>erat.</strong></span> <span class='ocrx_word' id='word_1_737' title='bbox 3439 4488 3657 4555; x_wconf 90' lang='lat' dir='ltr'><strong>Penes</strong></span> <span class='ocrx_word' id='word_1_738' title='bbox 3702 4487 3882 4571; x_wconf 84' lang='lat' dir='ltr'><strong>ipsos</strong></span> <span class='ocrx_word' id='word_1_739' title='bbox 3923 4507 4057 4553; x_wconf 88' lang='lat' dir='ltr'><strong>non</strong></span> <span class='ocrx_word' id='word_1_740' title='bbox 4102 4494 4244 4553; x_wconf 91' lang='lat' dir='ltr'><strong>erat</strong></span> <span class='ocrx_word' id='word_1_741' title='bbox 4341 4494 4455 4551; x_wconf 91' lang='lat' dir='ltr'><strong>aut</strong></span> 
     </span>
     <span class='ocr_line' id='line_1_104' title="bbox 2505 4536 4453 4661; baseline -0.003 -18"><span class='ocrx_word' id='word_1_742' title='bbox 2505 4576 2697 4643; x_wconf 84' lang='lat' dir='ltr'><strong>victis</strong></span> <span class='ocrx_word' id='word_1_743' title='bbox 2759 4593 3064 4661; x_wconf 89' lang='lat' dir='ltr'><strong>parcere,</strong></span> <span class='ocrx_word' id='word_1_744' title='bbox 3140 4580 3254 4640; x_wconf 92' lang='lat' dir='ltr'><strong>aut</strong></span> <span class='ocrx_word' id='word_1_745' title='bbox 3315 4574 3489 4639; x_wconf 86' lang='lat' dir='ltr'><strong>ferre</strong></span> <span class='ocrx_word' id='word_1_746' title='bbox 3563 4573 3910 4640; x_wconf 82' lang='lat' dir='ltr'><strong>deditionis</strong></span> <span class='ocrx_word' id='word_1_747' title='bbox 3972 4573 4169 4657; x_wconf 86' lang='lat' dir='ltr'><strong>leges.</strong></span> <span class='ocrx_word' id='word_1_748' title='bbox 4256 4536 4453 4637; x_wconf 51' lang='lat' dir='ltr'><strong>lffunc</strong></span> 
     </span>
     <span class='ocr_line' id='line_1_105' title="bbox 2504 4657 4450 4746; baseline -0.004 -18"><span class='ocrx_word' id='word_1_749' title='bbox 2504 4671 2819 4746; x_wconf 85' lang='lat' dir='ltr'><strong>tanquam</strong></span> <span class='ocrx_word' id='word_1_750' title='bbox 2886 4660 2968 4726; x_wconf 89' lang='lat' dir='ltr'><strong>de</strong></span> <span class='ocrx_word' id='word_1_751' title='bbox 3058 4659 3322 4744; x_wconf 88' lang='lat' dir='ltr'><strong>negotio</strong></span> <span class='ocrx_word' id='word_1_752' title='bbox 3407 4659 3533 4726; x_wconf 91' lang='lat' dir='ltr'><strong>sibi</strong></span> <span class='ocrx_word' id='word_1_753' title='bbox 3637 4658 3953 4743; x_wconf 86' lang='lat' dir='ltr'><strong>permisso</strong></span> <span class='ocrx_word' id='word_1_754' title='bbox 4052 4657 4450 4741; x_wconf 87' lang='lat' dir='ltr'><strong>transigunt.</strong></span> 
     </span>
     <span class='ocr_line' id='line_1_106' title="bbox 2501 4742 4453 4829; baseline -0.004 -15"><span class='ocrx_word' id='word_1_755' title='bbox 2501 4747 2828 4814; x_wconf 82' lang='lat' dir='ltr'><strong>Videmus</strong></span> <span class='ocrx_word' id='word_1_756' title='bbox 2883 4747 3100 4829; x_wconf 90' lang='lat' dir='ltr'><strong>itaque</strong></span> <span class='ocrx_word' id='word_1_757' title='bbox 3157 4753 3234 4810; x_wconf 93' lang='lat' dir='ltr'><strong>ut</strong></span> <span class='ocrx_word' id='word_1_758' title='bbox 3298 4765 3538 4811; x_wconf 90' lang='lat' dir='ltr'><strong>nomen</strong></span> <span class='ocrx_word' id='word_1_759' title='bbox 3583 4746 3714 4812; x_wconf 91' lang='lat' dir='ltr'><strong>Dei</strong></span> <span class='ocrx_word' id='word_1_760' title='bbox 3770 4744 3873 4810; x_wconf 89' lang='lat' dir='ltr'><strong>bis</strong></span> <span class='ocrx_word' id='word_1_761' title='bbox 3935 4742 4453 4826; x_wconf 82' lang='lat' dir='ltr'><strong>profanaverint,</strong></span> 
     </span>
     <span class='ocr_line' id='line_1_107' title="bbox 2503 4826 4455 4917; baseline -0.004 -18"><span class='ocrx_word' id='word_1_762' title='bbox 2503 4834 2660 4900; x_wconf 89' lang='lat' dir='ltr'><strong>dum</strong></span> <span class='ocrx_word' id='word_1_763' title='bbox 2746 4839 3092 4917; x_wconf 82' lang='lat' dir='ltr'><strong>praetextu</strong></span> <span class='ocrx_word' id='word_1_764' title='bbox 3170 4831 3525 4897; x_wconf 88' lang='lat' dir='ltr'><strong>iuramenti</strong></span> <span class='ocrx_word' id='word_1_765' title='bbox 3596 4829 4018 4914; x_wconf 89' lang='lat' dir='ltr'><strong>pertinaciter</strong></span> <span class='ocrx_word' id='word_1_766' title='bbox 4091 4826 4455 4893; x_wconf 83' lang='lat' dir='ltr'><strong>defendunt</strong></span> 
     </span>
     <span class='ocr_line' id='line_1_108' title="bbox 2546 4915 4451 5001; baseline -0.004 -15"><span class='ocrx_word' id='word_1_767' title='bbox 2546 4918 2675 4986; x_wconf 93' lang='lat' dir='ltr'><strong>uod</strong></span> <span class='ocrx_word' id='word_1_768' title='bbox 2762 4918 2962 4986; x_wconf 90' lang='lat' dir='ltr'><strong>stulte</strong></span> <span class='ocrx_word' id='word_1_769' title='bbox 3046 4917 3498 5001; x_wconf 89' lang='lat' dir='ltr'><strong>promiserant.</strong></span> <span class='ocrx_word' id='word_1_770' title='bbox 3608 4915 3798 4998; x_wconf 79' lang='lat' dir='ltr'><strong>Quod</strong></span> <span class='ocrx_word' id='word_1_771' title='bbox 3888 4922 4104 4980; x_wconf 89' lang='lat' dir='ltr'><strong>autem</strong></span> <span class='ocrx_word' id='word_1_772' title='bbox 4192 4920 4451 4980; x_wconf 90' lang='lat' dir='ltr'><strong>tantum</strong></span> 
     </span>
     <span class='ocr_line' id='line_1_109' title="bbox 2501 4942 4454 5090; baseline -0.003 -20"><span class='ocrx_word' id='word_1_773' title='bbox 2501 4942 2716 5071; x_wconf 66' lang='lat' dir='ltr'><strong>defert</strong></span> <span class='ocrx_word' id='word_1_774' title='bbox 2773 5003 3017 5090; x_wconf 83' lang='lat' dir='ltr'><strong>vulgus</strong></span> <span class='ocrx_word' id='word_1_775' title='bbox 3074 5002 3213 5069; x_wconf 91' lang='lat' dir='ltr'><strong>suis</strong></span> <span class='ocrx_word' id='word_1_776' title='bbox 3271 5001 3540 5070; x_wconf 91' lang='lat' dir='ltr'><strong>ducibus</strong></span> <span class='ocrx_word' id='word_1_777' title='bbox 3557 5054 3572 5082; x_wconf 92' lang='lat'><strong>,</strong></span> <span class='ocrx_word' id='word_1_778' title='bbox 3637 5011 3714 5067; x_wconf 93' lang='lat' dir='ltr'><strong>ut</strong></span> <span class='ocrx_word' id='word_1_779' title='bbox 3756 5020 3991 5066; x_wconf 91' lang='lat' dir='ltr'><strong>manus</strong></span> <span class='ocrx_word' id='word_1_780' title='bbox 4049 4999 4371 5066; x_wconf 89' lang='lat' dir='ltr'><strong>abstineat</strong></span> <span class='ocrx_word' id='word_1_781' title='bbox 4413 5019 4454 5064; x_wconf 93' lang='lat' dir='ltr'><strong>a</strong></span> 
     </span>
     <span class='ocr_line' id='line_1_110' title="bbox 2502 5086 4456 5173; baseline -0.004 -15"><span class='ocrx_word' id='word_1_782' title='bbox 2502 5090 2890 5170; x_wconf 80' lang='lat' dir='ltr'><strong>Gibeonitis,</strong></span> <span class='ocrx_word' id='word_1_783' title='bbox 2933 5091 3004 5156; x_wconf 90' lang='lat' dir='ltr'><strong>in</strong></span> <span class='ocrx_word' id='word_1_784' title='bbox 3040 5110 3115 5155; x_wconf 88' lang='lat' dir='ltr'><strong>eo</strong></span> <span class='ocrx_word' id='word_1_785' title='bbox 3148 5109 3220 5156; x_wconf 87' lang='lat' dir='ltr'><strong>se</strong></span> <span class='ocrx_word' id='word_1_786' title='bbox 3255 5089 3475 5173; x_wconf 89' lang='lat' dir='ltr'><strong>prodit</strong></span> <span class='ocrx_word' id='word_1_787' title='bbox 3506 5087 3748 5154; x_wconf 90' lang='lat' dir='ltr'><strong>saeculi</strong></span> <span class='ocrx_word' id='word_1_788' title='bbox 3768 5086 4137 5170; x_wconf 85' lang='lat' dir='ltr'><strong>integritas.</strong></span> <span class='ocrx_word' id='word_1_789' title='bbox 4183 5086 4456 5170; x_wconf 88' lang='lat' dir='ltr'><strong>Promp-</strong></span> 
     </span>
     <span class='ocr_line' id='line_1_111' title="bbox 2502 5173 4454 5260; baseline -0.003 -18"><span class='ocrx_word' id='word_1_790' title='bbox 2502 5186 2645 5244; x_wconf 90' lang='lat' dir='ltr'><strong>tum</strong></span> <span class='ocrx_word' id='word_1_791' title='bbox 2691 5177 2869 5242; x_wconf 90' lang='lat' dir='ltr'><strong>enim</strong></span> <span class='ocrx_word' id='word_1_792' title='bbox 2913 5175 3156 5260; x_wconf 91' lang='lat' dir='ltr'><strong>alioqui</strong></span> <span class='ocrx_word' id='word_1_793' title='bbox 3197 5174 3429 5241; x_wconf 84' lang='lat' dir='ltr'><strong>fuisset</strong></span> <span class='ocrx_word' id='word_1_794' title='bbox 3477 5173 3742 5241; x_wconf 91' lang='lat' dir='ltr'><strong>eludere</strong></span> <span class='ocrx_word' id='word_1_795' title='bbox 3759 5223 3775 5253; x_wconf 95' lang='lat'><strong>,</strong></span> <span class='ocrx_word' id='word_1_796' title='bbox 3841 5191 4194 5255; x_wconf 87' lang='lat' dir='ltr'><strong>paucorum</strong></span> <span class='ocrx_word' id='word_1_797' title='bbox 4237 5173 4454 5239; x_wconf 89' lang='lat' dir='ltr'><strong>homi-</strong></span> 
     </span>
     <span class='ocr_line' id='line_1_112' title="bbox 2504 5257 4455 5346; baseline -0.002 -19"><span class='ocrx_word' id='word_1_798' title='bbox 2504 5284 2666 5328; x_wconf 91' lang='lat' dir='ltr'><strong>num</strong></span> <span class='ocrx_word' id='word_1_799' title='bbox 2744 5260 2984 5346; x_wconf 88' lang='lat' dir='ltr'><strong>placito</strong></span> <span class='ocrx_word' id='word_1_800' title='bbox 3048 5282 3179 5326; x_wconf 93' lang='lat' dir='ltr'><strong>non</strong></span> <span class='ocrx_word' id='word_1_801' title='bbox 3259 5263 3470 5328; x_wconf 90' lang='lat' dir='ltr'><strong>teneri</strong></span> <span class='ocrx_word' id='word_1_802' title='bbox 3550 5268 3760 5324; x_wconf 92' lang='lat' dir='ltr'><strong>totum</strong></span> <span class='ocrx_word' id='word_1_803' title='bbox 3826 5257 4175 5340; x_wconf 91' lang='lat' dir='ltr'><strong>populum:</strong></span> <span class='ocrx_word' id='word_1_804' title='bbox 4263 5259 4455 5324; x_wconf 89' lang='lat' dir='ltr'><strong>sicuti</strong></span> 
     </span>
     <span class='ocr_line' id='line_1_113' title="bbox 2504 5341 4451 5430; baseline -0.003 -16"><span class='ocrx_word' id='word_1_805' title='bbox 2504 5348 2662 5414; x_wconf 91' lang='lat' dir='ltr'><strong>olim</strong></span> <span class='ocrx_word' id='word_1_806' title='bbox 2722 5370 2761 5414; x_wconf 90' lang='lat' dir='ltr'><strong>a</strong></span> <span class='ocrx_word' id='word_1_807' title='bbox 2804 5348 3125 5414; x_wconf 86' lang='lat' dir='ltr'><strong>Romanis</strong></span> <span class='ocrx_word' id='word_1_808' title='bbox 3190 5368 3325 5430; x_wconf 82' lang='lat' dir='ltr'><strong>pax</strong></span> <span class='ocrx_word' id='word_1_809' title='bbox 3391 5342 3690 5413; x_wconf 73' lang='lat' dir='ltr'><strong>Caudina</strong></span> <span class='ocrx_word' id='word_1_810' title='bbox 3752 5341 4099 5428; x_wconf 88' lang='lat' dir='ltr'><strong>repudiata</strong></span> <span class='ocrx_word' id='word_1_811' title='bbox 4158 5343 4307 5423; x_wconf 87' lang='lat' dir='ltr'><strong>fuit,</strong></span> <span class='ocrx_word' id='word_1_812' title='bbox 4381 5344 4451 5409; x_wconf 92' lang='lat' dir='ltr'><strong>in</strong></span> 
     </span>
    </p>
   </div>
   <div class='ocr_carea' id='block_1_10' title="bbox 4933 4660 4944 5979">
    <p class='ocr_par' dir='ltr' id='par_1_11' title="bbox 4933 4660 4944 5979">
     <span class='ocr_line' id='line_1_114' title="bbox 4933 4660 4944 5979; baseline 0 0"><span class='ocrx_word' id='word_1_813' title='bbox 4933 4660 4944 5979; x_wconf 95' lang='lat' dir='ltr'><strong> </strong></span> 
     </span>
    </p>
   </div>
  </div>
 </body>
</html>
