5017 6142
597 450 721 516 491

597 642 994 713 attulissent.
1082 636 1360 704 Certum
1434 650 1591 715 ergo
1657 635 1789 708 est,
1869 647 2094 693 earum
2168 624 2420 692 desidia
2487 633 2555 691 et

598 741 860 814 torpore
911 723 1247 792 Israelitae
1303 722 1511 787 factos
1566 715 1768 781 fuisse
1832 712 2290 798 expeditiores.
2379 710 2555 796 Spa·

593 819 765 885 tium
799 815 975 881 enim
1021 811 1249 876 datum
1283 807 1537 872 interea
1581 800 1723 880 fuit,
1769 819 1898 883 quo
1948 820 2019 865 se
2062 800 2240 882 ipsos
2284 797 2554 882 colligo-

598 911 785 971 rent:
851 907 921 965 et
963 898 1072 981 qui
1115 894 1270 961 solis
1312 890 1603 958 hostium
1657 884 2036 951 nominibus
2086 884 2368 949 fuissent
2412 892 2555 948 tur·

596 989 767 1068 bati,
826 985 910 1051 ad
966 1003 1079 1049 eos
1133 975 1552 1064 excipiendos
1594 993 1665 1038 se
1708 992 1827 1054 per
1887 971 2095 1035 otium
2144 977 2553 1052 comparant.

596 1076 706 1144 Ita
759 1071 1057 1158 quamvis
1120 1062 1379 1150 reprobi
1435 1058 1609 1125 nihil
1663 1078 1799 1123 non
1863 1055 2080 1123 moliri
2136 1056 2407 1137 cupiant
2465 1054 2557 1121 ad

596 1157 999 1248 perdendam
1033 1153 1405 1220 ecclesiam:
1453 1145 1638 1211 Deus
1667 1150 1892 1209 tamen
1929 1152 2003 1207 ut
2042 1139 2317 1206 nocendi
2350 1140 2557 1208 facul-

596 1259 803 1314 tatem
846 1242 1124 1319 adimat,
1185 1237 1460 1319 dissipat
1503 1244 1570 1297 et
1613 1229 1932 1312 pervertit
1975 1246 2203 1292 eorum
2246 1227 2556 1292 consilia:

596 1335 731 1400 imo
773 1328 1075 1415 spiritum
1120 1321 1505 1390 vindemiat.
1578 1315 1690 1382 Ab
1732 1314 1939 1378 altera
1981 1322 2170 1412 parte
2213 1331 2285 1377 se
2307 1313 2553 1409 ‘prodit

595 1419 843 1485 furiosa
906 1432 1132 1479 eorum
1195 1408 1499 1485 audacia,
1579 1398 1752 1485 quod
1821 1399 2167 1464 manifesto
2232 1400 2557 1497 miraculo

596 1525 729 1573 non
813 1503 1203 1575 flectuntur,
1304 1514 1434 1578 quo
1519 1490 1738 1553 minus
1831 1482 2341 1569 inexpugnabili
2426 1485 2559 1550 Dei

596 1588 931 1676 potentiae
1008 1604 1080 1650 se
1154 1589 1469 1664 tanquam
1546 1572 1810 1640 rabidae
1880 1569 2136 1637 belluae
2198 1582 2554 1668 opponant.

596 1679 809 1744 Fama
831 1672 913 1739 ad
949 1691 1061 1736 eos
1082 1668 1285 1734 allata
1304 1666 1429 1731 fuit
1449 1662 1530 1728 de
1564 1659 2047 1741 expugnatione
2069 1652 2250 1722 urbis
2276 1654 2551 1722 Iericho.

600 1765 711 1829 An
773 1759 1119 1825 hominum
1180 1751 1451 1819 consilio
1502 1747 1611 1814 vel
1669 1741 2045 1809 industria?
2115 1761 2201 1807 an
2266 1743 2550 1840 conatu?

598 1871 683 1916 an
729 1843 1053 1911 machinis
1104 1859 1338 1907 eversa
1376 1832 1641 1901 fuerat?
1731 1829 1876 1894 Imo
1921 1837 2151 1911 sponte
2193 1846 2366 1891 muri
2411 1848 2552 1893 cor·

598 1939 892 2001 ruerant.
955 1927 1108 2009 Qua
1148 1926 1351 2010 igitur
1393 1919 1630 1988 fiducia
1672 1912 1753 1982 ad
1798 1933 1983 1979 arma
2026 1921 2256 1980 contra
2298 1914 2553 1979 coelum

599 2013 1016 2101 suscipienda
1058 2007 1476 2094 conspirant?
2053 2085 2066 2099 ⁸
2287 2083 2301 2097 .

771 2104 832 2169 3.
900 2099 1301 2165 Habitatores
1373 2113 1516 2162 vero
1587 2089 1839 2156 Gibeon.
1932 2082 2073 2152 Soli
2152 2083 2555 2151 habitatores

601 2190 861 2259 Gibeon
942 2183 1284 2268 repudiato
1362 2175 1649 2248 bellandi
1715 2170 1984 2240 consilio
2000 2222 2017 2250 ,
2109 2169 2193 2236 ad
2254 2171 2554 2270 iraudem

601 2278 855 2344 animos
915 2271 1277 2355 applicant,
1343 2278 1419 2333 ut
1481 2267 1830 2349 praetextu
1899 2257 2137 2342 longae
2205 2253 2556 2356 distantiae

602 2382 829 2449 pacem
887 2359 1260 2443 impetrent.
1347 2355 1557 2421 Porro
1612 2347 1912 2415 odiosum
1964 2351 2106 2409 erat
2162 2342 2338 2425 apud
2399 2345 2554 2411 vim-

601 2470 727 2515 nos
779 2445 848 2512 id
899 2452 1187 2510 tentare:
1255 2441 1409 2525 quia
1469 2436 1537 2503 id
1602 2444 1745 2502 erat
1799 2429 2273 2529 quodammodo
2337 2428 2555 2495 facere

599 2533 1084 2608 discessionem,
1128 2529 1395 2593 ianuam
1442 2523 1696 2608 aperire
1739 2516 2093 2595 Israehtis,
2129 2533 2304 2611 vires
2346 2516 2553 2614 socio-

599 2641 751 2687 rum
816 2617 1200 2684 diminuere.
1286 2613 1437 2678 Etsi
1501 2617 1722 2675 autem
1785 2600 2295 2687 reprehensione
2355 2597 2556 2699 digna

600 2706 728 2775 fuit
791 2703 998 2770 stulta
1059 2698 1411 2767 credulitas
1464 2696 1657 2761 Iosue
1722 2702 1789 2756 et
1863 2707 2239 2785 procerum,
2306 2689 2554 2784 ‘quibus

600 2790 786 2858 nulla
820 2788 939 2856 reli
989 2788 1049 2853 'o
1085 2786 1233 2864 fuit,
1276 2805 1349 2850 re
1380 2780 1676 2849 nondum
1708 2782 2043 2857 comperta
2072 2773 2552 2838 inconsiderate

600 2876 871 2962 pacisci:
1023 2893 1139 2939 eus
1202 2878 1424 2936 tamen
1488 2868 1602 2954 qui
1676 2864 1951 2930 educere
2012 2859 2180 2958 solet
2242 2858 2459 2924 lucem
2492 2879 2554 2958 ‘e

600 2962 922 3040 tenebris,
988 2958 1056 3024 id
1114 2957 1314 3023 vertit
1371 2955 1509 3023 suis
1551 2953 1623 3018 in
1677 2951 1956 3018 bonum:
1999 2964 2179 3045 'quia
2233 2943 2552 3010 relaxatio

600 3050 736 3116 illis
780 3048 934 3114 data
975 3045 1119 3124 fuit,
1164 3051 1239 3109 ut
1270 3042 1342 3107 in
1383 3040 1519 3108 solo
1563 3046 1796 3122 pacato
1837 3039 2284 3131 consisterent.
2344 3030 2554 3097 Recte

601 3134 862 3220 quidem
909 3141 977 3198 et
1017 3127 1381 3215 prudenter
1424 3125 1846 3200 Gibeonitae,
1912 3118 2068 3184 dum
2112 3116 2239 3183 slbl
2277 3116 2554 3214 ‘quidvis

598 3222 820 3307 potius
862 3215 1204 3284 ferendum
1250 3220 1555 3281 statuunt
1569 3263 1586 3292 ,
1641 3228 1839 3294 quam
1876 3207 2124 3272 frustra
2164 3202 2555 3302 resistendo,

597 3307 815 3391 magis
858 3306 1075 3370 Deum
1134 3303 1201 3367 in
1261 3323 1331 3368 se
1378 3318 1753 3384 provocare.
1844 3292 1977 3394 Sed
2033 3290 2268 3356 flando
2315 3297 2382 3354 et
2423 3289 2554 3354 1111-

597 3393 748 3459 citis
793 3390 1042 3456 artibus
1064 3387 1540 3455 circumvenire
1586 3405 1746 3469 quos
1789 3388 2069 3480 cupiunt
2116 3376 2358 3443 habere
2400 3394 2551 3458 pro-

597 3478 827 3563 pitios,
890 3497 1025 3541 non
1082 3474 1302 3539 minus
1362 3469 1720 3540 absurdum
1777 3481 1847 3534 et
1904 3464 2287 3562 ridiculum,
2353 3481 2555 3560 quam

597 3562 838 3630 rationi
874 3569 940 3625 et
973 3560 1285 3644 aequitati
1320 3559 1674 3625 adversum
1711 3555 1850 3621 fuit.
1898 3551 2087 3634 Quae
2120 3569 2299 3615 emm
2333 3556 2551 3630 potuit

599 3670 743 3716 esse
784 3646 1066 3713 foederis
1100 3645 1454 3724 stabilitas,
1519 3643 1692 3728 quod
1741 3639 2007 3705 nonnisi
2060 3656 2281 3703 crassa
2321 3633 2554 3699 fraude

600 3734 958 3801 subnixum
1004 3730 1196 3797 erat?
1276 3728 1365 3798 Se
1422 3730 1829 3815 alienigenas
1887 3747 1970 3791 ex
2014 3724 2283 3807 regione
2326 3720 2556 3819 proeul

601 3819 833 3887 dissita
889 3818 1148 3884 venisse
1201 3817 1533 3883 simulant.
1624 3815 1795 3882 Cum
1859 3812 2062 3878 larvis
2125 3827 2280 3892 ergo
2340 3826 2553 3890 pacis·

598 3906 776 3973 citur
831 3903 1054 3971 Iosue:
1120 3924 1239 3969 nec
1297 3902 1657 3986 quidquam
1715 3894 2158 3997 obligationis.
2198 3892 2552 3973 contrahit,

599 3992 733 4057 nisi
785 3989 1142 4057 secundum
1200 4009 1425 4055 eorum
1483 3988 1702 4054 verba.
1790 3988 1897 4054 Ita
1945 3982 2266 4049 calliditas
2308 3999 2438 4063 qua
2479 3998 2552 4044 se

598 4075 1056 4155 insinuabant,
1142 4075 1311 4140 nihil
1412 4073 1721 4158 prodesse
1807 4070 2049 4139 debuit.
2137 4065 2392 4133 Verum
2475 4073 2552 4165 ut

598 4164 811 4228 maior
855 4160 1068 4227 adhuc
1106 4161 1365 4244 vigebat
1407 4161 1578 4227 inter
1621 4160 1922 4225 homines
1962 4154 2340 4238 integritas:
2386 4159 2551 4218 satis

600 4248 732 4314 illis
797 4247 919 4313 fuit
983 4246 1089 4311 vel
1143 4267 1364 4312 errore
1427 4254 1763 4312 extortum
1827 4240 2312 4310 iusiurandum:
2377 4236 2551 4322 quod

599 4341 777 4402 certo
810 4333 1104 4417 persuasi
1140 4338 1332 4397 erant
1365 4332 1679 4416 populum
1714 4331 1915 4396 Israel
1953 4350 2082 4394 non
2130 4325 2546 4392 violaturum.

601 4419 793 4503 Quod
839 4417 1110 4497 dicitur,
1165 4417 1343 4501 ipsos
1387 4420 1584 4484 etiam
1628 4417 1840 4500 egisse
1882 4412 2149 4492 callide,
2202 4432 2548 4497 perperam

598 4506 895 4572 referunt
952 4502 1035 4569 ad
1090 4512 1515 4588 stratagema,
1581 4525 1711 4588 quo
1767 4524 1930 4571 usus
1985 4502 2198 4567 fuerat
2237 4499 2433 4566 Iosue
2476 4500 2547 4564 in

598 4591 905 4658 fallendis
948 4589 1201 4657 civibus
1247 4592 1369 4655 Ait
1414 4611 1534 4657 nec
1580 4591 1795 4656 minus
1838 4588 2072 4656 inscite
2116 4587 2227 4651 alii
2271 4585 2550 4652 trahunt

599 4677 684 4742 ad
741 4685 1002 4760 tempus
1046 4675 1275 4757 Iacob,
1334 4676 1519 4742 ouius
1563 4676 1682 4741 filii
1728 4675 1897 4742 Levi
1941 4685 2007 4739 et
2055 4672 2322 4740 Simeon
2366 4672 2548 4740 frau-

600 4762 901 4829 dulenter
922 4770 1381 4845 oppresserant
1405 4760 1801 4828 Sichimitas.
1857 4761 2061 4844 Atqui
2083 4761 2300 4846 potius
2321 4759 2549 4828 subest

598 4848 947 4914 antithesis
1020 4848 1198 4913 inter
1281 4848 1590 4915 hostilem
1666 4856 2053 4930 apparatum
2128 4867 2358 4930 regum
2379 4897 2395 4924 ,
2480 4856 2548 4912 et

597 4935 916 5001 occultam
997 4933 1328 4999 vafritiem
1408 4953 1537 5018 qua
1615 4934 1741 5017 ipsi
1819 4933 2031 4999 adorti
2106 4943 2262 4999 sunt
2331 4932 2545 4999 Iosue.

597 5020 955 5104 Postquam
999 5040 1156 5104 ergo
1200 5020 1450 5087 dictum
1487 5019 1611 5084 fuit
1650 5018 1812 5085 alios
1855 5021 2229 5085 coniurasse
2252 5027 2328 5085 ut
2349 5020 2545 5086 simul

597 5105 1064 5172 descenderent
1117 5106 1190 5171 in
1248 5114 1546 5190 apertum
1604 5114 1966 5171 certamen:
2035 5106 2379 5173 subiicitur
2423 5105 2546 5172 Gi-

593 5190 1009 5256 beonitarum
1074 5190 1295 5258 dolus:
1371 5191 1645 5275 ideoque
1711 5211 1942 5258 sensus
2010 5206 2141 5268 est,
2209 5193 2545 5277 negotium

596 5276 890 5342 oblatum
944 5277 1146 5343 fuisse
1200 5279 1327 5363 ipsi
1381 5278 1575 5345 Iosue
1634 5298 1762 5343 non
1822 5285 2086 5344 tantum
2144 5297 2185 5343 a
2236 5280 2548 5362 professis

596 5361 925 5441 hostibus,
1002 5364 1116 5447 qui
1173 5385 1244 5430 se
1300 5364 1382 5429 ad
1449 5363 1879 5449 pugnandum
1944 5374 2545 5450 congregaverant:

1791 439 2537 511 COMMENTARIUS
2579 442 2681 510 IN
2725 443 3008 513 IOSUE
3052 447 3251 515 OAP.
3296 449 3422 515 IX.

4481 451 4610 517 492

2658 634 2776 701 sed
2819 657 2860 700 a
2915 635 3151 703 callida
3206 638 3401 704 unius
3455 637 3674 723 gentis
3730 637 4161 704 simulatione.
4253 637 4611 720 Quaeritur

2658 732 2879 787 tamen
2937 743 3250 805 quorsum
3305 732 3442 788 tam
3502 725 3697 790 anxie
3751 722 4193 791 laboraverint
4247 725 4319 790 in
4373 747 4448 791 re
4486 727 4609 791 mi·

2657 807 2838 873 nime
2915 810 3302 875 necessaria.
3412 809 3801 876 Videbimus
3884 810 4062 875 enim
4130 810 4316 889 alibi,
4395 812 4609 878 iussos

2657 892 2861 959 fuisse
2950 894 3287 960 Israelitas
3388 896 3691 961 omnibus
3792 915 4019 980 pacem
4112 896 4381 977 offerre,
4482 918 4610 981 quo

2659 978 2896 1044 deinde
2986 981 3233 1046 iustum
3311 989 3379 1047 et
3453 981 3818 1065 legitimum
3895 981 4138 1048 bellum
4228 981 4607 1050 indicerent.

2661 1062 2795 1131 Sed
2834 1066 2990 1148 quia
3031 1068 3273 1150 passim
3319 1066 3660 1151 vulgatum
3702 1076 3873 1144 erat,
3940 1088 4053 1133 eos
4095 1067 4314 1134 sedem
4361 1067 4610 1135 habita-

2659 1151 2857 1218 tionis
2903 1172 3216 1235 quaerere
3254 1153 3326 1217 in
3371 1162 3551 1219 terra
3585 1151 3906 1219 Obanaan
3940 1150 4138 1239 (quod
4182 1156 4442 1238 assequi
4477 1175 4609 1221 non

2658 1247 2960 1320 poterant
3013 1238 3142 1304 nisi
3200 1239 3565 1324 profligatis
3610 1236 3871 1324 ineolis)
3914 1239 4325 1305 constituunt
4365 1239 4611 1307 Gibeo-

2659 1324 2836 1388 nitae
2874 1344 3010 1389 non
3052 1324 3244 1390 aliter
3283 1325 3365 1390 ad
3408 1323 3921 1391 misericordiam
3966 1344 4154 1408 posse
4195 1326 4373 1393 flecti
4414 1347 4611 1410 quam

2657 1408 2916 1475 fallacia
2972 1409 3266 1478 delusos:
3329 1411 3485 1494 quia
3547 1430 3881 1494 nunquam
3933 1418 4169 1493 sponte
4210 1421 4280 1478 et
4330 1412 4610 1478 scientes

2657 1495 2835 1577 passi
2912 1495 3193 1562 fuissent
3259 1517 3453 1580 quam
3533 1498 3915 1562 invaserant
3991 1508 4237 1562 terram
4309 1497 4394 1562 ab
4467 1498 4610 1566 aliis

2657 1582 2978 1663 occupari.
3067 1582 3212 1648 Imo
3269 1584 3422 1666 quia
3484 1589 3908 1667 praeceptum
3966 1581 4050 1646 de
4105 1580 4408 1649 omnibus
4461 1604 4610 1667 per·

2657 1665 2890 1731 dendis
2945 1668 3357 1747 innotuerat,
3402 1669 3566 1734 haec
3624 1668 3977 1734 necessitas
4020 1688 4130 1735 eos
4173 1666 4259 1733 ad
4299 1671 4608 1735 astutiam

2657 1752 3007 1837 compulit,
3092 1756 3246 1838 quia
3324 1775 3476 1838 spes
3551 1754 3764 1819 omnis
3842 1754 4078 1820 salutis
4155 1755 4610 1836 impetrandae

2655 1837 2960 1922 adempta
3021 1848 3181 1907 erat.
3283 1841 3376 1905 Et
3433 1840 3559 1908 hac
3621 1841 3820 1905 etiam
3885 1842 4139 1905 ratione
4209 1839 4404 1924 paulo
4465 1849 4612 1923 post

2655 1923 2952 1991 fraudem
3005 1927 3397 1992 necessitate
3454 1946 3832 2009 expressam
3889 1924 4340 2010 deprecantur.
4431 1926 4610 1992 Exo-

2655 2010 2830 2076 ritur
2872 2021 3091 2077 tamen
3135 2011 3244 2078 hic
3286 2012 3611 2095 quaestio:
3657 2014 3811 2095 quia
3839 2031 3994 2077 mox
4029 2012 4371 2096 excipiunt
4398 2011 4608 2078 Israe-

2653 2096 2811 2161 litae
2870 2096 2996 2163 sibi
3051 2118 3188 2162 non
3241 2118 3385 2164 esse
3448 2097 3732 2163 liberum
3796 2098 4036 2182 pacisci
4094 2117 4242 2163 cum
4298 2098 4606 2182 gentibus

2655 2182 3010 2261 Chanaan,
3104 2182 3221 2250 sed
3306 2204 3534 2250 omnes
3620 2183 3748 2248 sibi
3822 2204 3967 2249 esse
4052 2182 4602 2250 exterminandas.

2654 2268 2841 2335 Haec
2884 2277 3062 2335 certe
3105 2268 3232 2336 duo
3287 2270 3463 2335 inter
3504 2290 3575 2334 se
3618 2268 4027 2352 discrepant:
4078 2269 4161 2336 ad
4207 2268 4603 2336 deditionem

2656 2355 2942 2420 hortari:
3006 2376 3218 2438 neque
3270 2355 3601 2439 supplices
3661 2364 3729 2421 et
3785 2354 4191 2422 voluntarios
4243 2354 4604 2421 admittere.

2656 2440 2911 2506 Verum
2969 2442 3270 2525 quamvis
3328 2440 3513 2507 Deus
3566 2460 3687 2524 pro
3744 2460 3928 2507 more
3985 2449 4053 2506 et
4110 2462 4232 2507 usu
4295 2457 4606 2508 consueto

2653 2527 2800 2592 iura
2842 2527 2998 2592 beni
3039 2528 3292 2594 servari
3335 2527 3642 2608 voluerit,
3698 2535 3892 2610 atque
3932 2527 4029 2592 ita
4070 2526 4192 2593 sub
4236 2526 4603 2593 conditione

2655 2632 2885 2695 pacem
2909 2613 3132 2679 offerri
3168 2616 3224 2679 si
3257 2613 3451 2679 modo
3472 2612 3803 2680 oederent:
3851 2612 4096 2678 tentari
4133 2611 4459 2678 duntaxat
4494 2632 4606 2679 vo-

2654 2698 2784 2763 luit
2811 2700 3106 2783 gentium
3135 2699 3396 2765 illarum
3439 2701 3726 2766 animos:
3763 2705 3841 2764 ut
3879 2699 4143 2784 propria
4170 2697 4604 2765 obstinatione

2656 2794 3065 2851 accerserent
3118 2786 3243 2853 sibi
3302 2785 3616 2852 exitium&
3680 2784 3921 2870 populo
3977 2791 4201 2850 autem
4257 2783 4606 2851 israelitico

2656 2870 3125 2937 denunciatum
3182 2881 3325 2937 erat
3341 2923 3356 2949 ,
3423 2880 3501 2937 ut
3555 2870 3854 2937 funditus
3896 2890 4007 2936 eas
4049 2868 4387 2955 perderet:
4454 2869 4606 2937 hinc

2655 2957 2890 3024 merito
2948 2958 3231 3024 sumitur
3286 2958 3452 3025 haec
3507 2958 3864 3037 sententia,
3929 2977 4058 3021 non
4110 2977 4298 3039 posse
4344 2955 4606 3022 tolerari

2655 3044 2765 3127 qui
2818 3047 2889 3108 in
2946 3051 3126 3108 terra
3177 3042 3496 3110 Ohanaan
3538 3043 3870 3123 habitant,
3934 3042 4322 3126 quibuscum
4378 3042 4605 3109 foedus

2655 3137 2995 3213 percutere
3053 3130 3238 3195 nefas
3303 3139 3463 3196 erat.
3553 3130 3654 3196 Ac
3703 3138 4057 3211 utrumque
4100 3127 4344 3194 diserte
4385 3136 4607 3211 postea

2656 3217 3064 3299 exprimetur
3077 3266 3094 3294 ,
3176 3235 3404 3282 omnes
3480 3214 3906 3298 pertinaciter
3985 3213 4232 3280 bellum
4307 3217 4603 3298 gessisse,

2656 3304 2812 3385 quia
2869 3301 2995 3367 Dei
3052 3303 3379 3367 sententia
3432 3302 3646 3366 fuerat
3663 3350 3679 3378 ,
3747 3310 3823 3365 ut
3884 3298 4356 3366 indurarentur
4410 3300 4604 3367 corda

2654 3407 2878 3454 eorum
2937 3396 3003 3453 et
3056 3389 3366 3470 perirent.
3453 3385 3647 3453 Unde
3705 3385 4008 3471 colligere
4065 3386 4250 3453 licuit
4266 3437 4283 3466 ,
4352 3386 4601 3453 servari

2653 3493 2789 3540 non
2825 3493 3016 3557 posse
3058 3474 3170 3556 qui
3214 3474 3410 3539 morti
3445 3472 3689 3539 addicti
3732 3481 3936 3538 erant.
4015 3468 4090 3538 Si
4134 3472 4281 3555 quis
4323 3472 4600 3551 obiiciat,

2655 3559 3073 3640 Gibeonitas,
3140 3580 3343 3643 quum
3409 3579 3637 3644 paoem
3702 3557 3879 3624 ultro
3923 3566 4306 3640 appeterent
4321 3608 4338 3637 ,
4404 3559 4600 3624 fuisse

2652 3647 2674 3711 i
2726 3647 2860 3712 ‘tur
2899 3654 3268 3728 exemptos,
3327 3644 3720 3729 respondeo:
3794 3644 4138 3710 Israelitas
4181 3664 4314 3709 non
4358 3665 4601 3728 expen-

2653 3732 2915 3885 ..ffi
2929 3730 3915 3900 ετῇῖειίεεὲεεειπῇιε
3935 3729 4601 3882 ..timiam

2655 3905 2961 3988 arripere.
3048 3903 3158 3969 Ita
3194 3905 3271 3968 fit
3304 3913 3383 3969 ut
3424 3902 3676 3969 nullam
3719 3923 3905 3987 spem
3949 3901 4278 3968 residuam
4320 3901 4597 3970 faciant:

2653 3992 2808 4074 quia
2869 3989 3253 4073 simpliciter
3312 3996 3382 4055 et
3443 3990 3736 4073 praecise
3795 3986 4181 4054 mandatum
4242 3989 4462 4055 fuerat
4528 3996 4600 4054 ut

2653 4076 2957 4143 omnibus
2999 4075 3082 4141 ad
3127 4096 3337 4141 unum
3378 4075 3762 4156 interfectis,
3820 4084 4065 4141 terram
4108 4083 4489 4160 purgarent,
4535 4085 4600 4140 et

2652 4160 3101 4252 succederent!
3117 4162 3190 4226 in
3232 4162 3448 4228 locum
3489 4168 3914 4228 mortuorum.

2823 4249 2884 4314 6.
2948 4248 3365 4314 Pmeaemm
3410 4268 3571 4333 erqo.
3655 4247 3820 4314 Dixi
3877 4266 4133 4313 summo
4187 4246 4330 4313 iure
4373 4248 4598 4313 evani-

2653 4334 2811 4400 dum
2853 4340 2922 4400 et
2962 4334 3223 4400 irritum
3268 4334 3471 4400 fuisse
3512 4332 3836 4399 eiusmodi
3879 4330 4123 4399 foedus.
4203 4331 4382 4414 Quid
4425 4335 4598 4400 enim

2652 4420 2808 4486 dum
2851 4422 3024 4486 fiunt
3066 4421 3201 4487 voti
3243 4427 3574 4504 compotes
3617 4419 4094 4502 adipiscuntur,
4138 4418 4270 4486 nisi
4308 4428 4387 4484 ut
4429 4419 4598 4486 salvi

2650 4508 2786 4575 sint
2819 4506 2876 4572 si
2914 4526 2997 4571 ex
3031 4519 3283 4572 remota
3318 4514 3385 4572 et
3420 4505 3776 4590 longinqua
3808 4504 3947 4571 orbi
3983 4505 4214 4591 splaga
4247 4505 4594 4572 venerint?

2648 4594 2741 4660 Et
2782 4613 2913 4677 quo
2954 4593 3217 4675 saepius
3250 4590 3423 4657 idem
3468 4591 3883 4659 mendacium
3926 4591 4291 4672 inculcant,
4354 4591 4594 4674 pactio-

2649 4700 2802 4745 nem
2837 4678 3049 4760 magis
3083 4699 3159 4744 ac
3195 4678 3408 4762 magis
3452 4678 3772 4762 abrogant
3806 4676 3953 4743 dolo
3991 4676 4297 4754 elicitam,
4340 4676 4594 4760 quando

2647 4763 2916 4830 nonnisi
2952 4765 3022 4828 in
3067 4763 3226 4829 haec
3266 4761 3471 4831 verba
3508 4765 3891 4847 concipitur,
3933 4783 4020 4829 ne
4062 4762 4219 4847 quid
4264 4765 4592 4830 molestiae

2648 4852 2929 4916 afferant
2972 4846 3311 4915 Israelitae
3366 4848 3611 4935 populo
3670 4850 3885 4915 alieno
3941 4858 4008 4916 et
4048 4849 4276 4934 procul
4337 4849 4588 4917 dissito:

2647 4935 3036 5023 praesertim
3115 4955 3317 5019 quum
3396 4956 3626 5002 omnes
3689 4935 3933 5003 incolas
4005 4945 4220 5001 terrae
4285 4934 4590 5002 Chanaan

2647 5020 3034 5088 nominatim
3089 5021 3443 5087 excludant
3482 5020 3846 5087 Israelitae.
3934 5021 4207 5088 Nullum
4263 5021 4472 5105 igitur
4512 5041 4590 5087 ex

2647 5108 2877 5208 fraude
2918 5107 3204 5207 pretium
3239 5108 3581 5192 obtingere
3617 5108 3750 5173 illis
3793 5105 4036 5208 debuit.
4125 5106 4352 5206 Nihilo
4395 5108 4588 5174 etiam

2646 5215 3033 5348 ffiit‘t
3052 5192 3723 5346 ¹¹323oe2303523¹30¹
3752 5193 4587 5345 333533025‘22‘32?

2645 5369 2720 5433 in
2778 5365 3043 5432 nomine
3097 5365 3260 5431 Dei:
3327 5385 3403 5431 ac
3462 5365 3519 5432 si
3584 5367 4052 5450 profiterentur
4106 5386 4176 5432 se
4232 5364 4381 5432 Deo
4437 5364 4584 5431 dare
