5017 6142
361 457 491 525 285

363 646 468 714 vel
538 645 760 730 affligi.
850 647 950 712 Ac
1012 646 1070 713 si
1130 643 1380 711 dictum
1445 653 1645 712 esset:
1712 641 1787 711 Si
1859 643 2007 727 quis
2068 642 2310 709 iniuste

361 753 599 800 nocere
662 732 828 799 velit
887 731 1045 797 huic
1098 730 1341 816 populo
1357 781 1374 807 ‚
1438 728 1624 797 Deus
1681 730 1931 797 nullam
1991 729 2132 796 vim
2189 746 2312 794 neo

362 817 676 885 iniuriam
740 816 1075 897 admittet,
1156 816 1270 883 sed
1333 816 1554 901 potius
1619 837 1689 882 se
1751 824 2035 901 opponet
2096 815 2312 881 instar

362 903 596 990 clypei.
688 905 891 987 Atqui
949 904 1005 969 si
1062 902 1319 988 placeat
1362 901 1470 970 hic
1515 921 1779 979 sensus,
1837 899 2064 967 malim
2108 899 2313 966 verba

361 989 706 1056 indefinite
754 988 1085 1073 accipere:
1145 1007 1221 1054 ac
1279 988 1335 1054 si
1393 987 1638 1054 dictum
1694 994 1867 1054 esset
1924 985 2072 1052 Non
2129 983 2310 1052 vide-

365 1077 544 1142 bitur
597 1075 899 1142 molestia
953 1075 1023 1139 in
1083 1074 1299 1141 Iacob.
1387 1073 1560 1139 Nam
1602 1072 1891 1140 Hebraei
1950 1093 2062 1138 sae
2109 1092 2145 1139 e
2200 1070 2312 1137 ubi

363 1161 640 1229 verbum
696 1160 839 1228 sine
895 1160 1187 1227 subiecto
1226 1167 1506 1244 ponunt,
1556 1159 1954 1245 generaliter
2122 1177 2314 1242 quos-

362 1246 525 1313 libet
565 1245 939 1313 extendunt
994 1265 1131 1312 rem
1179 1245 1388 1329 ipsam
1433 1244 1514 1311 de
1557 1266 1687 1330 qua
1728 1245 1977 1330 agitur:
2034 1253 2100 1309 et
2152 1251 2315 1308 tunc

360 1332 566 1402 verba
617 1332 836 1400 activa
892 1331 1232 1398 commode
1287 1331 1358 1396 in
1417 1332 1683 1415 passiva
1737 1329 1975 1397 resolvi
2017 1336 2311 1414 possunt.

362 1421 585 1504 Atque
648 1419 743 1483 ita
808 1417 1045 1483 melius
1111 1418 1269 1483 fluet
1327 1424 1674 1484 contextus
1692 1468 1707 1497 ,
1766 1418 1922 1501 quia
1970 1414 2315 1482 subiicitur

361 1504 680 1572 continuo
738 1511 913 1588 post,
958 1502 1210 1569 Iehova
1255 1503 1438 1569 Deus
1486 1503 1629 1568 eius
1688 1510 1788 1569 est
1830 1521 1977 1567 cum
2035 1522 2141 1567 eo:
2202 1499 2312 1566 ubi

360 1589 552 1656 reddi
581 1609 778 1656 causa
819 1588 1086 1655 videtur
1127 1610 1247 1657 cur
1290 1609 1420 1654 non
1447 1587 1904 1671 conspicienda
1946 1588 2033 1653 sit
2074 1585 2311 1651 moles-

361 1676 459 1742 tia
516 1675 835 1742 adversus
891 1673 1117 1740 Iacob:
1181 1675 1334 1758 quia
1396 1674 1645 1741 scilicet
1712 1673 1924 1739 aderit
1980 1672 2161 1738 Deus
2228 1669 2311 1736 ad

365 1761 710 1829 ferendum
814 1760 1158 1826 auxilium.
1248 1759 1513 1827 Scimus
1613 1769 1833 1826 antem
1924 1758 2313 1825 immensam

362 1850 508 1915 eius
551 1847 911 1931 potentiam
955 1845 1260 1914 sufficere
1299 1845 1383 1912 ad
1427 1844 1739 1911 tuendam
1784 1844 2093 1911 ecclesiae
2135 1842 2313 1910 salu-

360 1944 502 2001 tem
520 1984 537 2013 ‚
582 1941 659 1998 ut
714 1955 798 1998 ne
851 1942 1078 2017 portae
1134 1931 1396 2016 quidem
1464 1929 1818 1998 i‘nferorum
1867 1929 2311 2032 praevaleant.

362 2018 564 2103 Quod
606 2026 832 2119 postea
875 2018 1196 2102 sequitur:
1255 2017 1672 2103 Olangorem,
1716 2016 1824 2084 vel
1864 2016 2314 2083 iubilationem

490 2104 505 2120 ⁹
602 2126 676 2169 in
733 2125 809 2170 eo
864 2124 1038 2183 esse,
1104 2102 1413 2187 intellige,
1477 2104 1693 2169 Deum
1758 2123 2016 2188 semper
2082 2102 2309 2167 triumv

360 2190 617 2277 phandi
701 2190 1046 2256 materiam
1133 2188 1443 2255 daturum
1529 2209 1691 2256 esse.
1790 2187 2048 2256 Nomen
2137 2187 2314 2254 enim

362 2276 539 2363 quod
585 2276 740 2342 alibi
781 2284 975 2342 vetus
1015 2276 1340 2359 interpres
1397 2274 1848 2341 iubilationem
1889 2275 2096 2342 vertit
2137 2272 2318 2341 vide-

361 2373 476 2430 tur
522 2362 631 2429 hic
673 2362 848 2428 sumi
906 2381 1025 2445 pro
1082 2360 1529 2445 gratulatoriis
1585 2361 1877 2429 canticis.
1968 2357 2102 2427 Sed
2160 2358 2315 2443 quia

360 2449 565 2516 tubae
629 2446 1003 2532 clangorem
1068 2447 1397 2530 significat
1411 2495 1429 2532 ,
1509 2466 1641 2514 non
1705 2446 1879 2513 male
1950 2443 2313 2531 quadrabit,

351 2532 675 2621 populum
717 2533 856 2598 fore
898 2532 1256 2599 terribilem
1303 2534 1440 2599 suis
1484 2532 1783 2600 hostibus
1817 2533 1968 2617 quia
2003 2531 2316 2598 audacter

352 2619 671 2774 ΡιιὲιιῗὲείΙὶθιι
702 2639 778 2687 ac
821 2618 1169 2686 descendet
1210 2619 1281 2684 in
1324 2618 1647 2703 proelium
1665 2670 1681 2700 ‚
1739 2618 1922 2702 quasi
1967 2616 2112 2684 Deo
2156 2617 2314 2684 tuba

354 2726 392 2775 c
556 2726 640 2771 en
673 2723 730 2770 e.

509 2726 638 2858 322.
703 2789 888 2858 Deus
927 2789 1159 2857 aduxit.
1238 2789 1522 2858 Causam
1578 2798 1932 2875 perpetuae
1987 2788 2313 2856 felicitatis

357 2876 645 2957 indicat,
705 2876 859 2959 quia
901 2875 1085 2943 Deus
1126 2876 1234 2961 qui
1277 2876 1589 2961 populum
1633 2873 1822 2942 illum
1880 2875 2084 2943 semel
2127 2873 2311 2941 rede·

355 2966 518 3046 mit,
578 2964 914 3046 inceptum
959 2983 999 3028 a
1041 2982 1112 3028 se
1169 2981 1334 3045 opus
1385 2982 1513 3028 non
1573 2959 1848 3027 deseret.
1938 2963 1995 3025 A
2125 2981 2310 3026 men-

356 3060 506 3118 tum
561 3070 603 3115 a
652 3047 964 3115 continua
1044 3045 1504 3114 beneficiorum
1581 3048 1707 3113 Dei
1786 3047 1955 3114 serie
2065 3057 2310 3127 uotum,

354 3157 533 3290 ἓξὲξ
576 3134 729 3287 quia
773 3155 853 3199 ex
903 3131 1119 3285 fonti}
1138 3132 1532 3284 inexh'agisto
1548 3142 1865 3284 „ffmafft
1881 3153 2313 3285 ,·peret1;‡3m

534 3243 582 3286 n
674 3240 961 3288 cursum.
1118 3240 1195 3286 oc
1258 3241 1342 3286 au
1411 3241 1478 3285 m
1699 3239 2009 3287 eccesiae
2064 3241 2097 3285 s
2247 3240 2313 3285 m

356 3308 739 3394 specialiter
801 3306 1115 3390 pertinet:
1197 3305 1350 3389 qnia
1414 3305 1617 3373 donec
1682 3304 1851 3372 filios
1914 3325 2070 3372 suos
2127 3303 2315 3371 Deus

359 3394 449 3463 ad
531 3400 779 3460 metam
852 3411 1061 3476 usque
1141 3391 1528 3474 perduxerit
1543 3442 1559 3471 ,
1648 3410 1986 3476 nunquam
2073 3388 2317 3457 desinit

359 3501 527 3566 erga
601 3499 713 3545 eos
789 3496 933 3543 esse
1007 3477 1359 3544 beneficus.
1463 3477 1703 3544 Merito
1781 3477 1990 3562 igitur
2066 3476 2317 3562 colligit

359 3567 678 3646 Balaam,
734 3563 889 3646 quia
942 3563 1129 3630 Deus
1185 3561 1387 3631 semel
1443 3583 1528 3647 po
1574 3563 1758 3629 ulum
1806 3562 2112 3641 redemit,
2169 3583 2317 3648 per·

358 3662 639 3738 petuum
739 3649 879 3714 fore
977 3648 1210 3715 salutis
1295 3651 1507 3733 praesi
1555 3670 1678 3716 em.
1788 3649 2030 3715 Postea
2129 3650 2321 3715 docet

360 3735 727 3825 potentiam
785 3733 913 3800 Dei
970 3754 1096 3818 qua
1147 3734 1462 3819 populum
1520 3735 1846 3813 tuebitur,
1904 3734 2045 3800 fore
2110 3733 2316 3802 invio-

360 3836 524 3892 tam.
613 3821 760 3888 Hoc
800 3819 978 3887 enim
1022 3819 1146 3887 sibi
1186 3822 1335 3888 vult
1375 3820 1731 3887 similitudo
1773 3819 2127 3886 unicornis.

545 3907 651 3974 23.
709 3906 857 3973 Non
898 3912 990 3973 est
1041 3907 1400 3992 auqtm’um.
1488 3907 1713 3991 Vulgo
1756 3905 2136 3991 intelligunt
2177 3907 2321 3973 lau-

365 3996 516 4062 dari
566 3993 880 4079 populum
901 4043 917 4072 ,
975 3993 1130 4076 quia
1187 3992 1483 4079 auguriis
1536 4001 1605 4059 et
1663 3992 1938 4077 magicis
2003 3993 2318 4076 supersti-

363 4080 660 4149 tionibus
735 4098 872 4144 non
951 4080 1038 4145 sit
1117 4078 1405 4159 deditus,
1488 4076 2037 4162 quemadmodum
2118 4079 2318 4145 etiam

363 4168 559 4237 Deus
600 4166 746 4252 lege
804 4185 925 4231 sua
967 4183 1192 4231 severe
1237 4173 1658 4249 praeceperat
1713 4186 1796 4230 ne
1840 4185 1911 4231 se
2036 4164 2322 4231 lluerent

367 4254 615 4321 talibus
669 4250 1074 4334 corruptelis.
1164 4251 1299 4317 Alii
1357 4252 1451 4318 sic
1508 4258 1875 4336 exponunt:
2007 4271 2092 4316 on
2150 4250 2323 4317 indi-

366 4345 538 4428 gent
590 4335 934 4404 Israelitae
1000 4336 1247 4404 ariolis:
1317 4337 1471 4421 quia
1527 4357 1646 4419 per
1702 4336 1894 4404 Urim
1951 4346 2017 4403 et
2073 4337 2321 4404 Thum-

365 4427 534 4493 mim
554 4475 571 4503 ,
637 4423 748 4490 vel
805 4444 923 4507 per
975 4423 1354 4507 prophetas,
1416 4421 1552 4489 illis
1611 4421 1928 4488 divinitus
1993 4424 2323 4490 reveletur

366 4508 687 4597 quidquid
767 4517 870 4576 est
933 4508 1112 4575 utile.
1199 4508 1468 4575 Rectior
1533 4527 1758 4575 eorum
1821 4509 2146 4576 sententia
2209 4509 2322 4593 qui

365 4599 467 4666 sic
509 4596 654 4662 inte
733 4602 1064 4661 retantur:
1107 4593 1380 4661 Nullum
1425 4594 1773 4679 augurium
1818 4603 1885 4660 et
1929 4594 2115 4662 nulla
2155 4594 2322 4662 divi-

366 4683 554 4751 natio
597 4701 682 4748 va
708 4688 775 4746 et
816 4689 1044 4747 contra
1094 4680 1432 4748 Israelitas
1448 4729 1466 4766 ,
1518 4680 1710 4746 modo
1766 4679 2006 4748 clarior
2061 4680 2326 4748 accedat

368 4767 742 4855 explicatio.
842 4767 1126 4834 Fatetur
1188 4766 1364 4834 enim
1383 4818 1398 4846 ,
1477 4787 1626 4833 mco
1693 4766 1964 4847 iudicio,
2048 4766 2321 4834 Balaam

368 4857 514 4924 suis
558 4851 856 4939 auguriis
898 4874 1032 4920 non
1073 4874 1216 4921 esse
1259 4853 1494 4934 locum,
1538 4853 1646 4920 vel
1688 4852 1914 4918 solitas
1956 4873 2107 4919 suas
2150 4861 2324 4921 artes

366 4959 926 5095 ³1....””⁰1.‘z·;·;⁸“:?.’.
945 4940 1966 5111 Ἓῖῗὶὲἒὲῑὲωΐιςῖξωῗέοῗ
2003 4937 2325 5092 ἒξὲἔεὲἓ

369 5110 729 5197 respondet
783 5110 1005 5177 verbis
1050 5131 1394 5198 magorum
1435 5109 1830 5189 Pharaonis,
1896 5102 2098 5194 qu'um
2156 5111 2326 5179 dice-

370 5206 557 5266 rent:
620 5197 887 5283 Digitus
934 5195 1063 5264 Dei
1106 5207 1235 5278 est,
1290 5205 1637 5282 postquam
1694 5195 2115 5281 pertinaciter
2170 5217 2324 5265 con-

371 5284 732 5353 tenderant
788 5304 1071 5369 eousque
1123 5283 1280 5350 dum
1338 5284 1516 5370 ipsos
1562 5291 1824 5367 cogeret
1863 5281 2049 5348 Deus
2095 5282 2178 5350 ad
2221 5304 2325 5351 ce·

375 5370 687 5439 dendum.
754 5368 859 5435 Ita
901 5392 1076 5438 nunc
1118 5369 1397 5437 Balaam
1431 5369 1823 5456 pronunciat
1860 5368 2116 5454 protegi
2157 5369 2326 5436 elec-

1774 453 2184 524 REDI'I'US
2228 455 2357 521 AD
2400 450 2949 521 HISTORIAM.

4225 458 4356 525 286

2408 649 2551 708 tum
2597 641 2912 726 populum
2957 642 3293 724 divinitus,
3338 652 3410 712 ut
3456 646 3684 713 irritae
3727 646 3862 713 sint
3904 668 4063 714 suae
4106 647 4357 714 divina-

2406 727 2642 812 tiones,
2686 736 2754 792 et
2804 749 2977 794 vana
3020 731 3316 815 auguria.
3374 731 3682 799 Alterum
3717 735 4083 800 membrum
4127 753 4359 799 versus

2407 813 2795 897 simpliciter
2849 814 3015 879 mihi
3074 815 3337 884 videtur
3393 818 3525 887 huc
3565 817 3861 897 tendere,
3906 817 4127 885 Deum
4171 839 4358 903 prae-

2408 901 2587 1000 clara
2639 920 2837 983 opera
2890 899 3127 968 exinde
3184 902 3517 970 editurum
3561 925 3679 988 pro
3722 905 4098 971 defensione
4137 903 4360 990 populi

2409 1007 2531 1064 sui,
2579 1005 2743 1068 quae
2786 1006 2936 1053 cum
2973 984 3406 1055 admiratione
3448 1000 3817 1056 narrentur.
3906 989 4219 1058 Ooactum
4257 996 4364 1057 est

2411 1079 2479 1137 et
2521 1092 2563 1137 a
2605 1091 2803 1138 sensu
2861 1082 3188 1138 remotum
3244 1073 3415 1158 quod
3472 1075 3582 1142 alii
3627 1085 3935 1142 vertunt:
3992 1074 4182 1144 Sicut
4234 1075 4360 1142 hoc

2409 1164 2705 1242 tempore
2740 1156 3027 1225 dicetur:
3064 1157 3241 1241 Quid
3279 1169 3584 1246 operatus
3618 1172 3719 1228 est
3743 1163 3926 1228 Deus
3959 1163 4031 1228 in
4067 1159 4359 1228 Israele?

2410 1244 2629 1327 potius
2672 1243 2847 1309 enim
2908 1243 3124 1312 dicere
3168 1246 3314 1312 vult
3355 1246 3666 1328 Balaam,
3723 1248 3833 1314 lon
3883 1268 3955 1314 os
4013 1247 4154 1314 fore
4209 1267 4359 1331 pro·

2413 1349 2680 1414 gressus
2736 1330 2985 1414 gratiae
3044 1331 3202 1410 Dei,
3265 1333 3449 1398 cuius
3508 1332 3776 1399 exordia
3873 1340 4154 1399 untaxat
4202 1341 4361 1399 tunc

2413 1415 2844 1498 apparebant:
2905 1437 2982 1482 ac
3039 1417 3112 1481 in
3168 1438 3430 1483 summa
3492 1420 3886 1503 pronunciat
3941 1419 4179 1485 exinde
4221 1438 4357 1483 me·

2410 1500 2765 1568 morabiles
2787 1502 2924 1566 foro
2947 1501 3074 1568 Dei
3121 1502 3397 1571 virtutes
3439 1505 3508 1569 in
3553 1505 3792 1588 populo
3835 1504 3966 1587 illo,
4009 1524 4177 1589 quae
4220 1525 4359 1569 am-

2411 1586 2585 1671 plam
2633 1587 2975 1652 materiam
3020 1587 3310 1655 historiis
3352 1589 3791 1674 suppeditent.

2586 1672 2685 1738 24κ
2750 1668 2860 1738 En
2891 1674 3167 1757 populus
3208 1679 3510 1758 tanquam
3555 1676 3664 1742 leo.
3773 1675 3959 1745 Haec
4000 1672 4360 1741 similitudo

2412 1778 2545 1824 non
2590 1759 2769 1825 omni
2815 1779 2897 1824 ex
2931 1767 3120 1842 parte
3155 1763 3480 1828 convenit.
3571 1761 3720 1827 Non
3756 1762 3932 1828 enim
3975 1782 4207 1828 saevos
4242 1768 4359 1826 aut

2411 1865 2681 1928 rapaces
2739 1845 2877 1911 fore
2953 1844 3288 1913 Israelitas
3360 1848 3716 1932 significat,
3797 1847 3911 1914 sed
3975 1846 4230 1914 validos
4296 1853 4363 1913 et

2412 1930 2744 1997 robustos:
2790 1940 2860 1995 et-
2900 1931 2956 1997 si
3001 1932 3148 2016 quis
3191 1954 3301 1999 eos
3334 1932 3613 2000 lacessat
3653 1942 3992 2019 promptos
4034 1932 4119 1999 ad
4163 1931 4358 1998 resis-

2412 2014 2708 2082 tendum.
2775 2016 3043 2101 Capite
3107 2021 3408 2101 proximo
3485 2019 3725 2086 iterum
3792 2027 4083 2086 recurret
4139 2016 4363 2084 verbis

2414 2101 2755 2185 paululum
2792 2104 3080 2170 mutatis.
3138 2103 3331 2187 Quod
3368 2112 3586 2171 autem
3609 2105 3718 2171 hic
3744 2104 4139 2190 generaliter
4173 2124 4360 2188 prae·

2415 2187 2588 2253 dicat
2655 2188 2928 2255 Balaam
2997 2189 3078 2256 de
3141 2197 3276 2256 toto
3340 2190 3605 2274 populo,
3671 2192 3744 2256 in
3801 2188 4363 2258 benedictionibus

2412 2273 2610 2341 Iacob
2633 2274 2962 2341 confertur
2981 2275 3053 2341 in
3078 2274 3282 2342 solam
3299 2276 3538 2342 tribum
3553 2274 3723 2342 Iuda
3738 2276 3892 2361 quia
3915 2276 4049 2342 illic
4072 2275 4364 2341 maxime

2413 2359 2729 2461 excelluit
2789 2360 3120 2428 fortitudo.
3207 2359 3486 2428 Summa
3549 2370 3651 2428 est
3683 2362 4008 2462 ’quamvis
4073 2360 4364 2461 undique

2411 2454 2813 2613 ἓὲξθὲὶᾚο,
2827 2446 3621 2618 pgifdlelugmrlizlsaeiltnpgtus
3664 2449 4095 2618 frtalnmgagozzl
4117 2453 4367 2617 1333

2413 2618 2651 2703 abigat.
2712 2618 3060 2691 Caeterum
3106 2619 3599 2687 meminerimus
3643 2620 3960 2686 virtutem
3998 2617 4191 2697 hanc,
4237 2636 4368 2701 qua

2415 2724 2488 2770 se
2544 2703 2834 2770 tuebitur
2890 2704 3095 2773 Israel
3145 2713 3373 2772 contra
3430 2725 3656 2771 omnes
3711 2705 3931 2772 hostes
3957 2756 3973 2785 ‚
4026 2703 4365 2770 numerari

2412 2789 2753 2943 {ntersgei
2795 2788 2993 2860 dona:
3039 2813 3114 2860 ac
3149 2791 3207 2857 si
3241 2790 3485 2858 diceret
3527 2792 3821 2871 Balaam,
3867 2790 3996 2858 Dei
4037 2787 4366 2874 praesidio

2440 2894 2554 2942 ore
2699 2897 2873 2943 vum.

2941 3216 3075 3285 Ex
3116 3216 3451 3286 EODEM
3493 3216 3850 3284 OAPI'I’E.

2591 3388 2697 3456 25.
2756 3386 2948 3455 Dixit
2987 3393 3195 3455 autem
3237 3388 3445 3456 Balac
3485 3390 3572 3457 ad
3612 3388 3930 3456 Balaam.-
3975 3387 4192 3471 Neque
4232 3406 4371 3454 ma-

2418 3475 2656 3543 ledicas
2709 3475 2799 3555 ei,
2841 3494 3035 3558 neque
3090 3474 3429 3543 benedicas.
3518 3475 3621 3543 26.
3693 3474 3816 3541 Cui
3870 3474 4189 3556 respondit
4231 3471 4371 3540 Ba-

2418 3560 2611 3639 laam,
2656 3561 2902 3627 dicens.-
2942 3561 3176 3627 Annon
3208 3562 3353 3627 dixi
3392 3559 3533 3627 tibi:
3585 3559 3909 3644 Quidquid
3942 3559 4180 3626 dixerit
4208 3556 4369 3625 milvi

2422 3647 2653 3713 Iehova
2715 3647 2786 3713 id
2832 3646 3119 3728 faciam?
3206 3647 3310 3714 27.
3382 3647 3560 3713 Tunc
3610 3647 3780 3713 dixit
3830 3644 4042 3713 Balac
4097 3645 4183 3711 ad
4238 3642 4376 3710 Ba-

2419 3733 2623 3799 laam.-
2691 3731 2849 3798 Veni
2902 3733 3195 3815 accium,
3251 3733 3477 3801 ducam
3534 3733 3719 3799 tcad
3772 3732 3972 3798 houm
4026 3729 4254 3811 aliwn,
4311 3729 4375 3796 si

2417 3820 2579 3902 forte
2609 3817 2819 3900 indep
2997 3820 3011 3833 ⁶
3052 3819 3280 3885 Dcout
3308 3818 3729 3886 maledicacem·
3762 3816 3938 3883 mihi.
3991 3816 4098 3883 28.
4147 3814 4375 3898 Sump-

2421 3905 2508 3972 st‘t
2560 3924 2705 3989 erqo
2763 3902 2973 3972 Balac
3023 3904 3237 3989 ipsum
3278 3903 3563 3971 Balaam
3613 3905 3687 3970 in
3727 3904 4010 3971 verticem
4056 3900 4219 3968 Pcor
4258 3900 4373 3984 qui

2419 3990 3131 4159 mmm&
3149 3990 3713 4159 ma⁶“²''÷'’i.÷0²?efptm
3610 3989 3667 4055 Β
3680 3986 4373 4158 ‘mammam

2421 4124 4374 4246 mihimseptemiuvenoosetseptemariaes.'30.Fooit

2420 4251 2635 4331 itaque
2710 4247 2918 4315 Bazac
3000 4249 3521 4332 quemadmodum
3590 4248 3840 4313 dixerat
3919 4243 4202 4312 Balaam
4215 4295 4233 4326 ,
4315 4248 4375 4312 ct

2422 4335 2636 4402 obtulit
2674 4336 3006 4401 iuvencum
3045 4338 3103 4401 ct
3143 4336 3402 4401 arietem
3440 4335 3512 4401 in
3555 4352 3940 4417 unoquoque
3983 4331 4197 4398 altari.

2596 4505 2706 4608 ²5⁸.
2768 4505 2961 4572 Dixit
3017 4510 3222 4573 autem
3266 4505 3614 4605 Bake-ad
3653 4502 3956 4571 Balaam
4012 4502 4177 4605 ‘Hic
4227 4509 4373 4566 tan-

2424 4592 3097 4764 ἓΐἫηέᾩῗὲἓῗὲῗ
3138 4590 3655 4758 322223‘3213003.
3677 4610 3885 4742 Ἠ
3938 4609 4176 4741 :m
4220 4586 4371 4756 ἐξὲξ

2426 4774 2493 4833 et
2534 4774 2749 4832 metus
2794 4763 3148 4844 alternent,
3207 4771 3285 4830 ut
3338 4762 3734 4830 sententiam
3792 4759 4106 4827 mutando
4154 4757 4370 4824 revol-

2424 4862 2671 4920 vantur
2726 4859 2951 4917 tamen
3001 4850 3070 4915 in
3125 4849 3387 4916 eosdem
3445 4869 3727 4916 errores:
3793 4868 3870 4914 ac
3913 4847 3970 4912 si
4025 4865 4144 4930 per
4185 4844 4291 4909 lab
4339 4878 4370 4893 -

2422 4937 2726 5005 rinthum
2776 4958 2887 5004 eos
2945 4936 3418 5021 circumageret
3467 4955 3660 5002 caeca
3700 4934 4140 5016 intemperies.
4347 4928 4369 4993 i

2425 5044 2497 5091 se
2532 5023 2836 5108 opinione
2869 5020 3216 5106 deceptum
3253 5020 3432 5089 videt
3464 5019 3687 5102 Balac‚
3728 5019 3908 5101 cupit
3949 5016 4180 5084 saltem
4216 5035 4368 5081 con-

2426 5109 2774 5177 ductitium
2817 5109 3204 5193 prophetam
3248 5127 3369 5174 nec
3425 5105 3733 5193 prodesse
3777 5124 3898 5170 nec
3956 5100 4200 5168 obesse.
4287 5100 4369 5168 Id

2424 5216 2586 5263 vero
2628 5193 2900 5280 perinde
2941 5201 3046 5262 est
3087 5214 3163 5262 ac
3207 5194 3267 5260 si
3309 5194 3528 5260 Deum
3576 5190 3772 5260 vellet
3812 5190 4025 5257 iacere
4067 5187 4367 5255 otiosum.

2602 5384 2661 5455 1)
2694 5384 2771 5441 12⁸
2801 5384 3076 5454 maraine.-
3111 5384 3215 5452 vel,
3247 5380 3499 5437 Iesimon.
