5017 6142
622 423 745 487 471

626 620 870 679 eventu
961 612 1235 691 sentiat,
1328 609 1716 678 sceleratum
1796 620 1864 676 et
1940 609 2299 677 nefandum
2376 610 2577 678 fuisse

624 719 807 782 opus.
895 699 1067 766 Nam
1110 698 1540 764 fundamenta
1581 695 1796 763 iacere
1838 695 1913 761 in
1954 697 2392 781 primogenito
2432 705 2579 762 tan-

624 782 898 851 tundem
965 784 1171 863 valet,
1238 802 1314 848 ac
1373 782 1581 848 filium
1641 781 1989 866 proiicere,
2049 790 2124 848 ut
2178 782 2449 849 obrutus
2509 792 2579 848 et

624 870 890 937 attritus
929 868 1224 955 lapidum
1259 869 1430 935 mole
1466 867 1817 934 infeliciter
1860 877 2104 952 pereat.
2188 867 2302 936 Sic
2351 878 2577 952 portas

624 956 840 1025 locare
874 957 947 1023 in
981 956 1234 1023 minore
1268 955 1421 1033 filio,
1457 953 1847 1020 tantundem
1884 954 2063 1021 valet
2096 975 2172 1020 ac
2209 954 2578 1022 aedificium

625 1043 843 1109 moliri
899 1042 1068 1127 quod
1127 1063 1261 1107 non
1318 1039 1448 1107 uisi
1503 1039 1622 1106 filii
1679 1041 1952 1105 interitu
2009 1047 2256 1125 surgat.
2344 1040 2454 1106 Ita
2504 1041 2578 1105 in

627 1150 748 1197 sua
801 1128 1110 1214 progenie
1167 1127 1523 1193 damnatur
1565 1124 1678 1210 qui
1721 1145 1798 1191 eo
1843 1126 2148 1192 vesaniae
2191 1147 2576 1211 prorumpe-

625 1225 749 1280 ret.
836 1214 976 1281 Nec
1035 1234 1192 1280 vero
1232 1211 1421 1279 Iosue
1465 1232 1549 1277 ex
1591 1212 1855 1295 proprio
1914 1232 2110 1279 sensu
2155 1212 2328 1278 hanc
2370 1212 2574 1278 male-

626 1301 971 1367 dictionem
994 1300 1304 1384 protulit:
1340 1297 1456 1364 sed
1490 1317 1722 1382 praeco
1756 1298 1882 1363 fuit
1902 1296 2201 1365 coelestis
2222 1297 2573 1365 vindictae.

626 1385 777 1469 Quo
818 1386 1029 1471 magis
1066 1384 1508 1470 prodigiosum
1546 1391 1666 1464 est,
1708 1394 2039 1467 repertum
2074 1383 2146 1449 in
2180 1384 2418 1469 populo
2442 1383 2575 1449 Dei

622 1473 824 1539 fuisse
902 1472 1237 1538 hominem
1299 1490 1493 1555 quem
1559 1468 1986 1535 formidabilis
2048 1470 2177 1537 ista
2250 1469 2575 1537 adiuratio

624 1558 1006 1625 solennibus
1073 1558 1289 1623 verbis
1353 1563 1666 1639 concepta
1719 1574 1758 1619 a
1816 1555 2142 1641 sacrilega
2206 1559 2574 1623 temeritate

625 1665 759 1711 non
797 1651 1081 1711 arceret:
1128 1642 1321 1710 sicuti
1364 1649 1650 1726 tempore
1696 1641 1925 1708 Achab
1969 1648 2237 1710 exortus
2280 1649 2381 1709 est
2416 1640 2574 1708 Hiel

514 1741 518 1744 ⁴
625 1731 790 1796 civis
825 1729 1084 1808 Bethel,
1129 1729 1243 1812 qui
1282 1728 1499 1792 Deum
1543 1728 1728 1811 quasi
1772 1750 1855 1793 ex
1898 1728 2191 1811 professo
2234 1727 2357 1795 hac
2390 1728 2462 1794 in
2500 1750 2574 1794 re

624 1816 943 1883 lacessere
987 1835 1186 1881 ausus
1229 1823 1332 1880 est
1374 1811 1464 1898 (1.
1508 1813 1674 1899 Reg.
1723 1814 1824 1895 16,
1867 1812 1998 1900 34).
2076 1815 2331 1880 Verum
2376 1813 2573 1879 simul

625 1908 905 1969 testatur
949 1920 1135 1967 sacra
1172 1899 1462 1978 historia,
1507 1920 1639 1965 non
1684 1900 1946 1966 irritum
1981 1900 2180 1967 fuisse
2212 1900 2572 1979 oraculum,

672 1987 799 2053 uod
843 1987 1029 2053 Deus
1069 1986 1619 2070 pronunciaverat
1659 1986 1734 2050 in
1778 2006 1981 2052 manu
2024 1985 2250 2053 Iosue:
2305 1987 2460 2071 quia
2498 1985 2572 2051 in

626 2008 905 2140 {hiram
947 2071 1382 2157 primogenito
1423 2092 1666 2138 novam
1707 2070 1967 2139 Iericho
2010 2072 2342 2152 fundavit,
2388 2081 2455 2138 et
2498 2072 2571 2137 in

630 2158 852 2244 Segub
895 2158 1030 2224 filio
1072 2158 1326 2223 minore
1369 2158 1581 2223 erexit
1622 2168 1848 2242 portas
1890 2160 2063 2224 eius:
2110 2166 2182 2224 ut
2218 2161 2290 2225 in
2333 2157 2573 2226 sobolis

625 2265 786 2313 suae
829 2245 1028 2312 exitio
1062 2252 1459 2328 agnosceret,
1503 2244 1660 2328 quid
1696 2244 1785 2311 sit
1816 2244 2028 2311 invito
2063 2251 2129 2312 et
2162 2253 2575 2332 repugnante

626 2331 773 2398 Deo
818 2327 1168 2415 quidquam
1212 2337 1492 2396 tentare.

1346 2661 1650 2731 OAPU'I'
1694 2663 1848 2731 VII.

801 2834 858 2901 1.
932 2834 1341 2918 Transyressi
1403 2839 1610 2901 autem
1670 2840 1820 2902 sunt
1880 2836 2373 2921 wansyressione
2445 2835 2575 2918 filii

627 2920 839 2988 Israel
877 2920 947 2986 in
988 2919 1406 2999 anathemate,
1461 2922 1613 3003 qaia
1653 2921 1882 2989 Achan
1919 2921 2099 3003 filius
2143 2921 2407 2990 Chami
2444 2922 2574 3004 filii

628 3006 863 3087 Zabdi,
912 3006 1041 3088 filii
1083 3004 1295 3073 Zerah
1350 3006 1426 3072 de
1478 3007 1648 3073 tribu
1691 3007 1939 3074 Ielmda
1996 3007 2250 3076 abstrait
2301 3009 2379 3076 de
2420 3028 2576 3075 ana-

626 3093 921 3159 themate.-
940 3095 996 3157 et
1017 3110 1275 3158 accensa
1295 3097 1385 3158 est
1404 3094 1909 3161 excandescentia
1930 3098 2143 3162 contra
2159 3094 2327 3177 filios
2343 3093 2572 3161 Israel.

626 3179 687 3246 2.
737 3177 937 3245 Porro
978 3177 1155 3244 misit
1198 3175 1386 3244 Iasae
1424 3179 1596 3245 viros
1636 3199 1669 3245 e
1712 3179 1959 3247 Iericho
1999 3185 2214 3248 eontra
2254 3180 2367 3257 Αἰ,
2411 3198 2575 3263 quae

626 3269 765 3331 erat
805 3265 988 3331 iaxta
1030 3261 1351 3330 Bethaven
1394 3263 1480 3330 ad
1523 3265 1819 3332 crimem
1859 3265 2113 3343 Bethez,
2172 3272 2231 3332 et
2284 3266 2576 3349 laqueatas

629 3356 719 3416 est
768 3368 908 3415 cum
954 3349 1093 3416 illis
1150 3348 1438 3417 dicendo:
1494 3350 1828 3419 Ascendite
1868 3356 1924 3418 et
1962 3353 2278 3436 explorate
2316 3357 2572 3419 terram.

627 3434 1063 3502 Ascenderant
1093 3435 1305 3517 itaque
1344 3435 1492 3516 viri,
1535 3441 1595 3502 et
1636 3439 2118 3522 exploraverunt
2153 3439 2267 3506 Δί.
2346 3438 2409 3505 3.
2451 3436 2577 3521 Qui

626 3521 865 3587 reversi
921 3520 1007 3586 ad
1064 3518 1357 3602 Ιοεααηι,
1422 3521 1722 3590 dixerunt
1772 3524 1862 3590 ei.-
1917 3522 2021 3592 Ne
2073 3524 2371 3593 ascendat
2414 3527 2578 3590 totus

617 3605 1537 3760 ..wrwmwmmw
1440 3607 1656 3761 ψεῖ
1683 3609 2579 3778 emmeram

627 3780 854 3845 denunt
893 3796 1035 3863 eryo
1075 3776 1226 3844 aluo
1257 3797 1291 3843 e
1321 3745 1554 3861 popule
1590 3780 1725 3863 fere
1764 3782 1892 3847 tria
1931 3782 2139 3849 millia
2179 3784 2479 3862 virorum
2523 3783 2581 3847 et

626 3864 924 3948 fuyerunt
973 3882 1182 3930 coram
1221 3863 1386 3929 viris
1428 3864 1541 3931 Αἰ.
1629 3866 1690 3933 5.
1755 3866 2324 3952 Percusserantque
2362 3889 2441 3936 cx
2482 3868 2579 3934 eis

632 3950 876 4016 circiter
914 3949 1178 4033 trifinta
1215 3954 1274 4015 et
1314 3968 1431 4015 sex
1470 3951 1642 4018 viros
1658 4002 1675 4033 ,
1711 3957 1769 4018 et
1795 3955 2167 4037 persequuti
2202 3959 2353 4021 sunt
2390 3973 2492 4022 eos
2537 3973 2580 4018 a

620 4033 1542 4118 mmmmm,
1593 4042 2138 4121 &percusserunt
2202 4060 2304 4108 cos
2358 4039 2578 4106 inde-

632 4140 886 4188 scensa:
945 4124 1133 4203 atque
1188 4120 1283 4187 ita
1325 4122 1732 4206 liquefactum
1771 4130 1861 4191 est
1915 4144 2021 4191 cor
2049 4127 2282 4213 populi
2335 4126 2581 4210 fuitque

632 4206 804 4307 velat
849 4226 1038 4306 aqua.
1084 4292 1097 4306 ο
1137 4206 1197 4272 6.
1255 4205 1461 4306 Ρρννο
1518 4210 1707 4278 Iosue
1765 4211 1953 4279 scidit
2008 4213 2372 4279 vestimenta
2435 4230 2559 4277 sua

622 4293 1150 4460 i'fflssfflss
1194 4291 1660 4461 Woefflss
1671 4431 1689 4463 ,
1721 4301 2582 4486 ’ᾖεῖῒῗΐωῧῖἷιεῗὲἓῖ

634 4464 1641 4627 ⁶1⁶..12⁸.“21.·⁸“‚²².1.²⁰“..²⁰1>‘’03?ffl
1638 4471 2203 4639 Imm}
2207 4469 2585 4623 ‘orm

621 4636 940 4719 populum
992 4633 1156 4700 hunc
1207 4639 1390 4702 trans
1441 4635 1815 4722 Iordanem,
1879 4646 1951 4709 ut
2004 4642 2285 4710 traderes
2337 4662 2453 4709 nos
2509 4643 2584 4709 in

633 4742 893 4788 manum
948 4719 1335 4821 Amorrhaei
1388 4723 1500 4805 qui
1541 4725 1775 4805 perdat
1825 4728 1992 4795 nos?
2078 4728 2286 4812 Atque
2336 4729 2586 4796 utinam

635 4807 916 4876 libuisset
983 4805 1162 4873 nobis
1222 4827 1475 4875 manere
1532 4812 1606 4876 in
1667 4812 1906 4879 deserto
1968 4819 2146 4882 trans
2204 4815 2585 4885 Iordanem!

636 4896 696 4962 8.
749 4894 804 4963 Ο
842 4893 1116 4960 Domine
1155 4893 1311 4976 quid
1362 4893 1571 4962 dicam
1611 4901 1950 4980 postquam
1986 4901 2167 4967 vertit
2208 4903 2422 4970 Israel
2460 4921 2585 4968 cer-

633 4981 824 5047 vicem
879 4999 1088 5047 coram
1142 4979 1428 5047 inimicis
1478 4982 1671 5049 suis?
1764 4982 1825 5049 9.
1883 4985 2281 5071 Audientqae
2340 4987 2585 5055 Chana-

634 5084 830 5132 naeus
869 5070 926 5131 et
966 5084 1174 5130 omnes
1215 5066 1711 5147 incolaeterrae,
1754 5074 2581 5154 etvcrtentsecontranos,

633 5150 1105 5234 disper-dentque
1136 5170 1355 5218 nomen
1387 5158 1669 5220 nostrum
1704 5174 1737 5220 e
1769 5161 1968 5223 terra:
2013 5158 2166 5241 quid
2206 5180 2348 5228 vero
2385 5159 2585 5242 facies

633 5236 874 5304 nomini
912 5239 1016 5303 tuo
1056 5255 1282 5322 mayno
1299 5237 1336 5303 3

1784 419 2531 490 COMMENTARIUS
2575 422 2677 489 IN
2720 420 3003 491 IOSUE
3049 421 3246 488 OAP.
3292 420 3451 488 VII.

2561 4261 2578 4292 ,
2680 4215 2933 4284 tribum
2997 4238 3200 4302 usque
3256 4215 3426 4284 Iuda
3481 4216 3796 4285 ascendit.

4499 420 4626 486 472

2855 612 2911 676 1.
2976 610 3385 696 Trans-cressi
3442 615 3608 677 sunt.
3714 609 4029 676 Refertur
4088 609 4287 676 unius
4341 608 4628 676 hominis

2678 697 2946 776 crimen,
2989 704 3056 763 et
3099 696 3360 781 quidem
3404 694 3902 775 clandestinum,
3948 696 4135 761 cuius
4177 694 4372 779 culpa
4414 695 4487 760 in
4530 705 4627 761 to-

2679 794 2819 848 tum
2853 782 3164 866 populum
3204 782 3726 849 transscribitur:
3771 803 3982 866 neque
4023 781 4093 847 id
4140 780 4349 861 modo,
4396 779 4512 846 sed
4554 782 4627 846 in

2678 868 2902 952 plures
2957 870 3249 935 insontes
3306 868 3502 934 simul
3557 867 3856 935 reiicitur
3908 887 4135 952 poena.
4236 868 4299 932 A
4375 868 4444 932 ui
4503 868 4628 932 mi-

2677 955 2858 1020 nime
2901 966 3416 1021 consentaneum
3459 954 3740 1033 videtur,
3782 954 4041 1038 privato
4086 960 4153 1019 et
4193 973 4350 1020 occu
4376 961 4446 1019 to
4490 974 4630 1020 sce-

2676 1039 2814 1106 lere
2857 1047 3065 1106 totum
3109 1040 3430 1125 populum
3448 1091 3463 1119 ,
3525 1041 3640 1125 qui
3690 1040 3985 1107 conscius
4041 1060 4174 1105 non
4217 1049 4389 1118 erat,
4444 1037 4630 1105 dam-

2679 1126 2843 1192 nari.
2929 1126 3355 1210 Respondeo,
3421 1146 3554 1193 non
3611 1145 3752 1192 esse
3810 1145 4087 1205 novum,
4155 1134 4230 1191 ut
4283 1127 4353 1190 in
4411 1134 4630 1192 totum

2677 1232 2912 1295 corpus
2955 1211 3279 1278 redundet
3319 1212 3516 1278 unius
3567 1210 3843 1278 membri
3902 1218 4258 1296 peccatum.
4347 1212 4425 1277 Si
4460 1211 4630 1277 ratio

2677 1319 2798 1364 nos
2841 1298 3109 1379 lateret,
3167 1298 3328 1364 satis
3371 1318 3695 1382 superque
3737 1296 3927 1363 nobis
3970 1318 4112 1364 esse
4155 1294 4365 1376 debet,
4411 1304 4630 1364 trans-

2677 1383 3082 1468 gressionem
3146 1383 3458 1469 imputari
3524 1384 3677 1450 filiis
3740 1381 3986 1464 Israel,
4046 1382 4205 1448 dum
4271 1383 4354 1448 ad
4418 1404 4628 1450 unum

2676 1469 3008 1536 hominem
3053 1490 3229 1536 noxa
3271 1470 3714 1553 restringitur.
3802 1469 4059 1535 Verum
4108 1468 4262 1554 quia
4306 1476 4381 1534 ut
4420 1468 4630 1552 pluri·

2674 1576 2859 1622 mum
2914 1555 3267 1641 contingit,
3324 1554 3736 1623 connivendo
3778 1555 3978 1620 etiam
4023 1576 4157 1620 non
4202 1554 4410 1622 malos
4453 1554 4630 1621 alere

2675 1642 2952 1707 fratrum
2997 1647 3283 1726 peccata,
3328 1663 3480 1726 pars
3524 1636 3757 1726 culpae
3800 1641 4034 1707 merito
4079 1640 4375 1709 reiicitur
4407 1640 4481 1706 in
4516 1661 4629 1707 eos

2677 1748 2906 1793 omnes
2920 1778 2937 1808 ,
2995 1748 3157 1811 quos
3219 1726 3649 1794 dissimulatio
3701 1726 4010 1793 societate
4066 1727 4378 1812 implicat.
4480 1727 4630 1794 Hac

2674 1813 2928 1879 ratione
2970 1813 3220 1880 Paulus
3264 1812 3625 1880 Corinthiis
3667 1810 3969 1879 omnibus
4012 1812 4369 1896 exprobrat
4410 1812 4632 1896 priva-

2674 1908 2818 1965 tum
2860 1899 3060 1965 unius
3104 1897 3390 1966 hominis
3433 1898 3758 1983 flagitium
3776 1949 3792 1980 ,
3851 1908 3918 1964 et
3969 1897 4042 1964 in
4100 1918 4329 1965 eorum
4380 1899 4629 1966 fastum

2673 1985 3012 2051 invehitur
3028 2036 3044 2067 ,
3089 1983 3264 2069 quod
3308 1992 3494 2050 tanta
3535 1983 3897 2070 ignominia
3938 1982 4183 2050 foedati
4228 1982 4445 2052 adhuc
4486 1984 4630 2070 glo·

2674 2071 2834 2137 riari
2869 2071 3155 2138 audeant
3186 2069 3272 2157 (1.
3298 2070 3451 2138 Gor.
3490 2068 3551 2152 5,
3587 2071 3630 2135 4
3664 2068 3806 2157 sq.).
3874 2069 4128 2136 Verum
4171 2070 4280 2137 hic
4324 2070 4629 2155 excipere

2674 2178 2861 2241 prom
2910 2165 3056 2223 tum
3099 2163 3228 2237 est,
3272 2157 3520 2223 furtum
3562 2176 3788 2222 omnes
3831 2156 4134 2222 latuisse:
4177 2156 4451 2240 ideoque
4492 2178 4628 2224 non

2676 2263 2818 2309 esse
2885 2262 3076 2308 ocum
3119 2242 3495 2325 proverbio,
3541 2262 3691 2308 eum
3736 2250 4118 2327 perpetrare
4169 2242 4419 2308 crimen
4435 2294 4453 2322 ,
4512 2242 4627 2328 qui

2677 2327 2833 2395 dum
2909 2327 3233 2413 impedire
3312 2335 3558 2413 potest,
3637 2328 4064 2394 nihilominus
4143 2328 4291 2394 fieri
4353 2328 4625 2413 patitur.

2674 2415 2920 2480 Fateor
2961 2422 3155 2495 certe,
3199 2434 3336 2480 non
3378 2414 3631 2499 liquere
3672 2435 3792 2481 cur
3823 2414 3949 2480 toti
3984 2414 4225 2498 populo
4259 2415 4630 2499 imputetur

2675 2502 3007 2584 privatum
3031 2500 3299 2581 crimen,
3334 2501 3466 2567 nisi
3543 2498 3672 2566 uod
3705 2499 3872 2565 forte
3907 2519 4040 2566 non
4075 2501 4239 2567 satis
4273 2499 4630 2586 diligenter

2678 2596 2833 2653 ante
2868 2585 3479 2653 animadverterant
3510 2607 3584 2651 1n
3617 2584 3966 2652 maleficia:
4003 2585 4177 2652 unde
4209 2587 4356 2653 fieri
4387 2586 4626 2671 potuit,

2676 2682 2752 2739 ut
2808 2672 2916 2740 hic
2974 2672 3176 2739 miser
3231 2670 3539 2739 audacior
3596 2671 3796 2738 fuerit
3859 2669 3943 2736 ad
4008 2671 4434 2755 peccandum.
4535 2672 4628 2738 Et

2675 2765 2852 2824 certe
2905 2758 3132 2824 furtim
3189 2757 3514 2843 obrepunt
3576 2777 3652 2824 ac
3718 2756 4046 2841 pullulant
4104 2757 4317 2824 malae
4382 2757 4627 2826 herbae

2675 2843 3063 2928 fructusque
3129 2843 3361 2911 noxios
3425 2842 3827 2929 producunt,
3909 2844 4037 2910 nisi
4115 2844 4245 2911 cito
4322 2844 4628 2911 revulsae

2676 2929 2943 2996 fuerint.
3011 2928 3409 3013 Quanquam
3453 2930 3620 2995 ratio
3661 2950 3781 2996 cur
3824 2927 4010 2995 Deus
4054 2937 4264 2997 totum
4309 2930 4625 3014 populum

2674 3037 2860 3082 reum
2904 3014 3102 3082 faciat
3141 3015 3382 3083 occulti
3426 3015 3604 3094 furti,
3650 3014 3847 3081 altior
3889 3023 3991 3082 est
4025 3035 4101 3082 ac
4144 3016 4356 3101 magis
4400 3038 4625 3084 recon-

2676 3101 2847 3168 dita:
2934 3101 3046 3168 uia
3087 3100 3298 3187 magis
3331 3100 3599 3167 insolito
3635 3100 4024 3169 documento
4060 3100 4268 3168 voluit
4299 3100 4370 3167 in
4406 3111 4626 3186 poste-

2674 3208 2824 3253 rum
2857 3208 2897 3252 a
2944 3187 3243 3267 monitos,
3281 3186 3481 3254 unius
3515 3187 3759 3253 scelere
3791 3206 3984 3271 posse
4018 3208 4246 3255 omnes
4279 3187 4427 3254 fieri
4461 3207 4623 3266 reos,

2676 3292 2806 3358 quo
2849 3272 3233 3358 diligentius
3275 3270 3360 3338 ad
3402 3271 3699 3339 cavenda
3735 3273 3901 3339 vitia
3944 3272 4377 3340 attenderent.
4442 3272 4624 3340 Nihil

2676 3380 2833 3445 ergo
2875 3360 3133 3438 melius,
3178 3379 3374 3443 quam
3409 3378 3762 3444 suspensas
3799 3367 4022 3426 tenere
4056 3366 4317 3426 nostras
4353 3368 4622 3438 mentes,

2679 3443 2883 3511 donec
2915 3444 3069 3511 libri
3104 3444 3507 3530 aperiantur,
3543 3442 3657 3510 ubi
3690 3444 3865 3511 clare
3896 3443 4220 3528 patebunt
4252 3466 4420 3529 quae
4450 3466 4624 3512 nunc

2678 3538 2902 3598 nostra
2944 3529 3225 3616 caligine
3269 3529 3790 3597 obtenebrantur
3824 3529 3952 3596 Dei
3994 3530 4257 3598 iudicia.
4325 3531 4626 3599 Sufficiat

2677 3616 2883 3699 nobis,
2927 3617 3188 3701 privata
3229 3615 3378 3682 labe
3415 3616 3734 3684 infectum
3777 3616 3982 3682 fuisse
4025 3624 4234 3683 totum
4281 3617 4621 3702 populum:

2678 3703 2829 3787 quia
2887 3703 2981 3770 sic
3039 3702 3505 3786 pronunciavit
3561 3722 3859 3768 summus
3916 3702 4160 3783 Iudex,
4218 3722 4441 3770 coram
4497 3723 4620 3788 quo

2678 3810 2855 3856 nunc
2896 3787 3362 3869 obmutescere,
3402 3787 3597 3855 sicuti
3638 3786 3721 3854 ad
3764 3788 3903 3854 eius
3937 3787 4231 3855 tribunal
4265 3790 4471 3856 semel
4506 3810 4621 3855 nos

2679 3875 2823 3940 sisti
2881 3895 2920 3940 o
3006 3882 3150 3940 rtet.
3241 3874 3556 3940 Refertur
3598 3896 3681 3939 ex
3726 3895 3855 3958 qua
3896 3874 4103 3958 stirpe
4153 3874 4357 3941 fuerit
4399 3896 4623 3961 proge-

2680 3959 2863 4026 nitus
2969 3958 3140 4027 chan
3156 4008 3174 4040 ,
3217 3958 3554 4045 augendae
3597 3968 3666 4026 et
3708 3959 3896 4044 quasi
3938 3961 4397 4047 propagandae
4439 3962 4622 4048 iguo-

2679 4046 2922 4112 miniae
2956 4064 3181 4113 causa:
3229 4064 3306 4111 ac
3339 4045 3395 4112 si
3432 4042 3775 4126 diceretur,
3811 4046 4097 4113 familiae
4133 4067 4292 4114 suae
4326 4055 4396 4115 et
4429 4048 4624 4114 totius

2679 4131 2899 4216 gentis
2941 4131 3141 4198 fuisse
3194 4128 3523 4216 probrum.
3610 4131 3784 4199 Nam
3841 4133 4126 4217 scriptor
4184 4133 4501 4200 historiae
4542 4131 4624 4199 ad

3893 4217 4043 4301 Quo
4109 4217 4448 4299 docemur,
4515 4219 4627 4286 ubi

2682 4303 2828 4388 quis
2875 4304 3009 4368 iam
3066 4325 3150 4369 ex
3209 4303 3452 4370 nostris
3512 4305 3797 4388 turpiter
3847 4314 3914 4370 et
3968 4304 4280 4372 scelerate
4328 4325 4400 4372 se
4440 4308 4626 4390 gerit,

2683 4410 2770 4474 qu
2966 4388 3157 4455 modo
3219 4389 3289 4454 in
3355 4390 3500 4456 eius
3570 4409 3851 4474 persona
3916 4391 4347 4458 verecundiae
4404 4398 4627 4458 notam

2680 4475 2873 4542 nobis
2930 4475 3143 4554 inuri,
3211 4482 3289 4541 ut
3332 4474 3789 4554 humiliemur,
3845 4496 3980 4542 non
4037 4475 4206 4560 quod
4249 4477 4628 4562 propinquis

2683 4560 2987 4627 omnibus
3030 4561 3329 4628 scelerati
3364 4560 3651 4628 hominis
3683 4560 4002 4628 insultare
4037 4582 4318 4646 aequum
4353 4564 4470 4628 sit:
4515 4562 4629 4629 sed

2684 4654 2761 4713 ut
2824 4645 3206 4732 diligentius
3271 4646 3657 4714 incumbant
3719 4666 3950 4715 omnes
4014 4648 4485 4734 consanguinei
4548 4647 4629 4716 ad

2684 4740 2952 4799 mutuas
2986 4732 3457 4800 correctiones:
3495 4731 3732 4799 deinde
3766 4734 3873 4800 vel
3912 4753 4101 4800 suam
4124 4733 4628 4816 conniventiam,

2685 4817 2792 4885 vel
2834 4819 3100 4902 propria
3144 4818 3385 4885 delicta
3426 4817 3646 4903 puniri
3688 4826 4064 4905 agnoscant.
4151 4818 4296 4885 Iam
4340 4822 4628 4888 scandali

2684 4904 2893 4971 maior
2934 4904 3183 4973 obiecta
3216 4903 3344 4971 fuit
3377 4904 3626 4971 occasio
3663 4905 3741 4971 ad
3780 4926 4007 4972 omnes
4042 4902 4421 4989 turbandos,
4463 4907 4629 4992 quod

2681 4991 2754 5056 in
2799 4988 2975 5056 tribu
3018 4990 3204 5070 Iuda,
3247 5011 3418 5075 quae
3459 4991 3579 5058 flos
3621 4998 3686 5057 et
3729 4988 3927 5058 decus
3971 4998 4116 5057 erat
4157 4992 4361 5058 totius
4396 4995 4628 5077 gentis,

2684 5074 3167 5159 deprehensum
3209 5075 3339 5142 fuit
3380 5075 3512 5143 tale
3552 5077 3824 5146 facinus.
3914 5076 4004 5142 Et
4045 5085 4223 5144 certe
4263 5075 4629 5146 admirabili

2683 5159 2816 5228 Dei
2865 5161 3134 5229 consilio
3190 5162 3438 5230 factum
3494 5173 3622 5241 est,
3683 5170 3760 5228 ut
3815 5162 4133 5228 resideret
4188 5162 4257 5227 in
4300 5162 4415 5230 illa
4457 5166 4626 5233 tribu

2683 5249 3160 5332 praerogativa,
3204 5268 3371 5332 quae
3404 5268 3587 5331 spem
3623 5246 3823 5313 futuri
3860 5247 4051 5332 regni
4086 5248 4360 5315 foveret.
4427 5251 4626 5336 Atqui

2681 5332 2798 5401 ubi
2819 5332 2995 5400 inter
3013 5333 3338 5420 principia
3364 5331 3562 5400 decus
3582 5333 3706 5400 hoc
3727 5334 3810 5401 ob
3830 5335 4033 5401 unius
4054 5333 4340 5402 hominis
4374 5335 4623 5422 culpam
