5017 6142
462 395 589 463 289

454 583 661 653 oculis
683 583 796 669 qui
818 584 1040 652 omnia
1074 584 1365 650 humana
1400 584 1515 652 des
1561 583 1694 664 icit,
1718 590 1783 649 et
1805 582 1980 668 apud
2002 603 2194 668 quem
2220 583 2404 650 nulla

456 681 556 738 est
620 691 941 755 personae
1005 670 1312 754 acceptio.
1405 668 1495 738 Se
1593 669 1873 737 alterum
1939 667 2103 735 illud
2167 669 2404 736 melius

455 757 782 825 convenit.
871 758 966 822 Et
1048 765 1225 823 certe
1313 755 1481 841 quod
1569 755 1881 823 continuo
1965 765 2112 839 post
2189 755 2402 821 addit:

458 842 744 910 Auditor
796 862 1172 908 sermonum
1231 843 1383 922 Dei,
1441 851 1508 906 et
1550 843 1663 927 qui
1705 841 2170 924 omnipotentis
2215 841 2403 907 visio-

455 949 608 995 nem
669 928 949 994 intuitus
1005 937 1133 1006 est,
1205 928 1569 1013 expositive
1625 926 1816 993 debet
1856 924 2079 1011 accipi.
2168 925 2401 992 Simile

454 1024 558 1083 est
608 1012 779 1098 quod
842 1013 1192 1081 subiicitur
1291 1022 1574 1080 ostremo
1628 1014 1799 1080 loco:
1867 1012 2003 1093 Qui
2060 1011 2267 1093 cadit,
2335 1023 2401 1079 et

453 1101 846 1186 aperiuntur
921 1098 1111 1166 oculi.
1267 1122 1374 1165 am
1454 1099 1626 1185 quod
1708 1106 2045 1183 exponunt
2111 1097 2397 1182 quidam,

453 1194 673 1252 mente
716 1185 1017 1270 vigilare,
1079 1184 1233 1252 dum
1296 1186 1546 1270 sopitus
1589 1194 1690 1253 est
1733 1183 2090 1251 secundum
2146 1203 2401 1267 corpus,

449 1271 648 1357 longe
706 1271 979 1355 petitum
1040 1281 1157 1339 est.
1247 1270 1591 1356 Frigidum
1652 1291 1807 1338 vero
1851 1270 2020 1354 quod
2076 1267 2188 1335 alii
2233 1270 2397 1336 refe-

449 1370 608 1423 runt
664 1357 745 1422 ad
795 1357 1197 1440 superiorem
1255 1356 1598 1423 historiam
1614 1405 1628 1432 ‚
1676 1356 1792 1422 ubi
1849 1362 2194 1421 narratum
2250 1354 2396 1436 fuit,

494 1454 795 1527 ostquam
837 1441 1003 1509 colla
1050 1464 1162 1510 sus
1205 1444 1333 1509 fuit
1375 1442 1647 1508 Balaam
1694 1441 1817 1508 sub
1860 1442 2073 1519 asina,
2117 1450 2399 1508 retectos

478 1530 651 1595 uisse
695 1530 839 1595 eius
881 1549 1001 1594 ocu
1032 1550 1136 1611 os,
1194 1538 1268 1595 ut
1310 1529 1622 1613 angelum
1672 1527 1937 1593 videret.
2022 1527 2204 1613 Ergo
2246 1547 2399 1611 pro-

447 1614 665 1699 phetis
722 1635 793 1681 se
836 1635 1225 1699 comparans
1243 1666 1257 1693 ‚
1316 1613 1477 1681 dicit
1532 1636 1603 1680 se
1660 1612 1891 1679 cadere
1908 1663 1923 1693 ,
1979 1620 2056 1677 ut
2113 1613 2397 1680 visiones

449 1700 743 1784 accipiat.
834 1700 1049 1785 Saepe
1105 1701 1285 1767 enim
1324 1699 1605 1785 legimus
1652 1707 2013 1784 prostratos
2058 1707 2174 1765 aut
2217 1698 2395 1765 debi-

447 1787 669 1852 litatos
714 1786 911 1853 fuisse
958 1787 1336 1870 prophetas,
1381 1795 1447 1852 et
1488 1788 1674 1870 quasi
1719 1786 2056 1851 exanimes
2099 1786 2394 1864 iacuisse,

446 1872 560 1939 ubi
619 1892 690 1938 se
730 1872 864 1936 illis
910 1872 1093 1939 Deus
1149 1872 1486 1956 patefecit:
1548 1880 1742 1955 atque
1797 1871 1894 1936 ita
1950 1869 2094 1936 Deo
2148 1871 2399 1954 placuit

446 1978 675 2025 servos
732 1979 884 2024 suos
942 1957 1220 2024 deiicere
1284 1957 1642 2023 secundum
1700 1977 1961 2024 carnem
1983 2007 1998 2036 ,
2066 1964 2142 2021 ut
2197 1977 2399 2040 supra

444 2043 766 2110 mundum
826 2043 1187 2123 attolleret,
1250 2044 1533 2129 propriis
1592 2042 1842 2109 viribus
1885 2042 2255 2121 exinanire,
2322 2051 2399 2109 ut

444 2129 730 2214 repleret
773 2131 1016 2195 virtute
1060 2130 1340 2197 coelesti.

617 2215 678 2282 5.
758 2214 960 2298 Quam
1004 2215 1279 2298 pulchra
1334 2213 1747 2281 tabernacula.
1852 2213 2135 2279 Interior
2188 2212 2395 2280 felicis

444 2300 666 2452 populi
710 2300 995 2367 conditio
1040 2301 1433 2368 describitur
1474 2319 1593 2385 per
1639 2298 1852 2364 varias
1905 2298 2392 2379 similitudines,

445 2408 517 2454 se
628 2388 807 2452 inter
868 2408 938 2453 se
1003 2387 1267 2463 affines,
1337 2396 1402 2451 et
1465 2404 1630 2470 quae
1696 2406 1833 2451 rem
1902 2404 2105 2449 unam
2174 2387 2392 2469 expri-

444 2483 652 2539 munt.
744 2470 1043 2539 Vallibus
1087 2483 1153 2538 et
1196 2472 1406 2539 hortis
1449 2471 1715 2556 irriguis
1770 2469 2085 2555 populum
2139 2491 2394 2555 compa-

445 2567 582 2640 rat,
639 2557 874 2624 deinde
918 2557 1258 2625 arboribus
1309 2578 1474 2642 quae
1515 2558 1702 2642 larga
1756 2556 1986 2641 pluvia
2027 2553 2394 2623 redduntur

448 2645 904 2711 succulentae:
969 2656 1301 2728 postremo
1359 2643 1567 2727 agris,
1627 2663 1905 2726 quorum
1948 2644 2204 2709 semina
2243 2643 2390 2725 pin·

445 2729 796 2816 guedinem
838 2751 919 2795 ex
965 2730 1153 2815 aquis
1205 2729 1497 2795 trahunt.
1587 2728 1718 2796 Ubi
1763 2729 2116 2794 vertimus:
2173 2728 2390 2795 Diffu-

444 2838 551 2883 sas
595 2816 832 2896 valles,
889 2814 1003 2881 alii
1045 2824 1373 2882 torrentes
1415 2815 1689 2881 malunt.
1760 2815 1868 2903 ,Et
1911 2834 2043 2878 vox
2086 2813 2391 2881 hebraica

445 2913 797 2985 utrumque
842 2901 1197 2986 significat:
1243 2900 1356 2967 sed
1401 2902 1714 2968 continua
1748 2900 2131 2985 metaphora
2163 2908 2389 2984 postu·

443 2988 538 3053 lat
589 2988 795 3055 valles
850 2988 1069 3072 potius
1125 2987 1427 3073 intelligi.
1511 2985 1811 3054 Eandem
1876 3005 2128 3070 quoque
2188 2986 2388 3052 ratio·

442 3095 593 3140 nem
643 3082 959 3157 sequutus
1009 3093 1160 3140 sum
1208 3074 1279 3139 in
1336 3073 1675 3140 arboribus
1722 3073 1917 3139 aloes.
2006 3071 2156 3137 Etsi
2210 3072 2387 3138 enim

442 3145 650 3230 n'bn&
715 3179 909 3243 saepe
972 3167 1289 3227 vocantur
1332 3157 1751 3225 tabernacula
1765 3209 1782 3240 ,
1846 3158 2108 3224 arbores
2165 3166 2386 3224 tamen

442 3245 551 3313 hic
608 3245 743 3312 des'
844 3246 941 3310 ari
987 3266 1118 3311 non
1164 3244 1415 3325 dubito,
1466 3252 1541 3311 ut
1582 3243 1974 3329 respondeat
2015 3241 2190 3328 quod
2231 3265 2385 3310 mox

442 3331 705 3398 additur
725 3267 843 3397 Ἐξ
870 3329 1102 3399 cedris.
1187 3332 1522 3398 Dicuntur
1578 3337 1795 3396 autem
1850 3329 2117 3401 arbores
2160 3350 2200 3394 a
2242 3327 2389 3395 Deo

484 3419 776 3484 lantatae
833 3436 1001 3501 quae
1057 3417 1137 3484 ob
1193 3416 1596 3502 singularem
1663 3417 2129 3500 praestantiam
2198 3434 2388 3480 exce-

440 3439 606 3570 gunt
640 3523 1051 3571 communem
1089 3511 1362 3570 naturae
1396 3501 1680 3583 modum,
1717 3510 1783 3566 et
1815 3500 2061 3585 aliquid
2095 3499 2388 3567 humano

442 3590 663 3657 labore
740 3610 818 3656 ac
894 3589 1171 3655 artificio
1253 3588 1534 3655 nobilius
1614 3609 1768 3672 prae
1846 3609 1917 3654 se
1980 3588 2216 3652 ferunt.
2304 3587 2388 3653 In

560 3686 772 3741 trema
814 3675 1245 3742 similitudine
1288 3674 1675 3742 hallucinati
1719 3686 1876 3739 suut
1917 3671 2090 3759 (meo
2123 3670 2389 3760 iudicio)

441 3770 852 3847 interpretes.
954 3762 1090 3826 Alii
1190 3768 1485 3827 vertunt:
1595 3760 1841 3827 Semen
1941 3760 2082 3825 61116
2179 3778 2389 3842 aquae

442 3848 727 3929 multae,
787 3848 931 3913 alii:
998 3846 1078 3913 In
1144 3868 1346 3931 aquas
1411 3845 1674 3912 multas.
1761 3845 1967 3928 Atqui
2030 3843 2198 3929 quod
2265 3864 2388 3930 ego

442 3933 526 4000 ad
595 3932 865 4000 verbum
930 3934 1237 4000 transtuli
1300 3933 1498 4018 longe
1555 3931 1792 3998 melius
1858 3930 2041 4010 fluit,
2106 3929 2387 3997 similem

444 4041 585 4087 esse
651 4039 813 4104 agro
878 4020 1107 4102 pingui
1164 4029 1227 4084 et
1284 4017 1602 4086 foecundo
1618 4068 1635 4099 ,
1699 4017 1886 4084 cuius
1944 4037 2170 4083 semen
2221 4037 2259 4081 a
2303 4037 2390 4082 ua

445 4106 655 4172 multa
734 4114 1086 4171 saturatur.
1173 4104 1517 4172 Hactenus
1583 4101 1663 4168 de
1743 4101 2190 4170 benedictione
2327 4101 2389 4168 ei

444 4191 750 4259 disseruit
793 4191 1083 4271 Balaam,
1129 4211 1295 4276 quae
1337 4190 1649 4275 populum
1694 4189 1874 4255 omni
1922 4188 2240 4255 bonorum
2284 4209 2389 4255 co·

443 4278 552 4363 pia
593 4275 1033 4360 locupletabit.

616 4364 676 4429 7.
743 4360 832 4428 Et
884 4362 1226 4429 elevabitur
1279 4381 1396 4426 rex
1450 4362 1590 4428 eius
1649 4381 1840 4445 super
1903 4360 2104 4445 Aqaq.
2194 4359 2390 4427 Nunc

444 4449 525 4515 de
591 4456 865 4515 externa
930 4448 1242 4514 felicitate
1306 4446 1507 4513 verba
1586 4447 1804 4514 facere
1878 4447 2142 4530 incipit:
2219 4446 2390 4529 quod

445 4535 694 4603 scilicet
747 4535 1042 4618 potentia
1083 4532 1369 4611 florebit,
1435 4543 1503 4599 et
1558 4530 1938 4599 fortitudine
1994 4532 2224 4598 bellica
2288 4532 2391 4597 in-

445 4630 735 4687 structus
770 4621 897 4686 erit
930 4618 1211 4706 populus
1244 4618 1471 4698 Israel,
1508 4619 1590 4684 ad
1627 4617 2066 4703 prohibendae
2101 4617 2391 4683 hostium

444 4707 743 4773 iniurias.
844 4705 1073 4790 Neque
1166 4705 1345 4771 enim
1430 4704 1763 4770 sufficeret
1848 4704 2116 4771 affluere
2203 4703 2392 4771 bonis

446 4793 783 4872 omnibus,
860 4792 985 4858 nisi
1049 4790 1398 4858 coniuncta
1472 4799 1643 4858 esset
1720 4789 2025 4857 defensio.
2113 4789 2393 4856 Minime

446 4877 779 4963 probabile
822 4885 1264 4943 commentum
1307 4884 1424 4957 est,
1469 4876 1668 4943 verba
1708 4876 1853 4941 fieri
1895 4875 1977 4941 de
2011 4875 2234 4957 Saule,
2279 4876 2391 4961 qui

444 4965 640 5049 Agag
704 4982 927 5047 regem
992 4962 1506 5028 Amalecitarum
1572 4961 1819 5046 proelio
1900 4963 2144 5028 victum
2198 4962 2389 5046 cepit.

444 5051 655 5117 Recte
711 5068 870 5133 ergo
918 5049 1215 5114 sentiunt
1272 5047 1417 5127 alii,
1483 5067 1827 5113 commune
1891 5048 2094 5113 fuisse
2153 5068 2389 5114 nomen

445 5136 625 5203 illius
668 5135 885 5221 gentis
927 5133 1209 5220 regibus.
1267 5134 1633 5201 Consilium
1677 5155 1750 5199 er
1796 5154 1835 5198 o
1879 5134 2008 5200 Dei
2042 5131 2170 5199 fuit
2208 5153 2392 5219 prae-

448 5223 619 5287 ferre
670 5221 947 5288 electum
1003 5241 1196 5286 suum
1240 5220 1553 5304 populum
1600 5155 1996 5287 Amzfiecitis.
2084 5219 2222 5287 Nec
2266 5222 2389 5285 mi-

451 5329 598 5373 rum
657 5315 759 5373 est
815 5307 935 5372 hos
990 5307 1279 5372 maxime
1335 5309 1403 5373 in
1457 5315 1783 5374 certamen
1842 5306 2191 5373 committi:
2255 5327 2386 5372 non

662 5406 879 5464 Caluini
905 5423 1086 5479 opera.
1170 5408 1287 5465 Vol.
1308 5396 1377 5462 'X
1382 5409 1440 5464 X
1451 5407 1512 5464 V.

1879 392 2286 465 Rsnrms
2334 396 2479 485 AD.
2508 396 3056 466 HISTORIAM.

4332 403 4464 470 290

2506 584 2720 653 solum
2775 589 2930 670 quia
2984 588 3286 672 perpetui
3345 588 3613 654 fuerunt
3662 587 3887 657 hostes
3930 588 4280 668 Israelitis,
4340 591 4458 658 sed

2504 672 2658 757 quia
2720 679 2881 740 tunc
2943 671 3403 740 celeberrimae
3467 683 3658 739 erant
3710 696 3938 742 eorum
3994 695 4186 761 opes:
4263 676 4460 743 sicuti

2501 758 2699 843 paulo
2742 768 2889 842 post
2930 758 3314 825 videbimus.
3378 759 3787 844 Principium
3828 762 4125 847 gentium
4162 762 4455 845 Amalec,

2503 853 2623 910 etc.
2684 843 2831 910 Etsi
2867 851 3087 910 autem
3124 844 3321 930 longo
3355 855 3504 928 post
3541 853 3831 932 tempore
3866 848 3935 913 in
3973 847 4220 915 Israele
4256 868 4454 914 nemo

2504 929 2841 1014 regnavit,
2901 951 3031 996 non
3089 928 3447 996 absurdum
3506 942 3606 997 est
3662 944 3884 999 tamen
3928 935 4103 1018 regis
4153 946 4217 1000 et
4261 934 4453 1018 regni

2503 1016 2769 1081 nomine
2811 1014 3144 1099 publicum
3179 1024 3422 1082 statum
3467 1014 3828 1102 designari:
3872 1020 4258 1102 praesertim
4301 1020 4454 1103 quia

2499 1100 2686 1167 Deus
2729 1100 3005 1167 solidam
3051 1101 3303 1185 gratiae
3363 1122 3522 1167 suae
3570 1104 4032 1187 perfectionem
4076 1105 4146 1169 in
4191 1114 4451 1190 tempus

2502 1208 2708 1270 usque
2744 1188 2929 1272 regni
2969 1186 3331 1254 distulerat.
3390 1186 3614 1270 Quare
3650 1189 3772 1255 hoc
3809 1190 4121 1257 vaticinio
4157 1191 4450 1271 Balaam,

2499 1271 2800 1356 quamvis
2861 1271 3027 1338 nihil
3071 1271 3200 1338 tale
3244 1274 3570 1358 cogitans,
3625 1282 3886 1359 tempus
3932 1274 4213 1343 Davidis
4270 1298 4450 1343 com·

2498 1359 2735 1441 plexus
2795 1366 2913 1425 est.
3004 1357 3196 1425 Unde
3259 1358 3552 1444 sequitur
3617 1360 3904 1443 praedici
3961 1382 4128 1444 quae
4184 1363 4450 1428 nonnisi

2499 1445 2568 1508 in
2613 1442 2881 1510 Christo
2924 1444 3191 1509 fuerunt
3223 1444 3562 1529 completa,
3609 1447 3676 1510 in
3713 1467 3840 1530 quo
3879 1447 4142 1531 adoptio
4175 1447 4452 1515 fundata

2499 1539 2661 1594 erat.
2750 1528 2944 1612 Quod
3010 1530 3306 1613 sequitur
3369 1538 3526 1597 ante
3581 1532 3950 1614 expositum
4007 1533 4164 1613 fuit,
4225 1532 4447 1599 Deum

2498 1614 2742 1681 scilicet
2796 1615 3112 1700 populum
3171 1637 3367 1682 suum
3412 1614 3781 1698 liberando,
3838 1617 4054 1701 palam
4105 1619 4333 1686 fecisse
4377 1639 4448 1684 66

2498 1700 2671 1766 velle
2727 1702 2940 1783 ipsum
2993 1720 3261 1767 manere
3326 1703 3580 1769 salvum
3636 1712 3701 1768 et
3766 1704 4189 1786 incolumem,
4253 1703 4451 1789 idque

2498 1794 3108 1971 P⁰⁸⁸‘}³.p¹}2}f2}2⁰ile
3186 1871 3566 1940 benedixerit
3650 1873 3781 1939 tan:
3871 1874 4055 1941 Haeo
4139 1875 4447 1959 loquendi

2499 1958 2711 2023 forma
2754 1958 3082 2042 significat
3127 1978 3204 2022 ca
3246 1958 3392 2042 lege
3434 1959 3672 2024 electos
3716 1980 3756 2025 a
3799 1960 3942 2025 Deo
3990 1961 4191 2028 fuisse
4235 1960 4445 2027 Israe-

2498 2043 2681 2123 litas,
2746 2052 2819 2110 ut
2876 2043 2999 2109 sibi
3056 2043 3426 2126 impensum
3487 2046 3727 2110 referat
3784 2046 4100 2131 quidquid
4155 2046 4287 2112 illis
4341 2047 4443 2113 vel

2496 2130 2776 2195 iniuriae
2819 2128 3075 2194 illatum
3111 2129 3219 2193 vel
3256 2131 3552 2197 beneficii
3587 2130 3896 2196 collatum
3931 2132 4149 2198 fuerit.
4217 2132 4447 2217 Neque

2494 2236 2651 2281 vero
2696 2235 2940 2280 novum
2983 2225 3086 2280 est
3128 2224 3203 2279 ut
3250 2216 3431 2282 Deus
3475 2238 3546 2281 se
3589 2215 3897 2282 ecclesiae
3940 2237 4097 2284 suae
4153 2217 4448 2284 hostibus

2494 2300 2635 2366 fore
2695 2301 2979 2380 hostem,
3036 2308 3102 2364 et
3142 2322 3373 2366 rursus
3430 2301 3657 2368 amicis
3701 2321 3772 2366 se
3816 2301 3956 2367 fore
4002 2303 4285 2371 amicum
4332 2302 4445 2370 de·

2495 2386 2789 2451 nunciet:
2869 2383 3038 2470 quod
3118 2386 3381 2472 signum
3451 2399 3548 2453 est
3613 2388 3852 2452 summi
3916 2387 4179 2456 favoris.
4268 2389 4447 2458 Hinc

2494 2479 2715 2538 autem
2789 2471 3102 2538 docemur
3168 2491 3591 2558 quaecunque
3658 2482 4077 2556 praestantur
4134 2476 4443 2542 ecclesiae

2496 2558 2744 2638 officia,
2799 2557 3000 2624 locari
3055 2557 3230 2642 apud
3291 2560 3503 2641 ipsum
3564 2559 3812 2637 Deum,
3879 2560 3989 2643 qui
4047 2559 4260 2627 fidelis
4317 2562 4446 2627 erit

2494 2651 2980 2720 remunerator,
3067 2652 3137 2707 et
3211 2643 3408 2710 simul
3480 2665 3616 2709 non
3694 2664 3884 2728 posse
3968 2644 4141 2711 laedi
4218 2646 4445 2713 fideles

2495 2731 2655 2814 quin
2722 2728 3037 2795 ultionem
3103 2730 3446 2813 suscipiat:
3513 2728 3708 2796 sicuti
3774 2729 3962 2796 dicit:
4029 2729 4164 2812 Qui
4229 2734 4443 2818 tangit

2496 2815 2811 2901 pupillam
2875 2814 3049 2880 oculi
3102 2815 3233 2880 mei
3269 2813 3494 2901 (Zach.
3540 2816 3612 2894 2,
3670 2813 3757 2902 8).
3850 2814 3924 2882 Si
3968 2818 4116 2900 quis
4159 2817 4441 2897 obiiciat,

2496 2901 2774 2968 Balaam
2831 2900 3047 2983 ipsum
3104 2899 3402 2968 mercede
3458 2902 3781 2979 caruisse,
3840 2902 4143 2985 quamvis
4200 2905 4442 2989 populo

2490 2985 2968 3068 benedixisset,
3031 2986 3102 3051 in
3156 2994 3467 3072 promptu
3524 2995 3625 3054 est
3680 2987 3953 3069 solutio,
4010 2988 4196 3055 nulla
4246 2988 4444 3055 laude

2490 3073 2690 3140 fuisse
2734 3071 3006 3159 dignum
3049 3071 3161 3154 qui
3206 3084 3437 3158 sponte
3473 3087 3539 3138 et
3574 3074 3831 3141 liberali
3873 3095 4166 3158 puroque
4200 3075 4443 3142 affectu

2491 3158 2762 3224 minime
2834 3178 3199 3244 propensus
3272 3159 3396 3225 fuit
3460 3159 3531 3225 in
3609 3160 3901 3226 favorem
3983 3161 4245 3245 populi,
4324 3161 4441 3226 sed

2491 3244 2815 3310 violenter
2858 3253 3111 3311 tractus
3152 3264 3282 3328 quo
3325 3244 3607 3312 nolebat.
3694 3245 3960 3310 Interea
4009 3256 4232 3312 manet
4274 3246 4441 3312 illud

2492 3332 2735 3396 fixum:
2821 3329 3212 3413 Quicunque
3292 3331 3374 3397 ad
3440 3328 3748 3398 ecclesiae
3821 3331 4099 3397 salutem
4177 3352 4442 3415 operam

2491 3437 2677 3482 suam
2741 3416 3171 3494 contulerint,
3236 3426 3304 3482 et
3365 3415 3517 3482 fidei
3580 3417 3831 3482 fuerint
3894 3417 4032 3483 eius
4088 3417 4439 3499 adiutores,

2491 3502 2960 3653 ¹benedictionis
3020 3521 3186 3587 quae
3241 3502 3347 3570 hic
3403 3504 3811 3588 promittitur
3864 3511 4042 3570 certo
4090 3504 4441 3589 participes

2517 3610 2646 3655 ore.
3471 3650 3476 3656 .

3012 3932 3145 3998 Ex
3189 3929 3522 3998 EODEM
3564 3931 3921 3998 OAPI'I'E.

2665 4102 2764 4168 10.
2831 4100 2921 4168 Et
2963 4103 3313 4169 'excanduit
3370 4102 3554 4184 furor
3606 4101 3815 4168 Balae
3867 4106 4080 4169 eontra
4140 4101 4438 4183 Balaam,

2492 4194 2547 4256 ei
2593 4189 2904 4272 percussit
2953 4209 3182 4254 manus
3235 4207 3418 4267 6666,
3474 4208 3547 4255 66
3598 4188 3933 4272 dioeitipsi
3976 4186 4288 4254 Balaam:
4361 4189 4441 4256 Ut

2491 4275 2893 4342 malediceres
2958 4274 3234 4339 immicis
3293 4274 3452 4338 meis
3512 4274 3730 4340 vocavi
3779 4279 3862 4353 te,
3930 4278 3986 4338 et
4038 4293 4198 4352 6666,
4263 4274 4437 4341 bene·

2492 4361 2721 4427 dimisti
2798 4359 3193 4426 benedicendo
3270 4359 3403 4424 iam
3467 4360 3667 4425 61666
3739 4358 3994 4425 vicibus.
4082 4360 4183 4425 11.
4254 4361 4440 4427 Nune

2492 4466 2637 4599 “032⁰
2666 4447 2815 4598 '‘2⁴0⁹‘'
2830 4445 3153 4599 &giam
3185 4449 3402 4596 ³⁹¹⁴&
3434 4443 3495 4594 ἒ
3509 4446 3782 4596 mmmm
3826 4444 4232 4597 Hzss'Zmi‘}
4252 4445 4438 4597 '²⁰35

2488 4553 2808 4702 16611)ωάἕί
2858 4551 3470 4684 Balaa’mpzmAnnon
3532 4617 3720 4683 oviam
3783 4552 4056 4682 nanctis
4098 4581 4248 4683 buis·
4284 4554 4438 4698 6666

2490 4706 2761 4770 miserae
2802 4703 2889 4770 ad
2928 4723 3025 4769 me
3066 4701 3353 4784 loquutus
3385 4722 3545 4782 sum,
3591 4702 3876 4769 dicendo.-
3922 4702 4020 4768 13.
4085 4700 4162 4767 Si
4202 4702 4440 4768 dederit

2493 4789 2655 4856 mihi
2716 4788 2923 4855 Balae
2973 4788 3229 4870 plenam
3291 4788 3542 4855 domum
3603 4808 3787 4855 suam
3850 4793 4102 4873 amento
4148 4793 4206 4852 et
4257 4808 4434 4869 auro,

2492 4897 2616 4942 non
2661 4879 2881 4958 potero
2937 4874 3295 4957 616116916ἀὶ
3350 4893 3692 4940 sermonem
3748 4873 4042 4951 Iehovae,
4108 4877 4178 4936 ut
4237 4873 4439 4955 faeiat

2491 4962 2716 5028 bonum
2754 4960 2885 5026 sive
2924 4959 3423 5025 malumeeorde
3463 4980 3626 5025 meo.-
3668 4960 3832 5041 quod
3872 4958 4151 5041 loquetur
4185 4957 4435 5041 166666,

2492 5048 2658 5115 illud
2734 5046 3008 5129 loquar?
3088 5044 3189 5110 14.
3258 5043 3448 5112 Nune
3505 5046 3717 5128 itaque
3778 5064 3935 5120 6666,
4015 5063 4124 5127 eqo
4190 5044 4434 5111 (11666616

2493 5135 2578 5234 αᾷ
2608 5132 2919 5217 populum
2958 5151 3195 5231 nqeum:
3250 5151 3394 5215 696,
3445 5130 3761 5198 consulam
3797 5128 3912 5195 tibi
3949 5129 4104 5228 quid
4141 5129 4434 5229 facturus

2491 5226 2597 5370 3²3.
2647 5216 3575 5385 mmmmm>
3577 5216 4439 5457 maffiz'b‘ssafffi
