5017 6142
658 402 789 469 499
1857 406 2607 476 COMMENTARIUS
2650 408 2752 475 IN
2795 407 3077 478 IOSUE
3123 408 3322 476 OAP.
3367 406 3457 475 X.
4534 408 4659 475 500

659 592 1027 660 victoriam:
1121 602 1195 660 ut
1270 594 1588 678 potiatur,
1671 596 1968 664 celeriter
2026 597 2111 664 ad
2175 617 2220 682 p
2361 596 2606 664 andum

658 678 884 744 currit.
971 679 1143 745 Nam
1185 679 1443 749 felicem
1492 692 1809 749 eventum
1853 703 1985 750 non
2033 692 2104 749 ut
2146 694 2173 748 t-
2294 684 2392 749 ior
2433 692 2609 750 esset

660 764 770 830 vel
814 764 1167 846 remissior,
1213 767 1459 833 sciebat
1492 767 1617 835 sibi
1684 770 2055 849 atefactum,
2100 789 2276 836 esse:
2323 769 2435 835 sed
2480 790 2608 853 quo

656 849 904 916 maiore
935 851 1152 918 studio
1173 853 1552 920 eniteretur.

659 956 743 1002 ex
766 936 1123 1020 inopinato
1164 937 1688 1022 deprehenderit.

836 1022 936 1089 10.
1002 1022 1307 1090 Contrivit
1359 1046 1463 1092 eos
1504 1025 1755 1093 Mona.
1844 1026 2102 1094 Gladiis
2155 1027 2420 1111 quidem
2486 1047 2604 1111 po-

658 1108 799 1261 guli
853 1110 1131 1194 primam
1198 1121 1483 1197 stragem
1539 1111 1773 1179 edidit:
1850 1114 1964 1179 sed
2020 1115 2285 1198 propria
2336 1113 2604 1180 virtute.

727 1192 855 1259 nde
918 1194 1063 1261 colli
1116 1196 1317 1276 'mus,
1405 1199 1661 1282 quoties
1721 1207 2031 1282 operatur
2094 1220 2214 1283 per
2287 1199 2605 1280 homines,

658 1279 827 1345 nihil
891 1280 1046 1347 dece
1093 1303 1202 1348 ere
1254 1284 1397 1350 eius
1454 1284 1734 1369 gloriae,
1801 1286 1957 1369 quin
2016 1283 2138 1352 sibi
2191 1285 2260 1351 in
2320 1285 2604 1353 solidum

658 1365 960 1432 vendicet
1021 1367 1332 1452 quidquid
1399 1369 1643 1437 factum
1706 1380 1823 1437 est.
1912 1370 2142 1455 Neque
2205 1373 2382 1438 enim
2447 1369 2605 1436 dum

658 1451 868 1517 utitur
911 1452 1253 1519 hominum
1297 1474 1494 1539 opera
1535 1457 1746 1523 socios
1788 1456 2065 1524 advocat
2105 1459 2175 1523 in
2221 1456 2605 1537 subsidium,

658 1537 766 1604 vel
824 1538 1179 1622 quidquam
1234 1541 1315 1607 ab
1370 1541 1504 1607 illis
1562 1552 1934 1609 mutuatur:
2000 1543 2114 1610 sed
2157 1565 2356 1628 quum
2404 1564 2609 1627 penes

654 1623 871 1706 ipsum
927 1626 1045 1703 sit,
1109 1626 1424 1709 quidquid
1474 1629 1689 1694 visum
1736 1638 1838 1695 est
1892 1630 2029 1695 solo
2087 1638 2254 1695 nutu
2311 1629 2604 1712 implere,

657 1709 955 1778 homines
997 1733 1253 1797 quoque
1288 1715 1465 1797 ipsos
1498 1713 1766 1780 adhibet
1801 1726 2115 1799 tanquam
2150 1716 2608 1795 instrumenta,

656 1806 735 1863 ut
799 1818 1002 1863 manu
1066 1818 1187 1865 sua
1250 1808 1317 1864 et
1382 1798 1652 1867 arbitrio
1718 1803 1859 1886 regi
1925 1801 2241 1868 ostendat.
2345 1800 2609 1867 Interea

655 1894 1013 1967 utrumque
1068 1905 1224 1951 vere
1276 1884 1544 1966 dicitur,
1612 1887 1833 1954 hostes
1882 1888 1991 1953 vel
2046 1910 2086 1953 a
2130 1888 2307 1966 Deo,
2375 1888 2478 1954 vel
2525 1887 2609 1953 ab

661 1968 982 2035 Israelitis
1024 1969 1227 2036 fuisse
1281 1973 1658 2057 profligatos
1694 1986 1760 2039 et
1815 1973 2154 2054 contritos,
2221 1973 2375 2057 quia
2417 1972 2608 2038 Deus

658 2075 775 2137 per
829 2054 1164 2122 Israelitas
1210 2078 1320 2122 eos
1374 2059 1706 2125 contrivit.
1795 2059 1877 2124 In
1933 2059 2138 2125 altera
2194 2071 2415 2145 strage
2471 2059 2605 2126 cla-

658 2141 797 2206 rius
856 2143 1165 2225 apparuit
1205 2143 1333 2208 Dei
1387 2164 1649 2223 manus,
1717 2143 1872 2211 dum
1920 2144 2242 2230 grandine
2298 2145 2604 2229 prostrati

577 2237 588 2252 ·
657 2236 830 2292 sunt.
919 2227 1011 2292 Et
1052 2225 1293 2294 diserte
1337 2231 1742 2313 exprimitur,
1784 2231 2005 2315 plures
2047 2232 2248 2299 fuisse
2283 2230 2606 2316 grandine

657 2332 1026 2395 percussos,
1083 2335 1280 2397 quam
1322 2336 1527 2381 manu
1570 2317 1848 2394 occisos,
1893 2339 1978 2383 ne
2022 2316 2367 2384 obscurum
2412 2327 2605 2395 esset,

656 2400 996 2466 victoriam
1062 2420 1099 2463 0
1184 2400 1362 2466 00010
1446 2411 1704 2485 partam
1789 2403 2011 2469 fuisse.
2108 2402 2299 2470 Unde
2375 2423 2606 2468 rursus

654 2484 1015 2569 colligitur,
1059 2485 1447 2570 grandinem
1493 2487 1665 2555 hanc
1708 2509 1840 2553 non
1884 2488 2086 2557 fuisse
2129 2491 2472 2556 usitatam:
2530 2497 2606 2554 ut

656 2570 1048 2637 naturaliter
1112 2572 1387 2638 excitari
1445 2574 1659 2640 solent
1722 2574 2075 2674 procellae:
2143 2575 2367 2659 plures
2424 2575 2604 2640 enim

655 2655 937 2723 fuissent
978 2657 1344 2736 vulnerati,
1402 2659 1507 2725 vel
1549 2660 1754 2743 palati
1798 2681 1873 2726 ac
1908 2660 2161 2729 disiecti
2179 2712 2195 2739 ,
2253 2680 2449 2745 quam
2495 2682 2599 2726 re·

653 2751 852 2825 pente
908 2744 1259 2809 exstincti:
1329 2744 1563 2811 deinde
1613 2746 1740 2810 nisi
1784 2767 1932 2811 eam
1977 2748 2231 2812 directe
2280 2747 2603 2813 iaculatus

651 2836 825 2895 esset
846 2826 1049 2908 Deus,
1131 2849 1240 2895 ars
1275 2852 1473 2914 super
1507 2830 1961 2898 Israelitarum
1996 2832 2212 2916 capita
2246 2832 2603 2899 cecidisset.

654 2914 848 2980 Nunc
892 2915 1004 2980 ubi
1105 2929 1206 2982 ter
1267 2916 1593 2983 exercitus
1646 2938 1942 2984 seorsum
2003 2918 2374 3002 impetitur,
2436 2918 2606 2983 alter

654 3018 813 3067 vero
849 3021 889 3066 a
934 3022 1107 3067 noxa
1149 3002 1462 3069 immunis
1507 3015 1818 3088 tanquam
1862 3004 1945 3069 ad
1990 3004 2342 3070 auxiliares
2386 3004 2605 3088 copias

652 3086 922 3164 accedit,
966 3088 1141 3154 clare
1186 3088 1391 3172 liquet
1427 3110 1463 3154 e
1498 3089 1675 3156 coelo
1711 3088 1931 3156 Deum
1976 3111 2289 3175 pugnare.
2352 3089 2605 3156 Eodem

653 3193 911 3256 quoque
977 3182 1231 3256 spectat
1294 3174 1464 3257 quod
1533 3174 1804 3253 dicitur,
1880 3174 2097 3242 Deum
2161 3177 2511 3260 proiecisse
2568 3198 2604 3241 0

653 3257 832 3324 00010
890 3280 1167 3344 magnos
1221 3259 1474 3344 lapides
1517 3261 1875 3361 grandinis.
1970 3260 2218 3329 Sensus
2263 3261 2438 3327 enim
2482 3272 2602 3339 est,

654 3344 1178 3411 extraordinario
1220 3348 1470 3431 impetu
1514 3347 1818 3427 irruisse,
1876 3358 1942 3413 et
1986 3347 2441 3434 magnitudine
2485 3370 2603 3414 ex-

651 3430 925 3496 cessisse
977 3451 1395 3498 communem
1435 3432 1721 3499 modum.
1812 3430 1889 3499 Si
1932 3433 2191 3518 quando
2250 3443 2604 3518 tempestas

653 3516 723 3580 in
799 3515 1012 3582 medio
1076 3518 1318 3600 proelio
1392 3526 1611 3584 coorta
1687 3519 1876 3585 alteri
1954 3520 2127 3604 parti
2205 3520 2386 3586 utilis
2455 3520 2603 3601 fuit,

650 3600 917 3686 signum
995 3601 1243 3669 favoris
1323 3603 1424 3670 sui
1505 3603 1662 3670 dare
1718 3604 1900 3671 visus
1976 3616 2077 3673 est
2139 3607 2340 3672 Deus.
2426 3606 2607 3672 Hinc

652 3685 848 3765 illud,
917 3683 978 3753 Ο
1034 3689 1314 3755 nimium
1370 3687 1604 3755 dilecte
1658 3691 1823 3769 Deo,
1886 3692 2002 3758 tibi
2061 3691 2302 3759 militat
2353 3692 2602 3758 aether.

650 3771 905 3837 Verum
970 3772 1078 3841 hic
1141 3776 1421 3841 refertur
1485 3776 1814 3860 insignius
1884 3777 2276 3844 miraculum
2340 3778 2412 3843 in
2477 3799 2604 3862 quo

651 3858 871 3942 palam
917 3859 1100 3926 Deus
1141 3862 1461 3926 virtutem
1504 3882 1691 3928 suam
1736 3864 2046 3929 exseruit.

829 3945 929 4011 12.
1003 3946 1178 4014 Tunc
1229 3946 1519 4030 loquutus
1560 3954 1650 4014 est
1690 3948 1879 4014 Iosue
1919 3949 2203 4016 Iehovae.
2294 3948 2399 4014 Ad
2455 3968 2602 4015 ver-

657 4033 812 4099 bum
892 4031 986 4097 ita
1060 4032 1337 4117 legitur:
1438 4054 1814 4118 quanquam
1901 4043 2240 4119 exponunt
2318 4033 2604 4118 quidam,

657 4116 899 4185 Coram
924 4117 1202 4185 Iehova:
1250 4120 1404 4202 quia
1440 4120 1655 4186 Deum
1703 4120 1962 4205 alloqui,
2005 4142 2199 4205 quem
2225 4120 2605 4203 suppliciter

656 4203 1021 4288 rogandum
1089 4225 1230 4271 esse
1286 4205 1490 4271 dictat
1545 4207 1787 4290 pietas,
1854 4205 2115 4274 videtur
2171 4227 2402 4291 parum
2459 4226 2603 4273 esse

656 4299 1165 4357 consentaneum
1242 4291 1395 4357 fidei
1476 4292 1858 4372 modestiae,
1947 4304 2013 4359 et
2076 4294 2388 4361 continuo
2453 4303 2604 4376 post

656 4376 1033 4457 subiicitur,
1110 4375 1305 4443 Iosne
1387 4378 1585 4444 verba
1648 4400 1769 4444 sua
1831 4378 1914 4444 ad
1980 4380 2184 4446 solem
2265 4379 2599 4445 direxisse.

655 4463 803 4547 Ego
845 4481 1004 4527 vero
1049 4483 1177 4528 non
1225 4462 1480 4541 dubito,
1527 4464 1743 4547 priore
1786 4465 2077 4531 membro
2122 4465 2333 4532 notari
2377 4484 2600 4549 preca·

654 4550 902 4614 tionem
959 4560 1074 4613 aut
1135 4559 1390 4628 votum,
1459 4549 1663 4615 altero
1709 4561 1931 4618 autem
1982 4552 2261 4618 fiduciae
2313 4553 2604 4618 testimo·

657 4635 841 4700 nium
886 4644 1228 4718 postquam
1273 4635 1621 4702 exauditus
1673 4646 1792 4703 est.
1882 4635 2023 4704 Soli
2067 4640 2242 4705 enim
2289 4638 2604 4704 mandare

657 4730 733 4786 ut
787 4741 860 4786 se
923 4721 1214 4800 sisteret,
1280 4721 1409 4787 nisi
1467 4721 1821 4806 impetrata
1879 4724 2103 4803 venia,
2182 4725 2603 4790 temerarium

654 4807 886 4873 fuisset
919 4826 995 4873 ac
1028 4805 1397 4890 superbum.
1457 4807 1675 4873 Deum
1708 4810 1930 4892 itaque
1963 4809 2246 4876 consulit
2280 4820 2345 4875 et
2383 4821 2601 4894 rogat:

657 4912 812 4956 mox
856 4902 1119 4975 accepto
1173 4914 1514 4977 responso,
1588 4894 1898 4960 audacter
1951 4894 2232 4978 imperat
2273 4895 2392 4961 soli
2429 4894 2605 4978 quod

658 4978 802 5044 Deo
880 4977 1134 5061 placere
1205 4980 1554 5063 cognoscit.
1643 4983 1859 5062 Atque
1929 4978 2092 5048 haec
2178 4990 2278 5047 est
2353 4982 2461 5046 vis
2537 4992 2605 5047 et

658 5065 1116 5148 praerogativa
1183 5063 1332 5130 fidei
1397 5087 1593 5150 quam
1643 5064 1947 5132 Christus
2010 5067 2459 5147 commendat,
2529 5078 2605 5132 ut

657 5171 778 5216 suo
820 5149 1092 5233 imperio
1136 5151 1438 5217 subiiciat
1480 5163 1735 5217 montes
1770 5164 1835 5216 et
1870 5152 2079 5218 maria
2112 5150 2301 5238 (Mat.
2351 5154 2452 5233 17,
2497 5153 2601 5219 20.

659 5236 822 5302 Luc.
891 5236 1005 5316 17,
1062 5235 1149 5324 6).
1239 5235 1390 5318 Quo
1433 5238 1612 5303 enim
1668 5238 1880 5321 magis
1925 5258 1994 5304 se
2052 5239 2447 5305 exinaniunt
2489 5240 2600 5324 pii,

657 5340 738 5389 eo
784 5320 1121 5391 liberalius
1163 5323 1238 5388 in
1280 5344 1390 5390 eos
1433 5344 1620 5391 suam
1665 5324 1980 5390 virtutem
2025 5324 2210 5393 Deus
2253 5327 2601 5393 transfert:

1695 856 1799 922 ‘nc
1831 856 2075 923 factum
2111 867 2225 937 est,
2272 864 2349 921 ut
2385 855 2607 922 hostes

2710 608 2777 664 et
2820 598 3080 681 quando
3122 596 3286 664 fides
3342 617 3606 663 annexa
3654 603 3755 661 est
3797 595 4026 677 verbo,
4092 617 4278 664 suam
4320 598 4390 663 in
4421 617 4506 663 ea
4547 617 4659 680 po·

2709 684 2985 749 tentiam
3029 682 3448 751 demonstrat.
3539 680 3841 766 Denique
3885 682 4050 748 fides
4094 703 4135 748 a
4168 683 4370 749 verbo
4417 685 4486 747 in
4531 702 4656 765 quo

2709 767 2983 836 fundata
3023 780 3140 849 est,
3184 768 3439 852 imperii
3483 767 3791 834 fiduciam
3835 775 4194 835 mutuatur.
4282 769 4387 835 Ita
4427 767 4660 836 Helias

2710 855 2963 922 coelum
3007 856 3272 935 clausit,
3331 854 3717 938 aperuitque
3761 874 3880 920 suo
3924 853 4231 921 mandato
4250 906 4266 930 ‚
4331 864 4400 921 et
4436 854 4659 939 ignem

2711 962 2751 1006 a
2792 941 2972 1008 coelo
3019 941 3295 1007 attraxit
3352 938 3438 1026 (1.
3500 938 3666 1024 Reg.
3726 940 3805 1005 17
3852 951 3918 1005 οι
3955 939 4083 1027 18).
4190 942 4298 1007 Ita
4353 940 4661 1007 Christus

2710 1025 3061 1111 discipulos
3094 1025 3365 1092 instruit
3398 1025 3660 1092 coelesti
3694 1034 4036 1109 potestate,
4075 1034 4153 1093 ut
4175 1027 4301 1093 sibi
4334 1027 4662 1092 elementa

2711 1112 3073 1179 subiiciant.
3163 1112 3453 1178 Tantum
3520 1111 3892 1178 cavendum
3957 1126 4087 1192 est,
4173 1134 4258 1178 ne
4322 1113 4468 1196 quis
4541 1133 4662 1178 suo

2710 1197 2977 1264 arbitrio
3014 1198 3097 1265 ad
3140 1197 3623 1265 inconsiderata
3651 1197 3829 1265 iussa
3856 1198 4171 1282 prosiliat.
4237 1197 4387 1281 Qua
4407 1198 4663 1265 ratione

2711 1284 2901 1350 Iosue
2959 1305 3090 1350 non
3150 1293 3301 1350 ante
3357 1303 3707 1368 aggressus
3766 1289 3869 1349 est
3933 1286 4176 1351 morari
4232 1295 4296 1352 et
4355 1283 4663 1351 cohibere

2710 1369 2867 1436 solis
2908 1389 3206 1452 cursum,
3263 1390 3461 1453 quam
3505 1368 3586 1436 de
3638 1367 3907 1435 consilio
3949 1368 4078 1437 Dei
4121 1370 4321 1453 probe
4366 1368 4659 1437 edoctus.

2708 1457 2860 1522 Etsi
2902 1467 3121 1522 autem
3165 1456 3277 1523 ubi
3323 1453 3560 1520 dicitur
3606 1454 3914 1539 loquutus
3955 1477 4098 1522 0ωο
4141 1477 4293 1523 cum
4326 1456 4494 1534 Deo,
4544 1455 4664 1521 hoc

2710 1542 2913 1608 verbo
2943 1563 3111 1643 ’non-
3175 1542 3335 1608 satis
3368 1541 3788 1638 ·exprimitur
3851 1560 4016 1624 quae
4061 1541 4198 1642 ,Dei
4265 1562 4533 1609 servum
4569 1540 4661 1640 ‘in

2709 1626 4588 1798 ffiiisspssffissiatpffiffi„dfflnffissss’iffniossiffimoa
4546 1648 4660 1797 05ss

2711 1799 2891 1866 tabat
2933 1799 3299 1882 postulasse
3342 1820 3384 1864 a
3424 1798 3586 1879 Deo,
3632 1807 3701 1866 et
3742 1819 3942 1882 quum
3985 1811 4338 1879 exorasset,
4381 1799 4660 1866 liberum

2710 1895 2779 1951 et
2820 1887 3315 1970 magnanimum
3353 1883 3556 1951 fuisse
3599 1904 3985 1968 praeconem
4019 1884 4420 1952 incredibilis
4463 1885 4660 1951 mira-

2711 1970 2840 2038 culi
2927 1970 3099 2055 quod
3184 1969 3477 2035 nondum
3579 1971 3965 2056 contigerat.
4052 1970 4407 2055 Nunquam
4483 1972 4660 2036 enim

2711 2078 2931 2124 coram
2987 2057 3292 2123 omnibus
3349 2065 3486 2121 tam
3553 2077 3782 2123 secure
3838 2056 3958 2123 soli
4022 2057 4399 2141 praecipere
4466 2077 4663 2123 ausus

2709 2143 2972 2221 fuisset,
3051 2143 3182 2209 nisi
3245 2162 3402 2209 suae
3470 2143 3826 2209 vocationis
3891 2141 4015 2208 sibi
4080 2142 4282 2227 probe
4345 2143 4659 2210 conscius.

2711 2228 2980 2313 Alioqui
3068 2238 3261 2312 turpe
3339 2237 3405 2293 et
3479 2226 3858 2312 pudendum
3938 2229 4256 2313 probrum
4327 2227 4660 2295 subiturus

2710 2325 2871 2382 erat.
2961 2312 3154 2395 Quod
3213 2334 3368 2399 ergo
3430 2335 3562 2380 non
3628 2314 4001 2380 dubitanter
4058 2315 4129 2379 in
4196 2314 4367 2382 hanc
4434 2334 4659 2381 vocem

2710 2401 3012 2485 erumpit,
3059 2411 3131 2466 ut
3165 2400 3263 2467 sol
3298 2409 3366 2465 et
3395 2400 3556 2465 luna
3591 2400 3939 2468 deflectant
3962 2420 4001 2464 a
4023 2409 4344 2485 perpetua
4377 2410 4655 2466 naturae

2708 2486 2886 2572 lege,
2950 2486 3224 2569 perinde
3284 2493 3386 2552 est
3421 2506 3497 2552 ac
3539 2487 3597 2552 si
3638 2507 3748 2554 eos
3814 2485 4151 2552 adiuraret
4204 2507 4320 2570 per
4380 2487 4658 2552 immen-

2710 2593 2850 2639 sam
2897 2572 3023 2638 Dei
3060 2573 3420 2656 potentiam
3440 2620 3455 2650 ,
3559 2594 3643 2638 ua
3687 2570 4026 2657 praeditus
4067 2580 4184 2638 est.
4273 2571 4404 2640 Hic
4443 2582 4658 2639 autem

2709 2658 2993 2745 refulget
3037 2657 3393 2743 singularis
3432 2657 3561 2723 Del
3619 2660 3805 2725 favor
3847 2678 4005 2742 erga
4047 2657 4386 2725 ecclesiam
4405 2706 4424 2738 ,
4491 2657 4657 2743 quod

2709 2744 2902 2811 sicuti
2959 2746 3029 2809 in
3082 2746 3365 2829 gratiam
3433 2745 3702 2811 humani
3753 2744 4014 2830 generis
4068 2743 4447 2828 quotidiano
4503 2745 4652 2811 solis

2710 2851 2907 2897 cursu
2954 2830 3128 2896 diem
3172 2852 3211 2896 a
3264 2837 3452 2897 noete
3498 2830 3766 2911 dividit,
3814 2839 3878 2895 et
3924 2830 4161 2895 molem
4202 2830 4386 2895 illam
4430 2830 4651 2916 ingen·

2709 2923 2843 2982 tem
2901 2915 3298 3001 infatigabili
3355 2916 3738 3000 pernicitate
3796 2915 4056 2983 assidue
4111 2926 4363 2983 versat:
4432 2917 4528 2983 ita
4578 2915 4657 2981 ad

2708 3003 2908 3069 breve
2952 3014 3213 3086 tempus
3256 3004 3608 3069 consistere
3654 3002 3892 3082 voluit,
3952 3002 4156 3069 donec
4200 3000 4398 3069 deleti
4443 3010 4658 3070 essent

2709 3087 2978 3155 Israelis
3024 3089 3267 3154 hostes.

2884 3175 2985 3240 13.
3053 3173 3459 3256 Exspectavit
3503 3171 3631 3238 Sol.
3723 3173 3872 3239 Non
3916 3173 4136 3240 minus
4195 3174 4655 3258 intempestive

2709 3261 3156 3344 quaestionem
3218 3269 3486 3326 movent
3532 3258 3828 3343 quidam,
3941 3258 4215 3325 uomodo
4259 3260 4356 3326 sol
4398 3260 4655 3327 steterit

2708 3345 2779 3411 in
2824 3346 3118 3425 Gibeon,
3189 3366 3385 3430 quam
3439 3345 3675 3412 inscite
3731 3367 3859 3429 exp
3947 3346 4108 3411 'unt.
4197 3345 4426 3431 Neque
4481 3347 4654 3413 enim

2709 3431 3040 3498 subtiliter
3083 3431 3277 3498 Iosue
3331 3431 3534 3498 solem
3585 3431 3828 3499 locavit
3870 3433 3938 3497 in
3984 3431 4203 3515 aliquo
4245 3441 4526 3515 puncto.-
4588 3441 4656 3498 ut

2708 3538 2972 3585 necesse
3006 3518 3094 3585 sit
3126 3519 3378 3603 fingere
3418 3537 3712 3604 pugnam
3747 3517 3816 3582 in
3861 3516 4141 3585 solstitio
4175 3518 4425 3584 aestivo
4459 3517 4655 3585 fuisse

2708 3605 3154 3671 commissam:
3200 3603 3316 3671 sed
3355 3604 3508 3687 quia
3551 3602 3866 3688 vergebat
3905 3604 3972 3667 in
4016 3604 4354 3688 regionem
4395 3604 4654 3684 Aialon,

2709 3690 2919 3772 quoad
2978 3692 3350 3773 prospicere
3396 3688 3601 3756 oculis
3646 3687 3914 3770 licebat,
3973 3688 4109 3755 illic
4163 3688 4358 3756 Iosue
4417 3690 4653 3756 morari

2709 3792 2777 3841 et
2819 3777 3152 3859 quiescere
3193 3775 3381 3842 illum
3426 3775 3637 3841 iubet:
3673 3784 3751 3840 ut
3793 3784 4088 3841 maneret
4129 3795 4332 3860 supra
4367 3775 4655 3842 horizon-

2710 3876 2845 3927 tem
2901 3882 3095 3946 quem
3156 3872 3407 3929 vocant.
3495 3859 3576 3926 In
3637 3881 3927 3939 summa,
3995 3862 4355 3927 retrahitur
4412 3862 4510 3928 sol
4572 3861 4651 3928 ab

2710 3967 2942 4015 occasu
2989 3947 3072 4013 ad
3105 3969 3300 4032 quem
3335 3949 3467 4013 iam
3503 3947 3787 4012 inflexus
3821 3960 3980 4013 erat.
4071 3947 4208 4013 Nec
4253 3947 4334 4013 de
4380 3969 4653 4014 numero

2710 4035 3019 4099 horarum
3077 4035 3274 4100 anxie
3330 4032 3580 4099 laboro:
3648 4033 3800 4117 quia
3857 4033 4020 4098 mihi
4080 4034 4240 4100 satis
4290 4044 4418 4113 est,
4486 4031 4652 4100 diem

2708 4121 2908 4188 fuisse
2952 4129 3093 4186 tota
3135 4129 3323 4187 nocte
3366 4140 3558 4202 prore
3644 4129 3806 4184 tum.
3865 4118 3943 4186 Si
3985 4139 4150 4203 quae
4193 4118 4372 4187 illius
4415 4119 4651 4187 saeculi

2707 4214 3043 4272 exstarent
3107 4205 3445 4282 historiae,
3523 4204 3571 4269 il
3599 4206 3657 4272 ic
3723 4203 3899 4272 haud
3965 4205 4160 4272 dubie
4222 4204 4652 4272 celebraretur

2707 4300 2842 4357 tam
2886 4291 3146 4377 insigne
3189 4292 3607 4357 miraculum:
3653 4312 3738 4357 ne
3774 4302 3992 4357 tamen
4039 4290 4349 4376 ambigua
4388 4293 4477 4358 sit
4518 4293 4652 4358 eius

2706 4377 2901 4459 fides,
2966 4378 3243 4461 scriptor
3298 4377 3450 4444 libri
3500 4376 3653 4445 alibi
3710 4376 3911 4442 fuisse
3977 4377 4310 4462 proditum
4372 4398 4650 4445 comme-

2706 4473 2953 4544 morat,
3020 4484 3398 4547 quanquam
3451 4464 3644 4547 periit
3702 4463 3869 4529 liber
3911 4484 4104 4547 quem
4148 4463 4341 4531 citat:
4410 4484 4532 4532 nec
4574 4464 4650 4531 de

2707 4550 2972 4616 nomine
3016 4550 3207 4615 lazar
3248 4550 3411 4616 satis
3453 4550 3779 4617 convenit.
3870 4547 4001 4631 Qui
4045 4550 4280 4616 Mosen
4325 4549 4651 4636 designari

2710 4637 2936 4702 volunt
2953 4686 2968 4714 ,
3034 4634 3269 4720 frigide
3329 4635 3605 4702 trahunt
3655 4636 3739 4702 ad
3792 4635 4136 4720 generales
4183 4635 4652 4719 praedictiones

2707 4721 2876 4805 quod
2919 4721 3026 4787 hic
3069 4730 3377 4787 narratur
3430 4723 3829 4806 exemplum.
3919 4720 4094 4803 Quia
4136 4721 4413 4788 electum
4452 4743 4650 4806 popu·

2704 4806 2841 4873 lum
2899 4808 2993 4875 sic
3046 4808 3333 4893 appellat
3383 4808 3635 4886 Moses,
3701 4807 3939 4875 melius
3993 4808 4367 4892 quadrabit,
4435 4828 4649 4875 rerum

2708 4906 3040 4977 gestarum
3080 4895 3584 4961 commentarios
3620 4894 3850 4962 notari.
3914 4895 4060 4978 Ego
4095 4902 4270 4961 certe
4305 4894 4415 4961 vel
4438 4894 4647 4962 Deum

2708 4978 2820 5130 velll
2872 4979 3187 5048 Israelem
3253 4981 3498 5064 potius,
3562 5002 3758 5065 quam
3822 4990 4118 5046 autorem
4183 4979 4499 5048 historiae
4549 4981 4646 5045 in·

2705 5071 2772 5131 te
2821 5066 2842 5131 i
2890 5086 2947 5132 0.

2845 5087 2980 5219 g1⁴1.
3047 5151 3138 5218 Et
3175 5171 3297 5218 non
3347 5153 3475 5236 fuit
3529 5154 3705 5220 sicut.
3793 5152 4049 5220 Iterum
4109 5160 4332 5236 postea
4373 5151 4445 5218 in
4501 5171 4640 5238 gra-

2706 5238 2864 5303 tiam
2909 5239 3081 5325 regis
3127 5238 3451 5308 Ezechiae
3507 5239 3911 5306 ordinarium
3954 5238 4110 5306 solis
4143 5258 4412 5306 cursum
4456 5239 4640 5305 fuisse

2705 5332 3031 5391 mutatum
3075 5325 3355 5411 legimus
3397 5325 3573 5411 apud
3617 5325 3892 5407 Isaiam,
3928 5333 3995 5392 et
4036 5325 4104 5391 in
4147 5345 4336 5393 sacra
4378 5323 4639 5394 historia
