5017 6142
428 454 557 522 489

429 645 769 713 convenit:
844 653 919 712 ut
981 644 1241 730 plenius
1306 647 1479 731 apud
1545 647 1778 717 Mosen
1852 646 2181 732 reperient
2243 645 2376 714 lec-

429 742 625 798 tores.

599 817 705 884 32.
773 816 1045 901 Scripsit
1098 836 1336 902 quoque
1373 817 1449 885 in
1503 818 1838 901 lapidibus.
1926 816 2215 883 Diversa
2251 816 2376 882 fuit

429 903 718 987 lapidum
784 904 865 969 de
929 903 1164 988 quibus
1226 924 1402 971 nunc
1466 906 1685 989 agitur
1747 904 1946 983 ratio,
2000 903 2071 968 in
2138 902 2374 986 quibus

428 990 640 1056 voluit
663 989 845 1056 Deus
867 1010 1126 1074 semper
1163 997 1420 1056 exstare
1455 990 1623 1075 legis
1659 1011 1815 1058 suae
1849 998 2371 1068 monumentum,

427 1084 504 1142 ut
568 1084 877 1159 tanquam
935 1076 1245 1159 oppositis
1313 1075 1616 1142 claustris
1682 1076 1940 1143 munita
1973 1086 2144 1140 esset
2204 1093 2375 1157 pura

426 1161 659 1247 religio
705 1168 936 1229 contra
990 1161 1486 1246 superstitiones
1530 1163 1837 1248 Aegypti.
1925 1160 2158 1244 Itaque
2199 1158 2374 1225 calce

427 1248 583 1313 illiti
624 1256 845 1329 erant,
889 1268 1015 1331 quo
1058 1247 1270 1332 magis
1313 1261 1534 1314 essent
1573 1248 1938 1333 conspicui,
1994 1256 2061 1312 et
2104 1244 2373 1312 distinc-

427 1335 557 1400 tior
599 1334 790 1399 lectio
831 1334 1213 1417 scripturae.
1287 1334 1536 1399 Eorum
1571 1355 1728 1400 vero
1763 1333 2128 1400 sententiae
2163 1331 2373 1397 liben-

429 1431 532 1486 ter
573 1419 938 1500 subscribe,
1005 1419 1117 1502 qui
1174 1440 1291 1504 per
1331 1419 1543 1504 legem
1602 1421 1949 1503 repetitam
1994 1417 2374 1501 intelligunt

424 1505 761 1591 exemplar
815 1504 1246 1589 descriptum:
1312 1506 1483 1590 quod
1528 1505 1766 1591 vulgus
1808 1505 2054 1589 copiam
2100 1502 2211 1570 vel
2253 1502 2373 1567 du·

424 1593 610 1678 plum
667 1592 982 1657 nominat.
1074 1589 1470 1674 Quanquam
1514 1590 1676 1657 mihi
1720 1590 2031 1659 credibile
2074 1610 2208 1655 non
2251 1596 2372 1668 est,

424 1689 638 1745 totum
698 1676 1010 1744 volumen
1052 1678 1186 1743 illic
1227 1677 1428 1743 fuisse
1487 1688 1867 1744 exaratum:
1930 1695 2050 1742 nec
2086 1694 2241 1741 vero
2282 1673 2375 1738 la-

422 1764 611 1850 pides
695 1763 1051 1847 quamlibet
1136 1763 1360 1847 magni
1446 1770 1581 1828 tam
1667 1764 1958 1847 prolixos
2037 1779 2373 1828 sermones

423 1870 658 1935 capere
715 1856 1033 1933 poterant.
1121 1849 1353 1933 Itaque
1410 1850 1575 1934 legis
1618 1850 1881 1915 nomine
1941 1867 2265 1913 summam
2311 1851 2375 1908 et

422 1936 797 2003 sanctiones
874 1934 1090 2001 notari
1167 1934 1502 2001 existimo:
1583 1934 1759 2001 unde
1840 1934 2056 2019 palam
2129 1933 2374 1998 factum

425 2034 558 2100 est,
659 2022 857 2088 etiam
944 2022 1189 2087 exteris
1273 2020 1387 2105 qui
1472 2031 1716 2087 terram
1811 2019 2371 2104 ingrediebantur,

422 2108 730 2192 quisnam
773 2107 956 2173 Deus
1013 2107 1146 2173 illic
1189 2107 1545 2173 coleretur:
1613 2119 1676 2172 et
1733 2105 1990 2174 sublata
2029 2106 2155 2170 fuit
2201 2123 2374 2169 erro-

423 2196 521 2261 ris
597 2195 928 2259 excusatio
944 2243 961 2275 ,
1035 2191 1191 2259 dum
1255 2193 1364 2259 lex
1436 2213 1570 2258 non
1634 2193 1705 2259 in
1771 2192 1938 2258 libro
2015 2190 2370 2267 recondita,

424 2279 544 2348 sed
599 2279 891 2345 omnium
945 2279 1148 2345 oculis
1200 2279 1527 2363 patefacta
1569 2279 1713 2345 fuit.
1806 2278 2105 2361 Denique
2145 2296 2370 2359 quam-

420 2367 530 2432 vis
570 2366 740 2432 muti
775 2374 993 2432 essent
1028 2365 1414 2445 sacerdotes,
1460 2364 1632 2431 clare
1667 2363 1915 2447 lapides
1958 2364 2082 2447 ipsi
2116 2359 2372 2446 loquuti

420 2460 603 2520 sunt.

594 2537 698 2605 33.
777 2536 1122 2605 Universa-s
1175 2541 1400 2602 autem.
1488 2536 1783 2602 Tertium
1845 2534 2176 2618 specimen
2220 2532 2370 2599 obe-

420 2624 737 2701 dientiae,
788 2622 958 2707 quod
1001 2643 1228 2688 omnes
1272 2623 1484 2689 tribus
1527 2622 1735 2688 Israel
1780 2621 2021 2688 locavit
2061 2619 2256 2685 Iosue
2298 2618 2369 2683 in

417 2719 645 2776 monte
689 2709 961 2776 Garizin
1008 2720 1074 2774 et
1114 2710 1184 2773 in
1244 2715 1469 2776 monte
1510 2706 1713 2788 Ebal,
1780 2715 1859 2773 ut
1898 2707 2074 2773 senis
2122 2704 2371 2771 ordini·

419 2796 548 2862 bus
609 2796 786 2862 inter
846 2817 919 2862 se
996 2792 1484 2878 responderent.
1573 2794 1687 2861 Sic
1762 2793 1940 2860 enim
2022 2791 2372 2875 dispositae

421 2895 646 2963 erant,
711 2888 786 2946 ut
849 2901 965 2947 sex
1031 2887 1334 2946 tenerent
1398 2891 1687 2945 montem
1744 2879 1946 2960 Ebal,
2018 2878 2288 2944 totidem
2335 2897 2371 2942 e

417 2969 690 3054 regione
755 2975 1008 3033 starent
1050 2968 1121 3031 in
1165 2975 1388 3031 monte
1431 2965 1719 3032 Garizin.
1806 2965 2086 3031 Levitae
2150 2970 2370 3029 autem

425 3054 720 3122 medium
800 3055 1086 3139 spatium
1168 3051 1572 3135 occupabant
1634 3072 1784 3118 cum
1843 3071 1996 3125 arca
2072 3048 2372 3127 foederis,

421 3150 503 3206 ut
566 3141 753 3207 Deus
839 3139 1129 3224 undique
1207 3160 1247 3204 a
1324 3157 1443 3205 suo
1529 3137 1766 3222 populo
1829 3135 2369 3203 circumdaretur.

420 3227 685 3291 Dicitur
741 3246 902 3292 vero
957 3226 1154 3292 Iosue
1217 3225 1476 3292 stetisse
1533 3232 1610 3290 ut
1668 3221 2078 3290 benediceret
2131 3220 2373 3306 populo

417 3311 746 3397 primum:
804 3332 1041 3395 nempe
1086 3312 1241 3395 quia
1281 3310 1411 3378 Dei
1457 3310 1800 3375 eonsilium
1842 3308 2001 3387 fuit,
2057 3308 2373 3392 populum

416 3399 713 3465 suaviter
768 3411 834 3464 et
901 3397 1165 3464 amabili
1228 3398 1532 3464 comitate
1589 3395 1673 3461 ad
1721 3414 1792 3461 se
1858 3394 2137 3462 allicere.
2225 3391 2375 3459 Etsi

420 3485 601 3551 enim
645 3484 867 3550 Moses
884 3534 898 3561 ,
962 3504 1089 3567 quo
1149 3484 1550 3567 perstringat
1597 3481 1820 3566 populi
1878 3478 2373 3558 contumaciam,

419 3568 917 3637 maledictiones
1000 3577 1263 3635 tantum
1348 3575 1845 3634 commemorat:
1931 3577 2182 3633 certum
2272 3573 2375 3630 est

421 3666 649 3722 tamen
690 3655 896 3721 fuisse
939 3656 1122 3737 quasi
1165 3653 1624 3721 accidentales:
1684 3654 1838 3737 quia
1880 3654 2168 3737 genuina
2209 3651 2374 3717 haec

420 3743 548 3808 fuit
604 3743 772 3807 ratio
818 3750 890 3806 ut
945 3740 1426 3808 benedictiones
1470 3739 1551 3805 ad
1608 3739 1986 3823 obsequium
2034 3740 2375 3805 flecterent

420 3849 659 3914 parum
703 3827 941 3911 alioqui
997 3829 1371 3911 morigeros.
1460 3825 1714 3892 Verum
1754 3824 1868 3891 ubi
1919 3824 2087 3890 nihil
2128 3823 2374 3907 profuit

423 3927 562 3981 tam
622 3915 913 3980 humana
972 3912 1301 3992 invitatio,
1365 3910 1625 3977 additae
1672 3920 1831 3979 sunt
1882 3909 2371 3977 maledictiones

422 4002 499 4066 in
543 4021 790 4067 novum
849 3999 1214 4066 subsidium
1261 4007 1327 4064 et
1380 3997 1764 4064 remedium.
1853 3997 2040 4063 Deus
2082 3996 2372 4079 amplam

424 4084 795 4153 mercedem
879 4086 1206 4169 pollicitus
1288 4086 1505 4151 fuerat
1574 4083 1780 4153 servis
1856 4082 1990 4149 suis
2067 4084 2176 4166 qui
2240 4082 2373 4167 legi

425 4171 780 4238 obedirent.
845 4173 1140 4238 Rursum
1173 4171 1524 4255 propositis
1556 4167 2120 4236 maledictionibus
2156 4176 2373 4233 trans·

427 4278 760 4343 gressores
833 4268 1177 4323 terruerat.
1267 4257 1462 4324 Nunc
1536 4265 1860 4341 coguntur
1923 4254 2167 4339 singuli
2231 4255 2372 4320 eius

424 4342 666 4409 iudicio
707 4342 925 4427 palam
980 4343 1383 4409 subscribere
1428 4342 1585 4408 dum
1629 4342 1711 4407 ad
1770 4340 2064 4425 singulas
2107 4349 2372 4406 senten·

427 4429 561 4496 tias
620 4450 724 4497 res
811 4427 1044 4507 ndent‚
1110 4432 1345 4494 Amen.
1436 4427 1584 4494 Hoc
1641 4428 1816 4492 enim
1859 4426 2052 4492 modo
2097 4447 2229 4493 non
2273 4448 2370 4493 so·

427 4517 565 4581 lum
629 4536 716 4581 au
761 4515 909 4580 iunt
972 4535 1043 4581 se
1109 4512 1406 4579 damnari
1465 4534 1578 4579 ore
1642 4513 1800 4594 Dei,
1876 4511 1991 4579 sed
2056 4521 2371 4596 tanquam

425 4602 612 4670 missi
667 4599 748 4667 ab
803 4622 879 4667 eo
942 4618 1297 4684 praecones
1363 4620 1528 4682 quae
1592 4599 1767 4682 ipsos
1831 4607 2095 4664 maneat
2160 4618 2372 4683 poena

425 4687 844 4755 denunciant.
895 4685 1147 4753 Similis
1189 4686 1627 4771 promulgatio
1646 4685 1819 4752 facta
1841 4694 1984 4751 erat
2005 4684 2071 4750 in
2100 4685 2374 4769 planitie

420 4773 621 4841 Moab
680 4774 853 4839 ultra
894 4772 1274 4839 Iordanem:
1349 4771 1463 4836 sed
1509 4792 1687 4837 nunc
1743 4771 2028 4837 sanctius
2085 4771 2371 4837 adstrin-

426 4870 705 4945 guntur,
773 4871 837 4925 et
894 4868 1261 4944 agnoscunt
1314 4879 1446 4941 qua
1501 4858 1646 4942 lege
1702 4855 2063 4924 habitaturi
2120 4857 2255 4923 sint
2301 4857 2370 4922 in

425 4956 607 5013 terra
659 4947 998 5013 chanaan.
1089 4944 1384 5012 Accessit
1447 4964 1580 5008 non
1645 4943 1789 5010 leve
1854 4943 2023 5027 pond
2034 4963 2137 5023 us,
2202 4943 2373 5026 quod

425 5033 683 5118 parvuli
725 5053 973 5118 quoque
1018 5030 1292 5099 adhibiti
1332 5038 1486 5098 sunt
1530 5039 1745 5096 testes.

1609 457 2352 526 COMMENTARIUS
2396 457 2497 525 IN
2539 457 2820 526 IOSUE
2867 458 3064 529 OAP.
3108 460 3234 529 IX.

4288 465 4420 532 490

3216 650 3520 719 CAPUT
3562 650 3689 718 IX.

2651 817 2708 884 1.
2781 818 2986 901 Quum
3025 824 3230 887 autem
3274 822 3595 889 audissent
3635 844 3842 890 omnes
3881 844 4057 908 reyes
4097 824 4212 907 qui
4248 830 4425 892 erant

2474 908 2656 969 trans
2711 904 3049 971 Iordanem
3101 907 3172 972 in
3228 914 3452 990 monte,
3512 914 3567 975 et
3618 911 3688 974 in
3732 910 4039 991 planitie,
4101 915 4158 975 et
4197 911 4269 977 in
4310 915 4427 977 toto

2474 994 2679 1054 tractu
2754 991 2955 1055 maris
3025 993 3243 1077 mayni
3294 1014 3327 1059 e
3388 996 3632 1079 reqione
3708 996 3973 1076 Libani,
4065 995 4418 1077 Hitthaeua

2474 1074 2910 1142 Amorrhaeus
2925 1127 2942 1155 ,
3013 1076 3456 1159 Chananaeus,
3527 1080 3934 1162 Pherisaeus‚
3998 1081 4287 1148 Hlvaeas
4300 1133 4317 1164 ‚
4370 1087 4426 1147 et

2476 1161 2819 1227 Iebusaeus
2834 1187 2853 1226 .·
2938 1162 2998 1227 2.
3068 1161 3603 1249 Gonyreyaverant
3674 1188 3742 1233 se
3792 1168 4045 1249 pariter
4122 1169 4208 1233 ad
4259 1189 4426 1253 pay-

2473 1247 2754 1312 nandum
2795 1267 2935 1312 cum
2976 1248 3166 1315 Iosae
3206 1254 3262 1316 et
3304 1249 3514 1319 Israel
3553 1272 3679 1318 uno
3713 1272 4025 1319 consensu.
4101 1252 4161 1319 3.
4222 1253 4424 1320 Habi-

2474 1336 2702 1397 tatores
2741 1353 2883 1399 vero
2928 1332 3161 1401 Gibeon
3204 1337 3525 1404 audientes
3565 1339 3728 1419 quod
3764 1337 3998 1419 fecerat
4040 1338 4228 1406 Iosae
4275 1338 4424 1406 urbi

2475 1414 2721 1519 Iem'cho
2760 1424 2820 1484 et
2858 1419 2972 1501 Aa,
3049 1420 3110 1484 4.
3170 1420 3453 1506 qurunt
3508 1425 3696 1490 etiam
3746 1425 3878 1507 ipsi
3917 1422 4159 1491 callide.
4250 1424 4425 1489 Nam

2472 1503 2778 1585 abierunt,
2814 1509 2869 1570 et
2904 1506 3223 1587 finxenmt
3253 1528 3319 1573 se
3353 1507 3580 1593 leqatos
3619 1529 3768 1587 esse,
3813 1514 3870 1575 et
3901 1510 4172 1576 tulerunt
4213 1529 4423 1576 saccos

2475 1595 2741 1657 vetustos
2782 1591 2853 1654 in
2894 1592 3036 1656 suis
3076 1592 3311 1672 asinis,
3355 1599 3411 1659 et
3442 1600 3615 1661 atres
3654 1596 3792 1660 vini
3832 1600 4128 1676 vetustos,
4172 1600 4227 1660 et
4267 1616 4424 1677 rup-

2476 1682 2571 1743 tos
2627 1696 2701 1742 ac
2755 1676 3085 1761 colliyatos‚
3158 1677 3218 1743 5.
3276 1678 3368 1743 Et
3429 1681 3837 1746 calceamenta
3893 1686 4126 1747 vetusta
4146 1731 4163 1761 ,
4230 1685 4286 1746 et
4331 1702 4426 1747 re-

2473 1766 2654 1828 sarta
2695 1763 2765 1827 in
2795 1763 3065 1844 pedibus
3114 1764 3283 1845 suis,
3356 1770 3413 1830 et
3451 1771 3644 1832 vestes
3683 1771 3957 1832 vetustas
3994 1787 4183 1849 super
4222 1786 4320 1845 se,
4366 1771 4426 1832 et

2473 1851 2636 1913 totus
2656 1849 2856 1930 panis
2888 1848 3106 1915 viatici
3137 1869 3349 1916 eorum
3384 1852 3610 1918 midas
3643 1872 3718 1918 ac
3753 1852 4059 1919 mucidus.
4152 1853 4211 1918 6.
4274 1852 4426 1918 Per-

2470 1937 2767 1999 rexerant
2816 1954 2956 2018 erqo
3014 1935 3101 2000 ad
3159 1934 3347 2001 Ios-ae
3400 1937 3471 2002 in
3533 1943 3745 2004 mstra
3802 1939 3873 2003 in
3926 1936 4177 2022 Gilyal:
4240 1938 4424 2003 dixe·

2470 2024 2741 2100 rumque
2795 2021 2854 2085 ei
2895 2025 2950 2086 et
3001 2020 3164 2086 viris
3218 2020 3461 2088 Israel:
3521 2023 3593 2088 Ε
3638 2028 3809 2089 terra
3861 2023 4202 2108 lonqinqua
4251 2023 4425 2089 veni-

2470 2125 2631 2184 ωας,
2673 2107 2883 2188 itaque
2922 2125 3090 2171 nunc
3119 2108 3424 2189 percutite
3463 2108 3780 2175 nobiseum
3814 2109 4048 2191 foedas.
4120 2111 4178 2176 7.
4243 2109 4421 2176 Tunc

2472 2192 2920 2274 responderant
2957 2192 3096 2257 viri
3125 2191 3337 2259 Israel
3368 2193 3454 2259 ad
3488 2194 3839 2261 Hivaeum:
3883 2195 4069 2261 Forte
4112 2197 4185 2261 in
4227 2195 4429 2262 medio

2472 2278 2598 2343 mei
2638 2283 2709 2342 tu
2750 2276 3021 2357 habitas,
3082 2283 3141 2342 et
3196 2279 3496 2361 quomodo
3522 2280 3880 2362 percutiam
3919 2285 4115 2346 tecum
4152 2279 4427 2362 foedus?

2476 2365 2539 2429 8.
2612 2362 2706 2428 At
2755 2363 2857 2428 illi
2918 2364 3217 2430 dimenmt
3278 2365 3365 2431 ad
3422 2364 3715 2431 Iosaam:
3781 2364 3962 2431 Servi
4024 2367 4120 2431 tui
4183 2386 4426 2432 sumas.

2480 2448 2723 2532 Quibus
2776 2450 2870 2513 ait
2915 2448 3128 2515 Iosua.
3223 2450 3500 2533 Quinam
3558 2450 3758 2518 estis?
3812 2456 3869 2517 et
3905 2451 4068 2517 ande
4109 2450 4426 2519 venistis?

2475 2534 2535 2600 9.
2609 2533 3083 2616 Responderunt
3139 2536 3229 2601 ei:
3290 2532 3364 2601 E
3412 2542 3584 2603 terra
3642 2537 3981 2621 lonqinqua
4032 2536 4213 2603 valde
4254 2556 4427 2603 vene-

2474 2625 2624 2687 runt
2677 2621 2845 2685 servi
2901 2621 2995 2685 tui
3047 2621 3121 2687 in
3176 2623 3422 2689 nomine
3465 2622 3729 2689 Ielzovae
3769 2622 3899 2689 Dei
3948 2622 4060 2688 tui.
4149 2621 4426 2688 Audivi-

2474 2726 2617 2772 mus
2650 2705 2815 2771 enim
2852 2706 3096 2789 famam
3128 2707 3281 2788 eius,
3327 2713 3384 2774 et
3416 2728 3809 2791 quaecunque
3842 2708 3990 2791 feeit
4023 2709 4094 2773 in
4128 2708 4425 2792 Aeyypto.

2480 2791 2581 2857 10.
2649 2791 3060 2874 Quaecunque
3099 2792 3244 2858 item
3275 2794 3421 2876 fecit
3453 2794 3692 2861 duobus
3731 2794 3981 2878 req-ibas
4015 2792 4429 2860 Aemorrhaei

2477 2878 2590 2962 qai
2630 2883 2811 2944 erant
2851 2882 3032 2945 trans
3074 2877 3430 2961 Iordanem
3479 2878 3679 2947 Sekon
3718 2881 3854 2963 reyi
3896 2879 4193 2960 Hesebon,
4237 2884 4296 2944 et
4336 2878 4430 2962 09

2476 2964 2613 3048 νομί
2655 2963 2885 3030 Basan
2938 2965 3010 3028 in
3053 2964 3374 3030 Astaroth.
3465 2966 3566 3031 11.
3633 2966 4073 3049 Dixeruntque
4118 2964 4294 3031 nobis
4335 2984 4428 3030 se-

2475 3052 2685 3116 niores
2746 3050 2976 3130 nostri,
3042 3054 3101 3116 et
3161 3068 3370 3117 onmes
3430 3051 3809 3118 habitatores
3871 3056 4077 3117 terrae
4140 3055 4419 3116 nostrae:

2482 3134 2702 3202 Tollite
2756 3137 2830 3201 in
2884 3155 3080 3201 manu
3135 3140 3342 3202 vestra
3397 3156 3598 3203 escam
3640 3157 3766 3219 pro
3818 3137 4068 3216 itinere,
4132 3142 4190 3203 et
4230 3136 4316 3202 ite
4356 3136 4428 3201 in

2475 3241 2797 3288 occursum
2838 3241 3067 3300 corant,
3107 3241 3182 3287 ac
3223 3222 3407 3288 dieite
3440 3222 3606 3288 illis.-
3652 3221 3834 3288 Servi
3865 3223 4324 3299 vestrisamus,
4371 3225 4429 3288 et

2474 3328 2643 3374 nane
2688 3307 2987 3388 percutite
3041 3306 3359 3374 nobiscum
3408 3308 3648 3390 foedas.
3739 3308 3840 3374 12.
3909 3307 4038 3374 Iste
4092 3313 4183 3375 est
4223 3307 4424 3391 panis

2476 3398 2697 3473 noster,
2740 3392 3016 3460 calidum
3046 3412 3173 3475 pro
3213 3394 3438 3460 viatico
3467 3394 3852 3475 paravimus
3889 3414 3923 3460 e
3954 3394 4240 3460 domibus
4280 3413 4425 3459 nos·

2476 3482 2600 3547 tris
2640 3500 2761 3562 quo
2793 3478 2898 3546 die
2923 3479 3157 3563 eyressi
3195 3498 3420 3545 sumus
3451 3485 3522 3545 ut
3555 3480 3906 3546 veniremus
3949 3479 4035 3546 ad
4075 3499 4212 3558 vos,
4256 3498 4424 3544 nune

2473 3571 2680 3667 agatem
2741 3565 2943 3664 aruit,
3006 3569 3060 3629 et
3122 3565 3326 3631 siccus
3388 3571 3493 3632 est.
3586 3565 3689 3632 13.
3755 3565 3845 3632 Et
3890 3566 4003 3630 isti
4058 3569 4203 3630 sunt
4254 3569 4426 3630 utres

2470 3670 3114 3836 vlllzvistaq'dgtimenta
3147 3671 3393 3817 nm
3421 3656 4206 3805 mcememrstledt
4227 3654 4427 3801 vztt‘ungss

2471 3829 2596 3889 tate
2659 3827 2873 3891 ate-‚ta
2936 3827 3081 3889 sunt
3143 3823 3213 3889 ob
3276 3821 3526 3907 lonymn
3582 3824 3716 3889 iter.
3827 3822 3929 3888 14.
4009 3821 4427 3903 Sumpserunt

2472 3930 2613 3994 erqo
2651 3909 2785 3976 viri
2823 3908 2900 3974 de
2940 3909 3167 3975 viatico
3209 3928 3448 3990 eorum,
3487 3913 3543 3974 et
3584 3929 3653 3976 os
3697 3906 3962 3975 Iehovae
4002 3926 4127 3974 non
4166 3908 4427 3973 interro-

2469 4001 2789 4080 9averunt.
2882 3995 2983 4062 15.
3048 3993 3138 4060 Et
3207 3994 3354 4077 fecit
3428 4013 3568 4060 eum
3634 3995 3727 4058 eis
3791 3994 3979 4061 Iosue
4032 4013 4292 4076 pacem,
4370 3997 4428 4057 et

2460 4082 2781 4165 percussit
2820 4100 2962 4146 oum
3002 4081 3095 4147 eis
3131 4080 3355 4163 foedus
3386 4081 3551 4163 quod
3583 4080 3815 4146 sineret
3846 4099 3946 4145 eos
3978 4081 4199 4159 vivere,
4243 4081 4425 4145 iura-

2473 4172 2811 4251 verantque
2853 4167 2944 4232 eis
2973 4168 3299 4249 prinmpes
3340 4166 3847 4251 wnqreyationis.

2649 4341 2705 4404 1.
2779 4338 2985 4421 Quam
3018 4338 3357 4404 audissent.
3418 4335 3701 4418 Quando
3735 4357 3925 4422 reges
3955 4337 4118 4402 istos
4151 4335 4421 4402 minime

2473 4424 2557 4491 ab
2597 4424 2786 4490 initio
2829 4422 3021 4489 latuit
3063 4423 3288 4508 populi
3330 4422 3655 4489 adventus
3672 4475 3689 4504 ‚
3743 4430 3997 4489 certum
4040 4430 4143 4488 est
4182 4421 4421 4487 divini·

2473 4520 2583 4577 tus
2641 4511 2990 4576 securitate
3032 4509 3143 4575 vel
3200 4509 3420 4592 potius
3477 4509 3770 4576 socordia
3820 4509 4175 4576 inebriatas
4215 4507 4422 4572 fuisse

2473 4618 2705 4664 eorum
2784 4602 3069 4672 mentes,
3153 4616 3238 4660 ne
3315 4595 3491 4662 facta
3568 4596 4052 4679 conspiratione
4123 4593 4421 4677 protinus

2472 4689 2908 4748 occurrerent.
2997 4680 3160 4746 Fuit
3215 4680 3394 4746 enim
3449 4680 3639 4746 nimii
3698 4679 3981 4764 stuporis
3995 4728 4011 4758 ,
4076 4698 4209 4744 non
4267 4685 4420 4742 ante

2474 4769 2599 4836 sibi
2653 4769 3022 4854 prospicere
3041 4817 3058 4847 ,
3120 4788 3317 4851 quam
3376 4766 3532 4832 dum
3590 4764 3771 4834 clade
3825 4764 4101 4831 duarum
4155 4763 4418 4829 urbium

2473 4855 2793 4923 violenter
2855 4852 3124 4920 excitati
3189 4860 3345 4919 sunt
3396 4875 3434 4920 e
3489 4874 3611 4919 suo
3667 4860 3957 4920 veterno.
4042 4850 4210 4915 Nam
4268 4849 4423 4933 quia

2473 4961 2816 5007 commune
2898 4949 3037 5005 erat
3116 4936 3361 5005 bellum
3378 4989 3395 5021 ,
3476 4936 3795 5023 quaedam
3859 4936 4234 5003 voluntaria
4293 4934 4421 5000 fuit

2475 5026 2751 5105 deditio,
2798 5024 3046 5091 nullum
3096 5025 3326 5092 vicinis
3370 5024 3733 5091 subsidium
3778 5023 4068 5102 mittere,
4110 5021 4242 5086 imo
4286 5040 4418 5086 non

2474 5114 2717 5180 habere
2771 5117 3071 5195 paratum
3129 5112 3488 5178 exercitum
3503 5161 3519 5189 ,
3584 5111 3698 5193 qui
3739 5129 3857 5192 pro
3916 5127 4138 5173 earum
4199 5105 4421 5173 defen-

2474 5201 2659 5266 sione
2724 5197 3012 5265 validam
3072 5197 3567 5282 impressionem
3633 5195 3893 5261 faceret.
3982 5191 4232 5259 Verum
4294 5191 4419 5258 hoc

2474 5285 2666 5363 modo
2741 5284 3032 5368 pepercit
3097 5284 3279 5350 Deus
3356 5301 3623 5349 suorum
3696 5278 4061 5345 infirmitati
4078 5329 4095 5357 ,
4181 5277 4418 5362 quibus

2473 5372 2860 5441 coniunctae
2902 5378 3000 5435 tot
3043 5370 3336 5455 gentium
3381 5368 3553 5437 vires
3593 5386 3724 5431 non
3768 5386 4000 5451 parum
4044 5363 4418 5431 formidinis
