5017 6142
2044 360 2081 371 ...-

388 469 519 537 345
1816 465 2229 534 REDITUS
2271 464 2402 533 AD
2447 464 2997 534 HISTORIAM.
4277 470 4409 537 346

812 656 946 722 Ex
991 656 1341 724 NUMER.
1389 655 1589 725 OAP.
1633 653 1936 721 XXVII.
2447 654 2626 719 niam
2693 654 2989 740 singulos
3065 655 3304 722 formet
3383 664 3581 740 prout
3656 658 3876 724 visum
3956 668 4077 725 est.
4191 658 4408 744 Saepe

2448 739 2759 806 aberrant
2814 740 3116 808 homines
3131 793 3148 823 ,
3206 751 3273 808 et
3328 742 3566 809 iudicio
3617 742 3971 810 falluntur:
4037 752 4263 829 atque,
4325 758 4408 814 ut

566 827 668 897 15.
728 828 1055 911 Loqumus
1106 833 1196 894 est
1250 828 1330 842 ‘⁶
1480 827 1694 894 Moses
1746 827 1833 893 ad
1877 824 2204 904 Iehovam,
2247 823 2347 890 di-

388 914 607 982 cendo.-
696 915 796 980 16.
860 912 1203 996 Praefieiat
1286 912 1476 980 ehova
1522 912 1704 979 Deus
1757 912 2101 995 spiritmm
2144 909 2350 976 omm‘s

392 1002 609 1068 earnis
623 1052 639 1082 ,
695 1001 905 1066 virum
960 1020 1150 1082 super
1204 1000 1757 1085 eonqreqationem:
1845 998 1925 1062 17
1932 1047 1946 1063 .
2011 996 2136 1078 Qui
2178 1016 2346 1080 eqre-

390 1087 615 1154 diatur
654 1091 800 1152 ante
840 1105 971 1167 eos,
1031 1090 1087 1152 et
1139 1087 1252 1169 qui
1311 1085 1705 1170 inqrediatur
1756 1088 1899 1149 ante
1949 1101 2079 1161 eos,
2125 1081 2197 1147 id
2237 1087 2345 1160 est,

392 1173 506 1256 qui
548 1172 769 1239 educat
808 1191 939 1251 eos,
997 1175 1056 1236 et
1108 1170 1473 1242 introducat,
1503 1190 1605 1236 eos
1620 1221 1636 1249 ,
1693 1189 1771 1235 ne
1825 1170 1911 1234 sit
1962 1167 2348 1252 oouqreqatio

394 1257 664 1324 Iehovae
713 1258 881 1324 velut
920 1257 1195 1339 pecudes
1246 1276 1407 1340 quae
1459 1256 1705 1321 nullm
1750 1254 1971 1322 habent
2010 1258 2342 1335 pastorem.

393 1345 496 1411 18.
542 1343 632 1409 Et
672 1343 840 1409 dixit
873 1342 1103 1410 Iehova
1137 1343 1224 1409 ad
1259 1342 1513 1409 Mosen.-
1559 1340 1726 1425 Gape
1758 1340 1874 1406 tibi
1909 1339 2097 1405 Iosue
2132 1338 2344 1420 filium

394 1431 583 1511 Nun,
636 1431 848 1495 virum
891 1430 964 1495 iu
1005 1448 1127 1511 quo
1168 1433 1260 1494 est
1299 1430 1598 1511 spiritus,
1653 1432 1712 1493 et
1749 1427 2041 1510 imponas
2084 1444 2344 1491 manum

386 1522 567 1583 tuam
606 1536 801 1600 super
833 1535 992 1581 eum.
1065 1515 1165 1581 19.
1213 1512 1590 1597 Statuasque
1620 1512 1803 1579 illum
1835 1531 2047 1579 coram
2065 1510 2345 1577 Eleazar

389 1602 706 1669 sacerdote
722 1653 736 1677 ,
790 1605 849 1666 et
904 1621 1115 1667 coram
1167 1603 1470 1667 universa
1520 1599 2011 1684 oonqreqatione:
2066 1602 2123 1663 et
2159 1596 2345 1662 dabis

390 1688 494 1756 illi
534 1688 837 1754 mandata
878 1687 1438 1753 inoculiseorum.
1507 1686 1612 1751 20.
1658 1683 2343 1768 Etpouesdeqloria

390 1779 503 1840 tua
536 1794 728 1856 super
768 1773 967 1853 illum,
1009 1777 1081 1838 ut
1112 1774 1381 1840 audiant
1411 1772 1597 1839 alum
1628 1771 1926 1836 universa
1960 1769 2344 1854 eonqreqatio

383 1859 673 1943 filiorum
695 1858 922 1925 Israel.
987 1858 1089 1924 21.
1142 1859 1266 1951 Qui
1297 1862 1517 1941 postea
1559 1877 1772 1925 eoram
1813 1854 2095 1922 Eleazar
2134 1853 2339 1928 stabit,

389 1951 449 2011 et
501 1944 903 2029 interroqabit
951 1965 1094 2011 eum
1145 1945 1221 2010 de
1274 1944 1514 2011 iudicio
1569 1943 1752 2011 Urim
1812 1961 2022 2008 eoram
2080 1939 2311 2006 Iehova
2325 1963 2345 2004 .-

387 2031 478 2099 ad
518 2031 771 2098 verbum
810 2031 950 2097 eius
990 2031 1377 2116 eqredientur
1427 2029 1566 2113 ipse
1608 2034 1665 2095 et
1719 2048 1928 2094 omnes
1961 2026 2086 2109 filii
2134 2026 2346 2092 Israel

387 2138 532 2183 oum
587 2137 685 2197 eo,
737 2122 793 2182 et
846 2121 975 2183 tota
1028 2117 1430 2201 oonqreqatio.
1535 2116 1639 2181 22.
1703 2113 1879 2180 Fecit
1930 2133 2073 2198 erqo
2132 2111 2347 2178 Moses

389 2203 908 2286 quemadmodum
940 2206 1343 2286 praeceperat
1383 2203 1444 2267 ei
1485 2201 1749 2267 Iehova:
1790 2200 2022 2283 aceepit
2070 2218 2340 2281 namque

391 2289 620 2367 Iosua,
680 2294 737 2355 et
786 2290 1007 2354 statuit
1062 2289 1247 2355 illum
1302 2307 1515 2354 eoram
1558 2286 1839 2353 Eleazar
1891 2286 2232 2365 sacerdote,
2290 2288 2347 2348 et

388 2395 606 2444 eoram
636 2375 932 2440 universa
967 2374 1441 2459 oonqreqatione.
1503 2374 1605 2439 23.
1656 2373 2083 2455 Imposuitque
2115 2390 2346 2435 manus

390 2482 582 2544 super
614 2461 802 2527 illum
817 2511 834 2539 ,
879 2480 952 2526 ac
993 2462 1164 2528 dedit
1204 2460 1307 2526 illi
1348 2460 1652 2526 mandata
1693 2458 2209 2541 quemadmodum
2247 2456 2344 2521 di-

389 2552 572 2614 xerat
617 2546 852 2614 Iehova
882 2567 1006 2628 per
1042 2566 1304 2612 manum
1346 2545 1569 2611 Mos-is.

568 2719 670 2786 15.
715 2717 1043 2800 Loquutus
1084 2724 1175 2785 est
1220 2719 1431 2802 iqt’tur.
1520 2717 1652 2782 Hic
1692 2716 1914 2782 Moses
1972 2734 2104 2779 non
2150 2710 2343 2778 modo

389 2805 871 2893 providentiam
936 2805 1063 2871 Dei
1126 2804 1195 2869 in
1262 2804 1558 2870 curanda
1621 2802 1840 2887 populi
1905 2801 2149 2879 salute,
2227 2797 2342 2865 sed

388 2914 584 2962 snum
628 2911 884 2975 quoque
918 2891 1078 2973 ipsis
1112 2889 1401 2956 studium
1436 2887 1865 2956 commendat.
1931 2884 2126 2953 Unde
2160 2890 2344 2968 patet

389 3000 585 3065 quam
628 2985 906 3060 paterno
957 2977 1159 3042 fuerit
1216 2977 1484 3054 affectu,
1542 2975 1653 3060 qui
1698 2994 1830 3038 non
1877 2973 2087 3039 solum
2133 2990 2341 3054 usque

387 3065 473 3133 ad
514 3066 716 3131 finem
758 3064 933 3128 vitae
976 3062 1257 3129 fideliter
1300 3071 1368 3128 et
1408 3070 1676 3128 strenue
1719 3060 2016 3143 partibus
2058 3056 2196 3124 suis
2232 3056 2341 3120 de·

387 3154 654 3218 functus
688 3155 806 3228 est,
844 3168 965 3214 nec
1000 3148 1172 3214 ullas
1206 3149 1540 3215 molestias
1576 3146 1834 3231 refugit,
1880 3143 1994 3211 sed
2032 3143 2340 3228 prospicit

390 3240 586 3305 etiam
632 3235 703 3301 in
746 3235 1061 3314 futurum,
1109 3242 1175 3301 et
1219 3233 1299 3299 de
1341 3251 1714 3301 successore
1751 3229 1985 3298 idoneo
2020 3228 2340 3297 sollicitus

389 3335 524 3405 est,
570 3344 653 3388 ne
697 3321 980 3405 populus
1027 3328 1291 3386 maneat
1349 3321 1492 3387 sine
1552 3320 1764 3403 capite
1782 3368 1797 3397 ,
1858 3317 2045 3384 velut
2100 3334 2339 3399 corpus

387 3417 784 3477 truncatum.
874 3405 1200 3472 Modestia
1242 3407 1440 3472 etiam
1500 3406 1640 3472 eius
1695 3404 2118 3488 perspicitur,
2180 3401 2335 3467 dum

388 3497 516 3564 sibi
558 3514 691 3561 non
737 3501 1000 3577 arrogat
1044 3492 1227 3559 ducis
1270 3491 1538 3560 creandi
1582 3511 1849 3570 munus,
1894 3511 2015 3557 nec
2059 3510 2180 3554 sua
2223 3508 2338 3551 au-

384 3582 654 3650 toritate
696 3580 1009 3663 populum
1052 3578 1258 3644 mittit
1298 3579 1369 3644 in
1413 3577 1746 3661 suffragia,
1789 3577 1903 3642 sed
1938 3576 2154 3642 Deum
2193 3593 2341 3639 con-

387 3669 609 3736 stituit
650 3666 920 3731 unicum
965 3664 1303 3732 electionis
1349 3666 1689 3731 arbitrum.
1781 3662 2152 3728 Praefectos
2196 3660 2339 3743 qui·

386 3755 538 3822 dem
579 3752 822 3838 eligere
862 3752 1114 3817 licitum
1161 3762 1278 3832 est,
1325 3758 1520 3835 atque
1562 3749 1723 3816 haec
1765 3770 1918 3833 pars
1955 3756 2057 3813 est
2090 3745 2341 3812 ordinis

386 3839 670 3927 politici:
741 3856 969 3904 verum
1011 3838 1351 3920 provincia
1393 3838 1556 3903 haec
1599 3836 1724 3903 fuit
1768 3834 2097 3901 difficilior
2139 3852 2339 3916 quam

385 3935 467 3995 ut
508 3924 907 4009 reperiretur
952 3924 1291 3989 hominum
1337 3924 1580 3990 iudicio
1620 3923 1733 4008 qui
1777 3921 1861 3987 ad
1905 3941 2049 3987 eam
2094 3920 2339 3985 obeun-

388 4011 545 4079 dam
601 4011 959 4091 sufficeret,
1016 4008 1293 4093 ideoque
1349 4018 1638 4094 potestas
1692 4008 1813 4074 soli
1859 4009 2001 4074 Deo
2044 4005 2339 4090 permitti

390 4098 648 4177 debuit,
713 4097 823 4181 qui
881 4096 1080 4161 etiam
1135 4096 1257 4162 hoc
1316 4097 1653 4181 negotium
1713 4115 1972 4161 sumere
2026 4099 2340 4179 gravatus

390 4206 522 4251 non
582 4186 814 4248 fuerat.
918 4182 1123 4265 Atqui
1179 4182 1339 4248 haec
1406 4182 1753 4267 peculiaris
1818 4182 1984 4246 ratio
2050 4179 2340 4245 maxime

391 4270 605 4339 valuit
661 4271 729 4333 in
785 4290 858 4334 re
913 4272 1050 4333 tam
1109 4268 1343 4348 ardua,
1403 4268 1717 4353 populum
1779 4266 2008 4334 ducem
2053 4287 2090 4332 e
2134 4285 2338 4331 manu

390 4358 534 4423 eius
578 4356 901 4438 accipere,
952 4365 1031 4420 ut
1072 4375 1273 4438 penes
1315 4354 1534 4440 ipsum
1573 4375 1834 4439 semper
1875 4360 2173 4419 maneret
2214 4354 2339 4417 im-

390 4442 557 4528 perii
612 4442 937 4508 maiestas.
1029 4439 1242 4509 Sicuti
1300 4462 1456 4527 ergo
1514 4441 1753 4507 Mosen
1821 4437 2341 4506 extraordinario

390 4527 581 4595 modo
625 4528 941 4613 elegerat.
985 4535 1052 4593 et
1095 4536 1406 4612 tanquam
1452 4528 1668 4612 legato
1712 4526 2145 4592 mandaverat
2186 4546 2341 4591 suas

389 4616 585 4694 vices,
628 4613 726 4680 ita
768 4612 1041 4679 eandem
1086 4614 1368 4699 gratiam
1405 4613 1819 4680 continuavit
1851 4612 1921 4678 in
1957 4611 2173 4677 Iosua.
2243 4615 2342 4678 Ac

391 4702 521 4767 iam
568 4708 720 4767 ante
764 4699 1026 4784 quidem
1071 4720 1220 4765 eum
1269 4699 1757 4785 designaverat:
1818 4698 1933 4764 sed
1977 4697 2340 4764 modestiae

391 4808 620 4866 causa,
688 4787 924 4852 omisso
992 4786 1130 4852 eius
1198 4787 1494 4865 nomine,
1577 4784 1962 4868 simpliciter
2032 4792 2342 4868 precatur

392 4873 613 4939 Moses
668 4880 742 4936 ut
796 4872 1155 4956 prospiciat
1196 4869 1384 4938 Deus
1438 4871 1681 4955 populo
1738 4891 1874 4937 suo.
1977 4868 2339 4954 Epitheton

389 4979 549 5026 vero
584 4978 710 5042 quo
744 4956 961 5023 Deum
998 4957 1293 5042 insignit,
1336 4956 1862 5024 accommodatur
1904 4956 1987 5022 ad
2032 4976 2339 5040 praesen-

390 5054 524 5112 tem
581 5063 860 5112 oausam.
963 5042 1139 5109 Vere
1197 5043 1461 5128 quidem
1520 5063 1781 5127 semper
1843 5045 2061 5110 vocari
2127 5052 2341 5127 potest

388 5130 576 5197 Deus
632 5130 982 5214 spirituum
1023 5131 1317 5195 omnium
1362 5130 1608 5197 carnis:
1656 5138 1725 5194 et
1767 5128 1896 5195 alia
1938 5131 2192 5195 ratione
2238 5131 2338 5196 16.

391 5217 599 5301 capite
634 5214 758 5283 hac
793 5214 1098 5300 loquendi
1132 5217 1342 5283 forma
1375 5238 1535 5283 usus
1570 5224 1670 5282 est
1706 5216 1958 5282 Moses:
2019 5216 2131 5280 sed
2168 5216 2341 5283 hanc

391 5303 531 5369 eius
595 5302 910 5369 virtutem
982 5324 1157 5369 nunc
1234 5309 1730 5369 commemorat:
1811 5321 1886 5367 ac
1950 5300 2010 5368 si
2076 5301 2341 5380 diceret,

388 5395 652 5476 praesto
686 5387 825 5454 fore
860 5398 927 5454 et
960 5389 1082 5455 sub
1126 5390 1268 5455 eius
1304 5410 1505 5456 manu
1547 5408 1739 5472 quem
1783 5387 2134 5472 praeficiat,
2180 5409 2341 5473 quo·

2445 825 2721 909 spiritus
2764 828 2891 893 Dei
2949 827 3081 894 illis
3183 828 3546 909 raeluceat,
3617 849 3752 895 non
3814 830 4077 915 longius
4133 850 4403 917 progre-

2445 909 2720 978 diuntur
2762 933 2960 997 quam
3003 920 3080 979 ut
3136 848 3516 981 discernant
3570 936 3700 999 qua
3756 916 4028 1000 quisque
4072 915 4220 984 dote
4262 918 4403 1003 pol·

2445 997 2596 1065 leat.
2664 999 2850 1065 Deus
2883 1019 3040 1066 vero
3075 1018 3210 1065 non
3246 999 3457 1066 solum
3492 1001 3781 1084 optimus
3823 1009 3924 1069 est
3969 1002 4170 1069 iudex
4205 1025 4403 1088 quam

2445 1083 2677 1151 dexter
2718 1093 2784 1151 et
2827 1094 3021 1168 aptus
3064 1086 3341 1170 quisque
3383 1087 3500 1166 sit,
3556 1107 3679 1153 nec
3721 1088 3933 1153 solum
3977 1098 4283 1173 penetrat
4318 1090 4403 1156 ad

2442 1170 2712 1236 intimos
2768 1192 2974 1255 usque
3030 1173 3326 1239 cordium
3384 1193 3718 1241 recessus:
3774 1173 3888 1240 sed
3941 1176 4138 1260 fingit
4177 1197 4252 1242 ac
4296 1197 4401 1241 re·

2442 1256 2636 1340 fingit
2677 1256 2978 1324 homines
3012 1277 3176 1342 quos
3212 1257 3401 1342 eligit
3432 1258 3786 1341 ministros,
3830 1267 3896 1326 et
3929 1281 4061 1345 qua
4096 1281 4260 1346 opus
4297 1271 4399 1329 est

2442 1342 2755 1408 facultate
2797 1343 3068 1409 instruit
3108 1352 3188 1409 ut
3228 1363 3422 1428 pares
3465 1344 3598 1410 sint
3633 1345 3818 1411 oneri
3869 1344 4153 1413 ferendo.
4222 1348 4401 1416 Hinc

2442 1428 2779 1513 colligitur
2847 1429 3029 1495 utilis
3108 1428 3439 1511 doctrina,
3517 1429 3634 1497 ubi
3698 1429 4114 1499 destituimur
4175 1433 4399 1516 probis

2438 1513 2731 1594 ducibus,
2771 1515 3083 1599 petendos
3118 1536 3260 1582 esse
3295 1516 3376 1583 ab
3411 1516 3555 1601 ipso
3591 1517 3825 1601 opifice
3853 1517 4036 1584 cuius
4059 1518 4399 1604 singulare

2443 1598 2691 1666 donum
2736 1609 2835 1667 est
2878 1601 3045 1667 bene
3085 1600 3358 1686 regendi
3392 1604 3628 1667 virtus.
3699 1604 3913 1686 Atque
3947 1603 4072 1671 hac
4116 1606 4398 1687 ratione,

2440 1708 2575 1753 non
2621 1695 2875 1752 tantum
2917 1698 3275 1754 creatorem
3321 1688 3666 1754 hominum
3711 1691 4038 1770 nominat,
4095 1690 4199 1756 vel
4246 1691 4391 1755 uni-

2442 1793 2676 1838 versae
2719 1774 2953 1852 carnis,
2999 1773 3115 1839 sed
3151 1773 3394 1840 diserte
3429 1775 3777 1857 spirituum
3813 1776 4132 1842 meminit.
4205 1775 4400 1858 Quod

2442 1859 2758 1944 populum
2817 1859 3172 1944 pecudibus
3226 1870 3596 1944 comparat,
3661 1862 3948 1944 pertinet
3992 1861 4074 1927 ad
4119 1883 4400 1929 commo-

2443 1944 2730 2011 vendam
2773 1946 3294 2027 miserationem,
3337 1954 3414 2011 ut
3458 1945 3539 2011 ad
3582 1953 3908 2029 pastorem
3956 1946 4398 2014 ordinandum

2442 2031 2830 2116 propensior
2874 2032 2960 2096 sit
3003 2031 3206 2097 Deus.

2615 2118 2719 2184 18.
2763 2117 2959 2184 Dixit
2992 2117 3222 2183 Iehova
3263 2118 3350 2183 ad
3387 2117 3622 2184 Mosen.
3690 2116 3822 2183 Hic
3868 2118 4164 2186 videmus
4197 2118 4395 2186 Iosue

2443 2204 2746 2288 precibus
2791 2203 3016 2269 Mosis'
3042 2203 3244 2268 fuisse
3288 2203 3534 2281 datum,
3580 2203 3750 2286 quod
3796 2203 3954 2269 alibi
3996 2225 4134 2270 non
4177 2207 4396 2288 expri-

2443 2290 2665 2355 mitur.
2753 2291 2962 2355 Porro
3010 2296 3084 2354 ut
3139 2290 3436 2354 omnium
3495 2310 3816 2355 consensu
3869 2290 4146 2376 gradum
4207 2313 4400 2357 suum

2443 2376 2766 2456 obtineat,
2816 2376 3059 2460 insigni
3105 2375 3315 2459 elogio
3360 2387 3667 2441 ornatur:
3722 2396 3876 2441 nam
3924 2376 4039 2441 ubi
4087 2377 4398 2460 spiritum

2443 2464 2517 2527 in
2571 2483 2646 2527 eo
2705 2483 2845 2527 esse
2904 2462 3295 2546 pronunciat
3351 2462 3566 2542 Deus,
3619 2482 3754 2527 non
3814 2462 4122 2547 intelligit
4177 2464 4401 2529 anima

2446 2569 2588 2615 esse
2632 2546 3034 2632 praeditum,
3090 2547 3206 2612 sed
3249 2547 3570 2614 excellere
3616 2548 3997 2614 necessariis
4043 2548 4263 2627 donis,
4325 2558 4400 2614 ut

2444 2634 2914 2719 intelligentia,
2967 2631 3237 2714 iudicio,
3297 2634 3755 2719 magnitudine
3812 2633 4048 2712 animi,
4108 2634 4397 2700 bellandi

2445 2720 2699 2804 peritia.
2791 2721 2892 2786 Ac
2933 2740 3175 2785 nomen
3216 2720 3485 2804 spiritus
3528 2719 3718 2786 aliter
3759 2740 3957 2804 quam
4000 2720 4199 2804 paulo
4245 2731 4397 2786 ante

2445 2808 2702 2891 capitur
2765 2827 2884 2889 pro
2938 2806 3265 2889 exquisita
3306 2814 3373 2871 et
3414 2827 3569 2871 rara
3623 2808 3871 2890 gratia,
3930 2827 4096 2890 quae
4140 2807 4206 2871 in
4251 2806 4396 2888 ipso

2445 2892 2645 2958 Iosua
2707 2891 3032 2976 fulgebat:
3103 2891 3267 2957 haec
3325 2892 3501 2957 enim
3567 2892 3972 2976 metonymia
4034 2893 4396 2976 scripturae

2446 2981 2607 3045 satis
2651 2977 2810 3045 trita
2850 2984 2966 3045 est.
3056 2977 3345 3043 Additur
3400 2977 3691 3045 solennis
3742 2980 3914 3044 ritus
3957 2977 4389 3052 consecratio-

2446 3066 2569 3140 nis,
2615 3085 2930 3130 manuum
2971 3063 3337 3146 impositio:
3405 3063 3486 3130 de
3529 3085 3658 3148 qua
3705 3063 3861 3129 alibi
3896 3064 4153 3147 plenius
4190 3063 4393 3130 disse-

2446 3151 2717 3230 ruimus,
2755 3158 2829 3215 ut
2862 3170 3341 3233 supervacuum
3366 3150 3452 3216 sit
3473 3171 3650 3216 nunc
3685 3149 3892 3215 multa
3928 3150 4127 3215 verba
4162 3150 4391 3215 facere.

2443 3235 2589 3302 Iam
2646 3244 2797 3301 ante
2854 3235 3066 3321 legem
3121 3235 3192 3300 in
3248 3256 3375 3301 usu
3432 3235 3591 3315 fuit,
3652 3256 3853 3318 quum
3914 3235 4121 3301 sancti
4176 3244 4395 3319 patres

2444 3323 2614 3388 filios
2673 3342 2829 3388 suos
2884 3321 3360 3388 benedicerent.
3446 3320 3756 3386 Vidimus
3810 3321 3935 3386 hac
3986 3322 4395 3387 caeremonia

2442 3410 2871 3493 inauguratus
2929 3409 3128 3473 fuisse
3184 3406 3550 3474 sacerdotes
3607 3408 3675 3472 in
3733 3427 3927 3472 suum
3988 3427 4261 3487 munus,
4326 3421 4396 3471 et

2442 3495 2696 3560 oblatas
2733 3493 2876 3559 Deo
2918 3493 3241 3561 victimas.
3307 3492 3616 3559 Eundem
3651 3513 3898 3557 morem
3945 3491 4206 3576 sequuti
4241 3500 4395 3558 sunt

2443 3580 2719 3664 apostoli
2788 3582 2856 3644 in
2921 3579 3218 3645 creandis
3284 3578 3673 3663 pastoribus.
3775 3577 3995 3644 Moses
4061 3598 4249 3662 erg0,
4320 3585 4395 3643 ut

2441 3666 2657 3750 palam
2703 3672 3015 3731 testatum
3061 3666 3303 3731 faceret
3345 3665 3543 3730 Iosua
3584 3684 3721 3729 non
3761 3664 4044 3747 amplius
4104 3684 4245 3730 esse
4290 3663 4393 3728 sui

2438 3753 2638 3831 iuris,
2694 3749 2810 3817 sed
2853 3749 2998 3817 Deo
3055 3751 3418 3832 addictum,
3479 3771 3599 3817 nec
3656 3751 3788 3814 iam
3832 3748 4207 3816 habendum
4253 3770 4393 3815 esse

2438 3838 2624 3922 quasi
2658 3837 2994 3922 privatum
3024 3836 3376 3917 hominem,
3423 3837 3534 3920 qui
3571 3835 3889 3902 divinitus
3925 3835 4006 3901 ad
4041 3835 4392 3918 imperium

2439 3930 2713 3993 vocatus
2756 3933 2925 4003 erat,
2973 3945 3210 3989 manus
3254 3924 3395 3989 eius
3438 3923 3637 4007 capiti
3681 3922 4008 4006 imposuit.
4098 3920 4395 3987 Accessit

2440 4011 2641 4078 etiam
2677 4011 2807 4077 alia
2844 4011 3032 4091 ratio,
3079 4020 3155 4077 ut
3187 4031 3308 4094 pro
3343 4010 3733 4075 necessitate
3765 4006 4046 4074 iniuncti
4080 4007 4392 4087 muneris,

2439 4100 2624 4165 Deus
2667 4097 2880 4182 magis
2923 4117 2998 4164 ac
3035 4098 3245 4181 magis
3287 4116 3435 4161 eum
3481 4094 3926 4179 locupletaret.
3993 4093 4179 4159 Nihil
4214 4093 4390 4158 enim

2440 4185 2655 4252 obstat
2719 4184 3067 4267 quominus
3137 4183 3346 4249 servis
3410 4183 3546 4248 suis
3606 4180 3790 4248 Deus
3862 4180 3975 4264 qui
4041 4180 4170 4245 iam
4237 4186 4395 4243 ante

2441 4268 2891 4353 spiritualibus
2937 4268 3125 4334 donis
3170 4268 3622 4352 praestabant,
3680 4288 3800 4350 pro
3843 4265 4207 4333 vocationis
4249 4286 4393 4346 usu,

2441 4356 2775 4423 uberiores
2820 4354 3004 4421 dotes
3046 4355 3355 4421 conferat.
3447 4351 3559 4420 Sic
3600 4351 3968 4433 Timotheo,
4011 4353 4124 4418 ubi
4171 4359 4397 4436 pastor

2442 4449 2543 4509 est
2586 4448 2870 4518 creatus,
2917 4440 3072 4506 data
3113 4441 3239 4505 fuit
3282 4460 3455 4505 nova
3498 4440 3708 4523 gratia
3750 4459 3870 4524 per
3912 4438 4395 4522 impositionem

2442 4549 2761 4594 manuum
2820 4526 3047 4594 Pauli:
3113 4526 3414 4609 quamvis
3470 4532 3626 4590 ante
3686 4546 3823 4591 non
3880 4525 4140 4608 vulgari
4200 4521 4392 4588 modo

2441 4619 2825 4698 praestaret.
2914 4612 3068 4678 Huc
3108 4612 3392 4695 pertinet
3436 4610 3605 4696 quod
3648 4622 3873 4696 postea
3915 4611 4272 4687 subiicitur,
4317 4615 4394 4672 ut

2442 4708 2645 4784 ponat
2688 4699 2906 4765 Moses
2949 4720 2986 4763 e
3031 4697 3239 4781 gloria
3294 4719 3413 4763 sua
3470 4718 3668 4782 super
3725 4718 3905 4777 eum,
3960 4717 4036 4762 ac
4080 4696 4135 4760 si
4180 4693 4393 4778 digni·

2441 4794 2645 4852 tatem
2727 4805 2915 4850 suam
2994 4784 3377 4868 resignaret.
3479 4784 3651 4849 Nam
3721 4803 3877 4849 voce
3941 4782 4188 4867 gloriae
4258 4799 4391 4843 non

2441 4872 2730 4937 exterior
2802 4870 3125 4936 duntaxat
3189 4869 3527 4953 splendor,
3594 4867 3710 4935 sed
3776 4868 3984 4952 magis
4052 4864 4394 4949 spirituale

2443 4957 2641 5025 decus
2698 4965 2992 5037 notatur,
3048 4977 3176 5039 quo
3234 4958 3417 5022 Deus
3483 4955 3917 5020 reverentiam
3982 4951 4189 5017 servis
4255 4951 4393 5016 suis

2442 5043 2778 5111 conciliat:
2838 5063 2972 5107 non
3016 5041 3187 5125 quod
3230 5043 3511 5109 virtutes
3555 5059 3706 5106 suas
3748 5040 3821 5103 in
3865 5037 4132 5102 Iosuam
4177 5045 4393 5101 trans-

2440 5128 2709 5197 ferendo
2753 5129 3040 5194 nudatus
3082 5128 3214 5192 illis
3256 5129 3487 5194 fuerit:
3547 5124 3660 5192 sed
3721 5124 3873 5208 quia
3918 5124 4062 5188 sine
4107 5121 4389 5187 diminu-

2443 5218 2618 5281 tione
2664 5215 2815 5280 fecit
2855 5214 3173 5279 donorum
3210 5234 3477 5280 suorum
3508 5222 3874 5279 consortem
3912 5207 4027 5292 qui
4062 5228 4394 5275 successor

2441 5301 2704 5367 futurus
2738 5307 2900 5366 erat.
2966 5299 3045 5365 Id
3091 5321 3249 5365 vero
3292 5320 3512 5366 coram
3556 5306 3694 5362 toto
3738 5295 3973 5379 populo
4016 5294 4159 5380 geri
4202 5316 4391 5378 opor-

2444 5387 2602 5468 tuit,
2649 5396 2721 5452 ut
2766 5394 3077 5471 tanquam
3123 5385 3439 5452 divinitus
3499 5382 3784 5450 oblatum
3843 5380 4124 5447 libenter
4167 5401 4394 5447 omnes
