<?xml version="1.0" encoding="UTF-8"?>
<!DOCTYPE html PUBLIC "-//W3C//DTD XHTML 1.0 Transitional//EN"
    "http://www.w3.org/TR/xhtml1/DTD/xhtml1-transitional.dtd">
<html xmlns="http://www.w3.org/1999/xhtml" xml:lang="en" lang="en">
 <head>
  <title>
</title>
<meta http-equiv="Content-Type" content="text/html;charset=utf-8" />
  <meta name='ocr-system' content='tesseract 3.04.00' />
  <meta name='ocr-capabilities' content='ocr_page ocr_carea ocr_par ocr_line ocrx_word'/>
</head>
<body>
  <div class='ocr_page' id='page_1' title='image "./ioanniscalvinio06unkngoog_0019.png"; bbox 0 0 5017 6142; ppageno 0'>
   <div class='ocr_carea' id='block_1_1' title="bbox 556 431 4561 507">
    <p class='ocr_par' dir='ltr' id='par_1_1' title="bbox 556 431 4561 507">
     <span class='ocr_line' id='line_1_1' title="bbox 556 431 4561 507; baseline 0 -6"><span class='ocrx_word' id='word_1_1' title='bbox 556 436 636 501; x_wconf 85' lang='lat'>13</span> <span class='ocrx_word' id='word_1_2' title='bbox 1199 500 1203 507; x_wconf 77' lang='grc'><strong>,</strong></span> <span class='ocrx_word' id='word_1_3' title='bbox 1540 433 2119 503; x_wconf 73' lang='grc' dir='ltr'><strong>8ΑΝΟΤῙΟΝΕ8</strong></span> <span class='ocrx_word' id='word_1_4' title='bbox 2168 438 2228 501; x_wconf 83' lang='lat' dir='ltr'>A</span> <span class='ocrx_word' id='word_1_5' title='bbox 2271 431 3074 505; x_wconf 80' lang='lat' dir='ltr'>PROMISSIONIBUS</span> <span class='ocrx_word' id='word_1_6' title='bbox 3122 437 3238 502; x_wconf 80' lang='grc' dir='ltr'>ΕΤ</span> <span class='ocrx_word' id='word_1_7' title='bbox 3284 436 3572 506; x_wconf 75' lang='grc' dir='ltr'><strong>ΜῙΝΙΒ.</strong></span> <span class='ocrx_word' id='word_1_8' title='bbox 4478 436 4561 501; x_wconf 88' lang='grc'>14</span> 
     </span>
    </p>
   </div>
   <div class='ocr_carea' id='block_1_2' title="bbox 547 622 2507 2774">
    <p class='ocr_par' dir='ltr' id='par_1_2' title="bbox 547 622 2507 2774">
     <span class='ocr_line' id='line_1_2' title="bbox 550 622 2505 710; baseline -0.001 -18"><span class='ocrx_word' id='word_1_9' title='bbox 550 626 685 692; x_wconf 87' lang='lat' dir='ltr'>Dei</span> <span class='ocrx_word' id='word_1_10' title='bbox 731 624 1014 691; x_wconf 88' lang='lat' dir='ltr'>cultores</span> <span class='ocrx_word' id='word_1_11' title='bbox 1056 644 1141 690; x_wconf 89' lang='lat' dir='ltr'>ex</span> <span class='ocrx_word' id='word_1_12' title='bbox 1177 622 1634 691; x_wconf 78' lang='lat' dir='ltr'>observatione</span> <span class='ocrx_word' id='word_1_13' title='bbox 1669 626 1854 710; x_wconf 87' lang='lat' dir='ltr'>legis,</span> <span class='ocrx_word' id='word_1_14' title='bbox 1893 631 1959 690; x_wconf 89' lang='lat' dir='ltr'>et</span> <span class='ocrx_word' id='word_1_15' title='bbox 1994 623 2219 708; x_wconf 90' lang='lat' dir='ltr'>quales</span> <span class='ocrx_word' id='word_1_16' title='bbox 2254 645 2505 708; x_wconf 91' lang='lat' dir='ltr'>poenae</span> 
     </span>
     <span class='ocr_line' id='line_1_3' title="bbox 554 710 2507 795; baseline -0.001 -18"><span class='ocrx_word' id='word_1_17' title='bbox 554 724 1073 795; x_wconf 78' lang='lat' dir='ltr'>transgressores</span> <span class='ocrx_word' id='word_1_18' title='bbox 1116 722 1448 777; x_wconf 89' lang='lat' dir='ltr'>maneant.</span> <span class='ocrx_word' id='word_1_19' title='bbox 1545 712 1839 778; x_wconf 78' lang='lat' dir='ltr'><strong>Antehac</strong></span> <span class='ocrx_word' id='word_1_20' title='bbox 1884 711 2144 795; x_wconf 90' lang='lat' dir='ltr'>quidem</span> <span class='ocrx_word' id='word_1_21' title='bbox 2180 710 2507 785; x_wconf 87' lang='lat' dir='ltr'>admonui,</span> 
     </span>
     <span class='ocr_line' id='line_1_4' title="bbox 556 797 2503 884; baseline -0.002 -20"><span class='ocrx_word' id='word_1_22' title='bbox 556 797 868 884; x_wconf 91' lang='lat' dir='ltr'>quidquid</span> <span class='ocrx_word' id='word_1_23' title='bbox 914 798 1103 863; x_wconf 90' lang='lat' dir='ltr'>nobis</span> <span class='ocrx_word' id='word_1_24' title='bbox 1146 797 1467 881; x_wconf 89' lang='lat' dir='ltr'>promittit</span> <span class='ocrx_word' id='word_1_25' title='bbox 1512 798 1712 875; x_wconf 88' lang='lat' dir='ltr'>Deus,</span> <span class='ocrx_word' id='word_1_26' title='bbox 1763 798 1819 861; x_wconf 89' lang='lat' dir='ltr'>si</span> <span class='ocrx_word' id='word_1_27' title='bbox 1854 798 1926 862; x_wconf 91' lang='lat' dir='ltr'>in</span> <span class='ocrx_word' id='word_1_28' title='bbox 1963 799 2326 881; x_wconf 75' lang='lat' dir='ltr'>praeceptis</span> <span class='ocrx_word' id='word_1_29' title='bbox 2362 797 2503 862; x_wconf 90' lang='lat' dir='ltr'>eius</span> 
     </span>
     <span class='ocr_line' id='line_1_5' title="bbox 556 883 2503 968; baseline -0.002 -17"><span class='ocrx_word' id='word_1_30' title='bbox 556 884 998 964; x_wconf 87' lang='lat' dir='ltr'>ambulemus,</span> <span class='ocrx_word' id='word_1_31' title='bbox 1062 884 1204 948; x_wconf 87' lang='lat' dir='ltr'>fore</span> <span class='ocrx_word' id='word_1_32' title='bbox 1265 884 1522 948; x_wconf 90' lang='lat' dir='ltr'>irritum</span> <span class='ocrx_word' id='word_1_33' title='bbox 1585 883 1639 948; x_wconf 90' lang='lat' dir='ltr'>si</span> <span class='ocrx_word' id='word_1_34' title='bbox 1700 903 1899 968; x_wconf 88' lang='lat' dir='ltr'>opera</span> <span class='ocrx_word' id='word_1_35' title='bbox 1966 892 2193 949; x_wconf 90' lang='lat' dir='ltr'>nostra</span> <span class='ocrx_word' id='word_1_36' title='bbox 2249 903 2503 948; x_wconf 90' lang='lat' dir='ltr'>summo</span> 
     </span>
     <span class='ocr_line' id='line_1_6' title="bbox 556 967 2503 1053; baseline -0.002 -17"><span class='ocrx_word' id='word_1_37' title='bbox 556 972 700 1036; x_wconf 87' lang='lat' dir='ltr'>iure</span> <span class='ocrx_word' id='word_1_38' title='bbox 745 969 1093 1035; x_wconf 81' lang='lat' dir='ltr'>examinet.</span> <span class='ocrx_word' id='word_1_39' title='bbox 1184 968 1363 1034; x_wconf 90' lang='lat' dir='ltr'>Hinc</span> <span class='ocrx_word' id='word_1_40' title='bbox 1407 971 1484 1034; x_wconf 87' lang='lat' dir='ltr'>fit</span> <span class='ocrx_word' id='word_1_41' title='bbox 1528 980 1603 1034; x_wconf 91' lang='lat' dir='ltr'>ut</span> <span class='ocrx_word' id='word_1_42' title='bbox 1646 967 1964 1053; x_wconf 79' lang='lat' dir='ltr'>legalibus</span> <span class='ocrx_word' id='word_1_43' title='bbox 2009 970 2216 1053; x_wconf 89' lang='lat' dir='ltr'>pactis</span> <span class='ocrx_word' id='word_1_44' title='bbox 2262 990 2503 1033; x_wconf 88' lang='lat' dir='ltr'>renun-</span> 
     </span>
     <span class='ocr_line' id='line_1_7' title="bbox 556 1053 2503 1140; baseline -0.002 -18"><span class='ocrx_word' id='word_1_45' title='bbox 556 1055 862 1123; x_wconf 91' lang='lat' dir='ltr'>ciandum</span> <span class='ocrx_word' id='word_1_46' title='bbox 910 1056 1026 1134; x_wconf 91' lang='lat' dir='ltr'>sit,</span> <span class='ocrx_word' id='word_1_47' title='bbox 1083 1054 1140 1120; x_wconf 91' lang='lat' dir='ltr'>si</span> <span class='ocrx_word' id='word_1_48' title='bbox 1206 1054 1362 1138; x_wconf 92' lang='lat' dir='ltr'>qnid</span> <span class='ocrx_word' id='word_1_49' title='bbox 1412 1056 1710 1138; x_wconf 90' lang='lat' dir='ltr'>cupimus</span> <span class='ocrx_word' id='word_1_50' title='bbox 1756 1055 2007 1140; x_wconf 87' lang='lat' dir='ltr'>gratiae</span> <span class='ocrx_word' id='word_1_51' title='bbox 2066 1053 2238 1139; x_wconf 88' lang='lat' dir='ltr'>apud</span> <span class='ocrx_word' id='word_1_52' title='bbox 2285 1054 2503 1120; x_wconf 90' lang='lat' dir='ltr'>Deum</span> 
     </span>
     <span class='ocr_line' id='line_1_8' title="bbox 556 1140 2504 1226; baseline -0.003 -16"><span class='ocrx_word' id='word_1_53' title='bbox 556 1142 884 1226; x_wconf 78' lang='lat' dir='ltr'>consequi.</span> <span class='ocrx_word' id='word_1_54' title='bbox 987 1140 1241 1206; x_wconf 87' lang='lat' dir='ltr'>Verum</span> <span class='ocrx_word' id='word_1_55' title='bbox 1310 1142 1463 1224; x_wconf 88' lang='lat' dir='ltr'>quia</span> <span class='ocrx_word' id='word_1_56' title='bbox 1530 1140 1821 1207; x_wconf 87' lang='lat' dir='ltr'>fidelium</span> <span class='ocrx_word' id='word_1_57' title='bbox 1876 1164 1914 1207; x_wconf 95' lang='lat' dir='ltr'>o</span> <span class='ocrx_word' id='word_1_58' title='bbox 1963 1162 2105 1219; x_wconf 89' lang='lat' dir='ltr'>era,</span> <span class='ocrx_word' id='word_1_59' title='bbox 2175 1149 2504 1225; x_wconf 88' lang='lat' dir='ltr'>utcunque</span> 
     </span>
     <span class='ocr_line' id='line_1_9' title="bbox 556 1226 2505 1309; baseline -0.002 -14"><span class='ocrx_word' id='word_1_60' title='bbox 556 1230 790 1296; x_wconf 87' lang='lat' dir='ltr'>vitiosa</span> <span class='ocrx_word' id='word_1_61' title='bbox 834 1229 998 1307; x_wconf 89' lang='lat' dir='ltr'>sint,</span> <span class='ocrx_word' id='word_1_62' title='bbox 1054 1226 1501 1293; x_wconf 89' lang='lat' dir='ltr'>intercedente</span> <span class='ocrx_word' id='word_1_63' title='bbox 1537 1228 1734 1293; x_wconf 83' lang='lat' dir='ltr'>venia</span> <span class='ocrx_word' id='word_1_64' title='bbox 1774 1226 1914 1292; x_wconf 90' lang='lat' dir='ltr'>nihi</span> <span class='ocrx_word' id='word_1_65' title='bbox 1941 1229 2202 1293; x_wconf 89' lang='lat' dir='ltr'>ominus</span> <span class='ocrx_word' id='word_1_66' title='bbox 2245 1226 2505 1309; x_wconf 79' lang='lat' dir='ltr'>placent</span> 
     </span>
     <span class='ocr_line' id='line_1_10' title="bbox 555 1312 2500 1397; baseline -0.001 -17"><span class='ocrx_word' id='word_1_67' title='bbox 555 1315 733 1380; x_wconf 90' lang='lat' dir='ltr'>Deo:</span> <span class='ocrx_word' id='word_1_68' title='bbox 805 1312 958 1378; x_wconf 91' lang='lat' dir='ltr'>inde</span> <span class='ocrx_word' id='word_1_69' title='bbox 1039 1314 1234 1378; x_wconf 89' lang='lat' dir='ltr'>etiam</span> <span class='ocrx_word' id='word_1_70' title='bbox 1316 1312 1559 1397; x_wconf 84' lang='lat' dir='ltr'>pendet</span> <span class='ocrx_word' id='word_1_71' title='bbox 1639 1313 2147 1396; x_wconf 86' lang='lat' dir='ltr'>promissionum</span> <span class='ocrx_word' id='word_1_72' title='bbox 2211 1313 2500 1389; x_wconf 86' lang='lat' dir='ltr'>effectus,</span> 
     </span>
     <span class='ocr_line' id='line_1_11' title="bbox 556 1398 2501 1484; baseline -0.001 -17"><span class='ocrx_word' id='word_1_73' title='bbox 556 1401 713 1467; x_wconf 90' lang='lat' dir='ltr'>dum</span> <span class='ocrx_word' id='word_1_74' title='bbox 757 1398 1076 1479; x_wconf 91' lang='lat' dir='ltr'>conditio,</span> <span class='ocrx_word' id='word_1_75' title='bbox 1134 1420 1302 1483; x_wconf 90' lang='lat' dir='ltr'>quae</span> <span class='ocrx_word' id='word_1_76' title='bbox 1344 1401 1415 1464; x_wconf 93' lang='lat' dir='ltr'>in</span> <span class='ocrx_word' id='word_1_77' title='bbox 1459 1399 1604 1484; x_wconf 91' lang='lat' dir='ltr'>lege</span> <span class='ocrx_word' id='word_1_78' title='bbox 1648 1400 1943 1483; x_wconf 89' lang='lat' dir='ltr'>praecisa</span> <span class='ocrx_word' id='word_1_79' title='bbox 1988 1412 2115 1478; x_wconf 91' lang='lat' dir='ltr'>est,</span> <span class='ocrx_word' id='word_1_80' title='bbox 2176 1407 2501 1482; x_wconf 88' lang='lat' dir='ltr'>tempera-</span> 
     </span>
     <span class='ocr_line' id='line_1_12' title="bbox 554 1483 2501 1570; baseline -0.001 -18"><span class='ocrx_word' id='word_1_81' title='bbox 554 1500 684 1552; x_wconf 90' lang='lat' dir='ltr'>tur.</span> <span class='ocrx_word' id='word_1_82' title='bbox 773 1487 954 1570; x_wconf 82' lang='lat' dir='ltr'>Ergo</span> <span class='ocrx_word' id='word_1_83' title='bbox 999 1483 1348 1551; x_wconf 91' lang='lat' dir='ltr'>dummodo</span> <span class='ocrx_word' id='word_1_84' title='bbox 1392 1488 1684 1569; x_wconf 84' lang='lat' dir='ltr'>aspirent</span> <span class='ocrx_word' id='word_1_85' title='bbox 1736 1493 1803 1552; x_wconf 91' lang='lat' dir='ltr'>et</span> <span class='ocrx_word' id='word_1_86' title='bbox 1859 1498 2209 1564; x_wconf 89' lang='lat' dir='ltr'>conentur,</span> <span class='ocrx_word' id='word_1_87' title='bbox 2274 1506 2501 1550; x_wconf 90' lang='lat' dir='ltr'>eorum</span> 
     </span>
     <span class='ocr_line' id='line_1_13' title="bbox 554 1570 2504 1656; baseline -0.002 -17"><span class='ocrx_word' id='word_1_88' title='bbox 554 1573 801 1652; x_wconf 89' lang='lat' dir='ltr'>studio,</span> <span class='ocrx_word' id='word_1_89' title='bbox 880 1574 1180 1656; x_wconf 84' lang='lat' dir='ltr'>quamvis</span> <span class='ocrx_word' id='word_1_90' title='bbox 1256 1570 1671 1655; x_wconf 86' lang='lat' dir='ltr'>imperfecto,</span> <span class='ocrx_word' id='word_1_91' title='bbox 1761 1572 2031 1655; x_wconf 89' lang='lat' dir='ltr'>perinde</span> <span class='ocrx_word' id='word_1_92' title='bbox 2117 1570 2504 1654; x_wconf 86' lang='lat' dir='ltr'>rependitur</span> 
     </span>
     <span class='ocr_line' id='line_1_14' title="bbox 559 1657 2501 1726; baseline 0 -3"><span class='ocrx_word' id='word_1_93' title='bbox 559 1680 804 1726; x_wconf 89' lang='lat' dir='ltr'>merces</span> <span class='ocrx_word' id='word_1_94' title='bbox 869 1678 944 1724; x_wconf 91' lang='lat' dir='ltr'>ac</span> <span class='ocrx_word' id='word_1_95' title='bbox 1020 1658 1077 1722; x_wconf 91' lang='lat' dir='ltr'>si</span> <span class='ocrx_word' id='word_1_96' title='bbox 1142 1659 1211 1723; x_wconf 92' lang='lat' dir='ltr'>in</span> <span class='ocrx_word' id='word_1_97' title='bbox 1277 1657 1560 1723; x_wconf 90' lang='lat' dir='ltr'>solidum</span> <span class='ocrx_word' id='word_1_98' title='bbox 1625 1658 1838 1725; x_wconf 85' lang='lat' dir='ltr'>officio</span> <span class='ocrx_word' id='word_1_99' title='bbox 1906 1657 2189 1723; x_wconf 82' lang='lat' dir='ltr'>defuncti</span> <span class='ocrx_word' id='word_1_100' title='bbox 2262 1668 2501 1723; x_wconf 89' lang='lat' dir='ltr'>essent.</span> 
     </span>
     <span class='ocr_line' id='line_1_15' title="bbox 552 1742 2503 1829; baseline -0.001 -18"><span class='ocrx_word' id='word_1_101' title='bbox 552 1745 724 1812; x_wconf 87' lang='lat' dir='ltr'>Nam</span> <span class='ocrx_word' id='word_1_102' title='bbox 771 1745 925 1828; x_wconf 88' lang='lat' dir='ltr'>quia</span> <span class='ocrx_word' id='word_1_103' title='bbox 965 1742 1093 1808; x_wconf 91' lang='lat' dir='ltr'>fide</span> <span class='ocrx_word' id='word_1_104' title='bbox 1136 1743 1540 1829; x_wconf 88' lang='lat' dir='ltr'>sepeliuntur</span> <span class='ocrx_word' id='word_1_105' title='bbox 1585 1765 1811 1810; x_wconf 89' lang='lat' dir='ltr'>eorum</span> <span class='ocrx_word' id='word_1_106' title='bbox 1872 1745 2067 1824; x_wconf 83' lang='lat' dir='ltr'>vitia,</span> <span class='ocrx_word' id='word_1_107' title='bbox 2134 1745 2306 1827; x_wconf 88' lang='lat' dir='ltr'>quod</span> <span class='ocrx_word' id='word_1_108' title='bbox 2351 1766 2503 1829; x_wconf 87' lang='lat' dir='ltr'>gra-</span> 
     </span>
     <span class='ocr_line' id='line_1_16' title="bbox 552 1828 2500 1914; baseline -0.001 -18"><span class='ocrx_word' id='word_1_109' title='bbox 552 1833 721 1896; x_wconf 88' lang='lat' dir='ltr'>tuito</span> <span class='ocrx_word' id='word_1_110' title='bbox 779 1830 1061 1914; x_wconf 90' lang='lat' dir='ltr'>largitur</span> <span class='ocrx_word' id='word_1_111' title='bbox 1105 1829 1324 1907; x_wconf 86' lang='lat' dir='ltr'>Deus,</span> <span class='ocrx_word' id='word_1_112' title='bbox 1381 1828 1696 1895; x_wconf 87' lang='lat' dir='ltr'>mercedis</span> <span class='ocrx_word' id='word_1_113' title='bbox 1761 1830 2026 1895; x_wconf 90' lang='lat' dir='ltr'>nomine</span> <span class='ocrx_word' id='word_1_114' title='bbox 2069 1829 2500 1896; x_wconf 88' lang='lat' dir='ltr'>commendat.</span> 
     </span>
     <span class='ocr_line' id='line_1_17' title="bbox 552 1914 2503 2001; baseline -0.001 -19"><span class='ocrx_word' id='word_1_115' title='bbox 552 1917 735 2001; x_wconf 83' lang='lat' dir='ltr'>Ergo</span> <span class='ocrx_word' id='word_1_116' title='bbox 798 1914 1136 1981; x_wconf 87' lang='lat' dir='ltr'>ambulare</span> <span class='ocrx_word' id='word_1_117' title='bbox 1199 1916 1270 1979; x_wconf 93' lang='lat' dir='ltr'>in</span> <span class='ocrx_word' id='word_1_118' title='bbox 1351 1916 1716 2000; x_wconf 90' lang='lat' dir='ltr'>praeceptis</span> <span class='ocrx_word' id='word_1_119' title='bbox 1784 1915 1946 1996; x_wconf 90' lang='lat' dir='ltr'>Dei,</span> <span class='ocrx_word' id='word_1_120' title='bbox 2013 1937 2148 1983; x_wconf 90' lang='lat' dir='ltr'>non</span> <span class='ocrx_word' id='word_1_121' title='bbox 2213 1916 2503 1999; x_wconf 89' lang='lat' dir='ltr'>praecise</span> 
     </span>
     <span class='ocr_line' id='line_1_18' title="bbox 552 2000 2501 2085; baseline -0.002 -17"><span class='ocrx_word' id='word_1_122' title='bbox 552 2002 942 2068; x_wconf 84' lang='lat' dir='ltr'>tantundem</span> <span class='ocrx_word' id='word_1_123' title='bbox 988 2001 1095 2067; x_wconf 92' lang='lat' dir='ltr'>hic</span> <span class='ocrx_word' id='word_1_124' title='bbox 1139 2001 1319 2068; x_wconf 83' lang='lat' dir='ltr'>valet</span> <span class='ocrx_word' id='word_1_125' title='bbox 1362 2022 1438 2067; x_wconf 89' lang='lat' dir='ltr'>ac</span> <span class='ocrx_word' id='word_1_126' title='bbox 1493 2011 1823 2085; x_wconf 89' lang='lat' dir='ltr'>praestare</span> <span class='ocrx_word' id='word_1_127' title='bbox 1867 2000 2180 2085; x_wconf 92' lang='lat' dir='ltr'>quidquid</span> <span class='ocrx_word' id='word_1_128' title='bbox 2225 2002 2334 2067; x_wconf 88' lang='lat' dir='ltr'>lex</span> <span class='ocrx_word' id='word_1_129' title='bbox 2378 2002 2501 2065; x_wconf 89' lang='lat' dir='ltr'>im-</span> 
     </span>
     <span class='ocr_line' id='line_1_19' title="bbox 551 2086 2502 2174; baseline -0.001 -20"><span class='ocrx_word' id='word_1_130' title='bbox 551 2098 774 2174; x_wconf 90' lang='lat' dir='ltr'>perat:</span> <span class='ocrx_word' id='word_1_131' title='bbox 833 2108 1063 2155; x_wconf 83' lang='lat' dir='ltr'>verum</span> <span class='ocrx_word' id='word_1_132' title='bbox 1109 2087 1231 2153; x_wconf 91' lang='lat' dir='ltr'>sub</span> <span class='ocrx_word' id='word_1_133' title='bbox 1285 2087 1408 2153; x_wconf 91' lang='lat' dir='ltr'>hoc</span> <span class='ocrx_word' id='word_1_134' title='bbox 1459 2088 1662 2154; x_wconf 81' lang='lat' dir='ltr'>verbo</span> <span class='ocrx_word' id='word_1_135' title='bbox 1706 2086 2069 2155; x_wconf 87' lang='lat' dir='ltr'>includitur</span> <span class='ocrx_word' id='word_1_136' title='bbox 2111 2087 2240 2152; x_wconf 93' lang='lat' dir='ltr'>Dei</span> <span class='ocrx_word' id='word_1_137' title='bbox 2281 2087 2502 2152; x_wconf 91' lang='lat' dir='ltr'>indul-</span> 
     </span>
     <span class='ocr_line' id='line_1_20' title="bbox 553 2173 2503 2260; baseline -0.002 -20"><span class='ocrx_word' id='word_1_138' title='bbox 553 2176 797 2260; x_wconf 89' lang='lat' dir='ltr'>gentia,</span> <span class='ocrx_word' id='word_1_139' title='bbox 858 2193 985 2259; x_wconf 90' lang='lat' dir='ltr'>qua</span> <span class='ocrx_word' id='word_1_140' title='bbox 1039 2173 1207 2238; x_wconf 90' lang='lat' dir='ltr'>filios</span> <span class='ocrx_word' id='word_1_141' title='bbox 1251 2194 1406 2239; x_wconf 90' lang='lat' dir='ltr'>suos</span> <span class='ocrx_word' id='word_1_142' title='bbox 1451 2175 1721 2253; x_wconf 90' lang='lat' dir='ltr'>tolerat,</span> <span class='ocrx_word' id='word_1_143' title='bbox 1780 2194 2134 2257; x_wconf 91' lang='lat' dir='ltr'>eorumque</span> <span class='ocrx_word' id='word_1_144' title='bbox 2179 2174 2359 2239; x_wconf 86' lang='lat' dir='ltr'>vitiis</span> <span class='ocrx_word' id='word_1_145' title='bbox 2403 2175 2503 2258; x_wconf 90' lang='lat' dir='ltr'>ig·</span> 
     </span>
     <span class='ocr_line' id='line_1_21' title="bbox 555 2259 2503 2344; baseline 0 -19"><span class='ocrx_word' id='word_1_146' title='bbox 555 2264 783 2327; x_wconf 89' lang='lat' dir='ltr'>noscit.</span> <span class='ocrx_word' id='word_1_147' title='bbox 874 2259 1160 2342; x_wconf 87' lang='lat' dir='ltr'>Ideoque</span> <span class='ocrx_word' id='word_1_148' title='bbox 1204 2259 1376 2344; x_wconf 92' lang='lat' dir='ltr'>apud</span> <span class='ocrx_word' id='word_1_149' title='bbox 1422 2259 1647 2326; x_wconf 88' lang='lat' dir='ltr'>fideles</span> <span class='ocrx_word' id='word_1_150' title='bbox 1698 2260 1911 2325; x_wconf 84' lang='lat' dir='ltr'>fructu</span> <span class='ocrx_word' id='word_1_151' title='bbox 1958 2281 2092 2326; x_wconf 89' lang='lat' dir='ltr'>non</span> <span class='ocrx_word' id='word_1_152' title='bbox 2135 2268 2314 2325; x_wconf 88' lang='lat' dir='ltr'>caret</span> <span class='ocrx_word' id='word_1_153' title='bbox 2356 2280 2503 2343; x_wconf 89' lang='lat' dir='ltr'>pro-</span> 
     </span>
     <span class='ocr_line' id='line_1_22' title="bbox 552 2346 2503 2428; baseline -0.002 -16"><span class='ocrx_word' id='word_1_154' title='bbox 552 2348 794 2428; x_wconf 88' lang='lat' dir='ltr'>missio,</span> <span class='ocrx_word' id='word_1_155' title='bbox 854 2346 1007 2411; x_wconf 90' lang='lat' dir='ltr'>dum</span> <span class='ocrx_word' id='word_1_156' title='bbox 1064 2366 1148 2410; x_wconf 88' lang='lat' dir='ltr'>ex</span> <span class='ocrx_word' id='word_1_157' title='bbox 1214 2346 1433 2412; x_wconf 91' lang='lat' dir='ltr'>animo</span> <span class='ocrx_word' id='word_1_158' title='bbox 1493 2346 1761 2412; x_wconf 87' lang='lat' dir='ltr'>student</span> <span class='ocrx_word' id='word_1_159' title='bbox 1805 2368 1875 2412; x_wconf 91' lang='lat' dir='ltr'>se</span> <span class='ocrx_word' id='word_1_160' title='bbox 1918 2346 2060 2411; x_wconf 92' lang='lat' dir='ltr'>Deo</span> <span class='ocrx_word' id='word_1_161' title='bbox 2103 2365 2503 2425; x_wconf 90' lang='lat' dir='ltr'>consecrare,</span> 
     </span>
     <span class='ocr_line' id='line_1_23' title="bbox 594 2429 2502 2517; baseline -0.001 -19"><span class='ocrx_word' id='word_1_162' title='bbox 594 2434 858 2499; x_wconf 87' lang='lat' dir='ltr'>uamvis</span> <span class='ocrx_word' id='word_1_163' title='bbox 901 2453 940 2497; x_wconf 88' lang='lat' dir='ltr'>a</span> <span class='ocrx_word' id='word_1_164' title='bbox 982 2431 1382 2516; x_wconf 83' lang='lat' dir='ltr'>perfectione</span> <span class='ocrx_word' id='word_1_165' title='bbox 1424 2431 1639 2499; x_wconf 90' lang='lat' dir='ltr'>adhuc</span> <span class='ocrx_word' id='word_1_166' title='bbox 1696 2432 1895 2517; x_wconf 88' lang='lat' dir='ltr'>longe</span> <span class='ocrx_word' id='word_1_167' title='bbox 1956 2429 2211 2499; x_wconf 88' lang='lat' dir='ltr'>absint:</span> <span class='ocrx_word' id='word_1_168' title='bbox 2267 2452 2502 2498; x_wconf 91' lang='lat' dir='ltr'>secun·</span> 
     </span>
     <span class='ocr_line' id='line_1_24' title="bbox 549 2456 2501 2603; baseline -0.002 -19"><span class='ocrx_word' id='word_1_169' title='bbox 549 2456 704 2584; x_wconf 65' lang='lat' dir='ltr'>dum</span> <span class='ocrx_word' id='word_1_170' title='bbox 764 2517 1120 2603; x_wconf 81' lang='lat' dir='ltr'>prophetae</span> <span class='ocrx_word' id='word_1_171' title='bbox 1180 2517 1577 2583; x_wconf 86' lang='lat' dir='ltr'>doctrinam:</span> <span class='ocrx_word' id='word_1_172' title='bbox 1637 2518 1916 2585; x_wconf 89' lang='lat' dir='ltr'>Parcam</span> <span class='ocrx_word' id='word_1_173' title='bbox 1971 2518 2134 2598; x_wconf 91' lang='lat' dir='ltr'>illis,</span> <span class='ocrx_word' id='word_1_174' title='bbox 2192 2516 2501 2601; x_wconf 90' lang='lat' dir='ltr'>quemad-</span> 
     </span>
     <span class='ocr_line' id='line_1_25' title="bbox 547 2601 2499 2691; baseline -0.002 -21"><span class='ocrx_word' id='word_1_175' title='bbox 547 2604 813 2670; x_wconf 89' lang='lat' dir='ltr'>modum</span> <span class='ocrx_word' id='word_1_176' title='bbox 850 2614 1044 2689; x_wconf 89' lang='lat' dir='ltr'>pater</span> <span class='ocrx_word' id='word_1_177' title='bbox 1065 2603 1202 2668; x_wconf 92' lang='lat' dir='ltr'>filio</span> <span class='ocrx_word' id='word_1_178' title='bbox 1224 2604 1434 2687; x_wconf 90' lang='lat' dir='ltr'>parcit</span> <span class='ocrx_word' id='word_1_179' title='bbox 1459 2603 1615 2669; x_wconf 91' lang='lat' dir='ltr'>dum</span> <span class='ocrx_word' id='word_1_180' title='bbox 1640 2605 1846 2670; x_wconf 80' lang='lat' dir='ltr'>servit·</span> <span class='ocrx_word' id='word_1_181' title='bbox 1888 2606 1945 2670; x_wconf 93' lang='lat' dir='ltr'>ei</span> <span class='ocrx_word' id='word_1_182' title='bbox 1983 2603 2244 2691; x_wconf 85' lang='lat' dir='ltr'>(Malae.</span> <span class='ocrx_word' id='word_1_183' title='bbox 2271 2603 2332 2683; x_wconf 89' lang='lat'>3,</span> <span class='ocrx_word' id='word_1_184' title='bbox 2359 2601 2499 2690; x_wconf 84' lang='lat'><strong>17):</strong></span> 
     </span>
     <span class='ocr_line' id='line_1_26' title="bbox 549 2689 2501 2774; baseline -0.002 -17"><span class='ocrx_word' id='word_1_185' title='bbox 549 2712 626 2757; x_wconf 89' lang='lat' dir='ltr'>ac</span> <span class='ocrx_word' id='word_1_186' title='bbox 670 2692 725 2756; x_wconf 90' lang='lat' dir='ltr'>si</span> <span class='ocrx_word' id='word_1_187' title='bbox 772 2689 1034 2769; x_wconf 87' lang='lat' dir='ltr'>diceret,</span> <span class='ocrx_word' id='word_1_188' title='bbox 1094 2710 1320 2755; x_wconf 92' lang='lat' dir='ltr'>eorum</span> <span class='ocrx_word' id='word_1_189' title='bbox 1366 2690 1745 2774; x_wconf 87' lang='lat' dir='ltr'>obsequium</span> <span class='ocrx_word' id='word_1_190' title='bbox 1793 2711 1925 2755; x_wconf 89' lang='lat' dir='ltr'>non</span> <span class='ocrx_word' id='word_1_191' title='bbox 1971 2691 2126 2774; x_wconf 91' lang='lat' dir='ltr'>quia</span> <span class='ocrx_word' id='word_1_192' title='bbox 2169 2697 2501 2755; x_wconf 86' lang='lat' dir='ltr'>mereatur</span> 
     </span>
    </p>
   </div>
   <div class='ocr_carea' id='block_1_3' title="bbox 420 2775 2499 2861">
    <p class='ocr_par' dir='ltr' id='par_1_3' title="bbox 420 2775 2499 2861">
     <span class='ocr_line' id='line_1_27' title="bbox 420 2775 2499 2861; baseline -0.002 -16"><span class='ocrx_word' id='word_1_193' title='bbox 420 2838 428 2845; x_wconf 89' lang='lat'>.</span> <span class='ocrx_word' id='word_1_194' title='bbox 548 2776 671 2845; x_wconf 91' lang='lat' dir='ltr'>sibi</span> <span class='ocrx_word' id='word_1_195' title='bbox 715 2778 852 2842; x_wconf 86' lang='lat' dir='ltr'>fore</span> <span class='ocrx_word' id='word_1_196' title='bbox 895 2788 1177 2861; x_wconf 88' lang='lat' dir='ltr'>gratum,</span> <span class='ocrx_word' id='word_1_197' title='bbox 1221 2775 1332 2842; x_wconf 90' lang='lat' dir='ltr'>sed</span> <span class='ocrx_word' id='word_1_198' title='bbox 1378 2777 1529 2860; x_wconf 91' lang='lat' dir='ltr'>quia</span> <span class='ocrx_word' id='word_1_199' title='bbox 1571 2775 1732 2842; x_wconf 88' lang='lat' dir='ltr'>illud</span> <span class='ocrx_word' id='word_1_200' title='bbox 1779 2787 2053 2860; x_wconf 88' lang='lat' dir='ltr'>paterno</span> <span class='ocrx_word' id='word_1_201' title='bbox 2087 2776 2316 2842; x_wconf 83' lang='lat' dir='ltr'>favore</span> <span class='ocrx_word' id='word_1_202' title='bbox 2397 2796 2499 2841; x_wconf 91' lang='lat' dir='ltr'>ro·</span> 
     </span>
    </p>
   </div>
   <div class='ocr_carea' id='block_1_4' title="bbox 542 2861 2502 5443">
    <p class='ocr_par' dir='ltr' id='par_1_4' title="bbox 542 2861 2502 5443">
     <span class='ocr_line' id='line_1_28' title="bbox 547 2861 2501 2947; baseline -0.002 -18"><span class='ocrx_word' id='word_1_203' title='bbox 547 2872 877 2947; x_wconf 90' lang='lat' dir='ltr'>sequetur.</span> <span class='ocrx_word' id='word_1_204' title='bbox 966 2861 1161 2929; x_wconf 88' lang='lat' dir='ltr'>Unde</span> <span class='ocrx_word' id='word_1_205' title='bbox 1217 2869 1491 2947; x_wconf 87' lang='lat' dir='ltr'>apparet</span> <span class='ocrx_word' id='word_1_206' title='bbox 1548 2883 1743 2946; x_wconf 88' lang='lat' dir='ltr'>quam</span> <span class='ocrx_word' id='word_1_207' title='bbox 1789 2863 1991 2928; x_wconf 87' lang='lat' dir='ltr'>stulta</span> <span class='ocrx_word' id='word_1_208' title='bbox 2033 2863 2501 2946; x_wconf 79' lang='lat' dir='ltr'>imaginatione</span> 
     </span>
     <span class='ocr_line' id='line_1_29' title="bbox 546 2946 2498 3034; baseline -0.002 -18"><span class='ocrx_word' id='word_1_209' title='bbox 546 2949 928 3033; x_wconf 88' lang='lat' dir='ltr'>superbiant</span> <span class='ocrx_word' id='word_1_210' title='bbox 968 2947 1081 3032; x_wconf 91' lang='lat' dir='ltr'>qui</span> <span class='ocrx_word' id='word_1_211' title='bbox 1124 2946 1342 3013; x_wconf 90' lang='lat' dir='ltr'>Deum</span> <span class='ocrx_word' id='word_1_212' title='bbox 1390 2950 1576 3034; x_wconf 82' lang='lat' dir='ltr'>quasi</span> <span class='ocrx_word' id='word_1_213' title='bbox 1620 2971 1702 3014; x_wconf 89' lang='lat' dir='ltr'>ex</span> <span class='ocrx_word' id='word_1_214' title='bbox 1748 2959 1937 3033; x_wconf 88' lang='lat' dir='ltr'>pacto</span> <span class='ocrx_word' id='word_1_215' title='bbox 1980 2947 2102 3014; x_wconf 90' lang='lat' dir='ltr'>sibi</span> <span class='ocrx_word' id='word_1_216' title='bbox 2137 2948 2351 3014; x_wconf 87' lang='lat' dir='ltr'>facere</span> <span class='ocrx_word' id='word_1_217' title='bbox 2384 2968 2498 3013; x_wconf 88' lang='lat' dir='ltr'>vo·</span> 
     </span>
     <span class='ocr_line' id='line_1_30' title="bbox 546 3033 2499 3114; baseline -0.001 -14"><span class='ocrx_word' id='word_1_218' title='bbox 546 3034 700 3102; x_wconf 91' lang='lat' dir='ltr'>lunt</span> <span class='ocrx_word' id='word_1_219' title='bbox 722 3034 1098 3101; x_wconf 87' lang='lat' dir='ltr'>debitorem.</span> <span class='ocrx_word' id='word_1_220' title='bbox 1145 3033 1339 3114; x_wconf 80' lang='lat' dir='ltr'>Quod</span> <span class='ocrx_word' id='word_1_221' title='bbox 1375 3043 1592 3102; x_wconf 90' lang='lat' dir='ltr'>autem</span> <span class='ocrx_word' id='word_1_222' title='bbox 1631 3035 2077 3101; x_wconf 89' lang='lat' dir='ltr'>remuneratio</span> <span class='ocrx_word' id='word_1_223' title='bbox 2113 3036 2298 3101; x_wconf 89' lang='lat' dir='ltr'>cuius</span> <span class='ocrx_word' id='word_1_224' title='bbox 2321 3054 2499 3099; x_wconf 91' lang='lat' dir='ltr'>nunc</span> 
     </span>
     <span class='ocr_line' id='line_1_31' title="bbox 546 3119 2499 3206; baseline -0.002 -18"><span class='ocrx_word' id='word_1_225' title='bbox 546 3122 625 3188; x_wconf 89' lang='lat' dir='ltr'>fit</span> <span class='ocrx_word' id='word_1_226' title='bbox 657 3121 926 3201; x_wconf 89' lang='lat' dir='ltr'>mentio,</span> <span class='ocrx_word' id='word_1_227' title='bbox 971 3120 1105 3186; x_wconf 83' lang='lat' dir='ltr'>fere</span> <span class='ocrx_word' id='word_1_228' title='bbox 1140 3119 1562 3206; x_wconf 83' lang='lat' dir='ltr'>restringitur</span> <span class='ocrx_word' id='word_1_229' title='bbox 1596 3119 1681 3186; x_wconf 91' lang='lat' dir='ltr'>ad</span> <span class='ocrx_word' id='word_1_230' title='bbox 1716 3130 2045 3187; x_wconf 88' lang='lat' dir='ltr'>terrenam</span> <span class='ocrx_word' id='word_1_231' title='bbox 2084 3129 2152 3187; x_wconf 91' lang='lat' dir='ltr'>et</span> <span class='ocrx_word' id='word_1_232' title='bbox 2184 3119 2499 3187; x_wconf 88' lang='lat' dir='ltr'>caducam</span> 
     </span>
     <span class='ocr_line' id='line_1_32' title="bbox 547 3205 2497 3293; baseline -0.001 -20"><span class='ocrx_word' id='word_1_233' title='bbox 547 3208 755 3273; x_wconf 76' lang='lat' dir='ltr'>vitam</span> <span class='ocrx_word' id='word_1_234' title='bbox 774 3258 789 3289; x_wconf 88' lang='lat'>,</span> <span class='ocrx_word' id='word_1_235' title='bbox 847 3227 1001 3290; x_wconf 92' lang='lat' dir='ltr'>pars</span> <span class='ocrx_word' id='word_1_236' title='bbox 1054 3214 1156 3272; x_wconf 91' lang='lat' dir='ltr'>est</span> <span class='ocrx_word' id='word_1_237' title='bbox 1214 3206 1441 3291; x_wconf 87' lang='lat' dir='ltr'>legalis</span> <span class='ocrx_word' id='word_1_238' title='bbox 1500 3206 1956 3293; x_wconf 88' lang='lat' dir='ltr'>paedagogiae.</span> <span class='ocrx_word' id='word_1_239' title='bbox 2048 3205 2261 3274; x_wconf 86' lang='lat' dir='ltr'>Sicuti</span> <span class='ocrx_word' id='word_1_240' title='bbox 2321 3205 2497 3272; x_wconf 90' lang='lat' dir='ltr'>enim</span> 
     </span>
     <span class='ocr_line' id='line_1_33' title="bbox 548 3290 2499 3379; baseline -0.002 -19"><span class='ocrx_word' id='word_1_241' title='bbox 548 3294 757 3360; x_wconf 87' lang='lat' dir='ltr'>veteri</span> <span class='ocrx_word' id='word_1_242' title='bbox 800 3292 1042 3376; x_wconf 92' lang='lat' dir='ltr'>populo</span> <span class='ocrx_word' id='word_1_243' title='bbox 1085 3290 1209 3359; x_wconf 90' lang='lat' dir='ltr'>sub</span> <span class='ocrx_word' id='word_1_244' title='bbox 1251 3292 1487 3359; x_wconf 90' lang='lat' dir='ltr'>umbra</span> <span class='ocrx_word' id='word_1_245' title='bbox 1532 3301 1595 3359; x_wconf 86' lang='lat' dir='ltr'>et</span> <span class='ocrx_word' id='word_1_246' title='bbox 1640 3294 1931 3379; x_wconf 88' lang='lat' dir='ltr'>imagine</span> <span class='ocrx_word' id='word_1_247' title='bbox 1987 3293 2319 3378; x_wconf 90' lang='lat' dir='ltr'>proposita</span> <span class='ocrx_word' id='word_1_248' title='bbox 2373 3293 2499 3358; x_wconf 86' lang='lat' dir='ltr'>fuit</span> 
     </span>
     <span class='ocr_line' id='line_1_34' title="bbox 547 3378 2499 3465; baseline -0.002 -19"><span class='ocrx_word' id='word_1_249' title='bbox 547 3379 908 3465; x_wconf 89' lang='lat' dir='ltr'>spiritualis</span> <span class='ocrx_word' id='word_1_250' title='bbox 947 3379 1071 3444; x_wconf 89' lang='lat' dir='ltr'>Dei</span> <span class='ocrx_word' id='word_1_251' title='bbox 1115 3380 1347 3463; x_wconf 89' lang='lat' dir='ltr'>gratia,</span> <span class='ocrx_word' id='word_1_252' title='bbox 1389 3380 1487 3445; x_wconf 90' lang='lat' dir='ltr'>ita</span> <span class='ocrx_word' id='word_1_253' title='bbox 1520 3378 1749 3446; x_wconf 87' lang='lat' dir='ltr'>eadem</span> <span class='ocrx_word' id='word_1_254' title='bbox 1783 3380 1950 3446; x_wconf 88' lang='lat' dir='ltr'>ratio</span> <span class='ocrx_word' id='word_1_255' title='bbox 1986 3388 2126 3445; x_wconf 88' lang='lat' dir='ltr'>tam</span> <span class='ocrx_word' id='word_1_256' title='bbox 2162 3380 2232 3444; x_wconf 92' lang='lat' dir='ltr'>in</span> <span class='ocrx_word' id='word_1_257' title='bbox 2269 3379 2499 3463; x_wconf 92' lang='lat' dir='ltr'>poenis</span> 
     </span>
     <span class='ocr_line' id='line_1_35' title="bbox 547 3465 2498 3550; baseline -0.001 -18"><span class='ocrx_word' id='word_1_258' title='bbox 547 3485 743 3550; x_wconf 89' lang='lat' dir='ltr'>quam</span> <span class='ocrx_word' id='word_1_259' title='bbox 798 3465 868 3529; x_wconf 92' lang='lat' dir='ltr'>in</span> <span class='ocrx_word' id='word_1_260' title='bbox 930 3465 1236 3549; x_wconf 90' lang='lat' dir='ltr'>praemiis</span> <span class='ocrx_word' id='word_1_261' title='bbox 1296 3465 1523 3532; x_wconf 83' lang='lat' dir='ltr'>valuit.</span> <span class='ocrx_word' id='word_1_262' title='bbox 1613 3465 2087 3532; x_wconf 87' lang='lat' dir='ltr'>Reconciliatio</span> <span class='ocrx_word' id='word_1_263' title='bbox 2143 3484 2293 3530; x_wconf 90' lang='lat' dir='ltr'>cum</span> <span class='ocrx_word' id='word_1_264' title='bbox 2354 3465 2498 3530; x_wconf 93' lang='lat' dir='ltr'>Deo</span> 
     </span>
     <span class='ocr_line' id='line_1_36' title="bbox 548 3551 2500 3636; baseline -0.002 -19"><span class='ocrx_word' id='word_1_265' title='bbox 548 3571 667 3617; x_wconf 89' lang='lat' dir='ltr'>san</span> <span class='ocrx_word' id='word_1_266' title='bbox 761 3552 868 3616; x_wconf 92' lang='lat' dir='ltr'>ine</span> <span class='ocrx_word' id='word_1_267' title='bbox 901 3551 1227 3634; x_wconf 88' lang='lat' dir='ltr'>pecudum</span> <span class='ocrx_word' id='word_1_268' title='bbox 1265 3560 1759 3636; x_wconf 87' lang='lat' dir='ltr'>repraesentata</span> <span class='ocrx_word' id='word_1_269' title='bbox 1792 3553 1934 3633; x_wconf 84' lang='lat' dir='ltr'>fuit,</span> <span class='ocrx_word' id='word_1_270' title='bbox 1979 3553 2204 3617; x_wconf 81' lang='lat' dir='ltr'>variae</span> <span class='ocrx_word' id='word_1_271' title='bbox 2230 3551 2500 3616; x_wconf 86' lang='lat' dir='ltr'>fuerunt</span> 
     </span>
     <span class='ocr_line' id='line_1_37' title="bbox 548 3636 2498 3722; baseline -0.002 -17"><span class='ocrx_word' id='word_1_272' title='bbox 548 3636 1001 3722; x_wconf 81' lang='lat' dir='ltr'>expiationum</span> <span class='ocrx_word' id='word_1_273' title='bbox 1045 3636 1325 3703; x_wconf 86' lang='lat' dir='ltr'>formae:</span> <span class='ocrx_word' id='word_1_274' title='bbox 1385 3636 1499 3703; x_wconf 90' lang='lat' dir='ltr'>sed</span> <span class='ocrx_word' id='word_1_275' title='bbox 1544 3646 1801 3704; x_wconf 86' lang='lat' dir='ltr'>tantum</span> <span class='ocrx_word' id='word_1_276' title='bbox 1861 3644 2176 3703; x_wconf 82' lang='lat' dir='ltr'>externae</span> <span class='ocrx_word' id='word_1_277' title='bbox 2233 3649 2300 3702; x_wconf 90' lang='lat' dir='ltr'>et</span> <span class='ocrx_word' id='word_1_278' title='bbox 2338 3636 2498 3703; x_wconf 84' lang='lat' dir='ltr'>visi-</span> 
     </span>
     <span class='ocr_line' id='line_1_38' title="bbox 544 3722 2492 3809; baseline -0.002 -19"><span class='ocrx_word' id='word_1_279' title='bbox 544 3724 745 3803; x_wconf 87' lang='lat' dir='ltr'>biles,</span> <span class='ocrx_word' id='word_1_280' title='bbox 811 3723 967 3806; x_wconf 88' lang='lat' dir='ltr'>quia</span> <span class='ocrx_word' id='word_1_281' title='bbox 1012 3722 1305 3789; x_wconf 88' lang='lat' dir='ltr'>nondum</span> <span class='ocrx_word' id='word_1_282' title='bbox 1347 3723 1418 3789; x_wconf 94' lang='lat' dir='ltr'>in</span> <span class='ocrx_word' id='word_1_283' title='bbox 1463 3722 1730 3790; x_wconf 83' lang='lat' dir='ltr'>Christo</span> <span class='ocrx_word' id='word_1_284' title='bbox 1787 3746 1824 3788; x_wconf 89' lang='lat' dir='ltr'>a</span> <span class='ocrx_word' id='word_1_285' title='bbox 1872 3732 2184 3809; x_wconf 89' lang='lat' dir='ltr'>paruerat</span> <span class='ocrx_word' id='word_1_286' title='bbox 2226 3723 2492 3789; x_wconf 85' lang='lat' dir='ltr'>veritas.</span> 
     </span>
     <span class='ocr_line' id='line_1_39' title="bbox 544 3808 2496 3893; baseline -0.001 -17"><span class='ocrx_word' id='word_1_287' title='bbox 544 3808 798 3876; x_wconf 88' lang='lat' dir='ltr'>Eadem</span> <span class='ocrx_word' id='word_1_288' title='bbox 843 3809 1047 3893; x_wconf 90' lang='lat' dir='ltr'>igitur</span> <span class='ocrx_word' id='word_1_289' title='bbox 1091 3809 1171 3874; x_wconf 93' lang='lat' dir='ltr'>de</span> <span class='ocrx_word' id='word_1_290' title='bbox 1215 3831 1429 3889; x_wconf 89' lang='lat' dir='ltr'>causa,</span> <span class='ocrx_word' id='word_1_291' title='bbox 1475 3811 1629 3893; x_wconf 88' lang='lat' dir='ltr'>quia</span> <span class='ocrx_word' id='word_1_292' title='bbox 1665 3832 1792 3876; x_wconf 89' lang='lat' dir='ltr'>non</span> <span class='ocrx_word' id='word_1_293' title='bbox 1846 3831 1955 3874; x_wconf 90' lang='lat' dir='ltr'>um</span> <span class='ocrx_word' id='word_1_294' title='bbox 1994 3820 2125 3875; x_wconf 86' lang='lat' dir='ltr'>tam</span> <span class='ocrx_word' id='word_1_295' title='bbox 2161 3808 2496 3876; x_wconf 89' lang='lat' dir='ltr'>luculenta</span> 
     </span>
     <span class='ocr_line' id='line_1_40' title="bbox 544 3894 2494 3962; baseline -0.002 0"><span class='ocrx_word' id='word_1_296' title='bbox 544 3906 611 3962; x_wconf 91' lang='lat' dir='ltr'>et</span> <span class='ocrx_word' id='word_1_297' title='bbox 643 3894 987 3961; x_wconf 84' lang='lat' dir='ltr'>familiaris</span> <span class='ocrx_word' id='word_1_298' title='bbox 1022 3895 1196 3961; x_wconf 85' lang='lat' dir='ltr'>vitae</span> <span class='ocrx_word' id='word_1_299' title='bbox 1232 3906 1539 3962; x_wconf 90' lang='lat' dir='ltr'>aeternae</span> <span class='ocrx_word' id='word_1_300' title='bbox 1573 3905 1639 3961; x_wconf 89' lang='lat' dir='ltr'>et</span> <span class='ocrx_word' id='word_1_301' title='bbox 1681 3896 1954 3962; x_wconf 89' lang='lat' dir='ltr'>ultimae</span> <span class='ocrx_word' id='word_1_302' title='bbox 1999 3895 2494 3962; x_wconf 90' lang='lat' dir='ltr'>resurrectionis</span> 
     </span>
     <span class='ocr_line' id='line_1_41' title="bbox 546 3981 2494 4066; baseline -0.001 -19"><span class='ocrx_word' id='word_1_303' title='bbox 546 3981 845 4065; x_wconf 90' lang='lat' dir='ltr'>patribus</span> <span class='ocrx_word' id='word_1_304' title='bbox 902 3981 1228 4066; x_wconf 89' lang='lat' dir='ltr'>obtigerat</span> <span class='ocrx_word' id='word_1_305' title='bbox 1281 3983 1597 4066; x_wconf 89' lang='lat' dir='ltr'>cognitio,</span> <span class='ocrx_word' id='word_1_306' title='bbox 1653 3991 1728 4047; x_wconf 91' lang='lat' dir='ltr'>ut</span> <span class='ocrx_word' id='word_1_307' title='bbox 1786 4004 1964 4049; x_wconf 89' lang='lat' dir='ltr'>nunc</span> <span class='ocrx_word' id='word_1_308' title='bbox 2022 3983 2092 4046; x_wconf 90' lang='lat' dir='ltr'>in</span> <span class='ocrx_word' id='word_1_309' title='bbox 2149 3981 2494 4066; x_wconf 84' lang='lat' dir='ltr'>evangelio</span> 
     </span>
     <span class='ocr_line' id='line_1_42' title="bbox 545 4065 2494 4153; baseline 0 -21"><span class='ocrx_word' id='word_1_310' title='bbox 545 4067 856 4153; x_wconf 83' lang='lat' dir='ltr'>refulget,</span> <span class='ocrx_word' id='word_1_311' title='bbox 916 4065 1104 4133; x_wconf 91' lang='lat' dir='ltr'>Deus</span> <span class='ocrx_word' id='word_1_312' title='bbox 1168 4067 1461 4134; x_wconf 90' lang='lat' dir='ltr'>externis</span> <span class='ocrx_word' id='word_1_313' title='bbox 1527 4068 1932 4135; x_wconf 87' lang='lat' dir='ltr'>documentis</span> <span class='ocrx_word' id='word_1_314' title='bbox 2003 4078 2080 4132; x_wconf 91' lang='lat' dir='ltr'>ut</span> <span class='ocrx_word' id='word_1_315' title='bbox 2134 4068 2494 4151; x_wconf 89' lang='lat' dir='ltr'>plurimum</span> 
     </span>
     <span class='ocr_line' id='line_1_43' title="bbox 546 4151 2494 4238; baseline -0.001 -19"><span class='ocrx_word' id='word_1_316' title='bbox 546 4151 830 4219; x_wconf 84' lang='lat' dir='ltr'>ostendit</span> <span class='ocrx_word' id='word_1_317' title='bbox 875 4173 946 4218; x_wconf 91' lang='lat' dir='ltr'>se</span> <span class='ocrx_word' id='word_1_318' title='bbox 990 4153 1096 4220; x_wconf 81' lang='lat' dir='ltr'>vel</span> <span class='ocrx_word' id='word_1_319' title='bbox 1144 4155 1498 4238; x_wconf 89' lang='lat' dir='ltr'>propitium</span> <span class='ocrx_word' id='word_1_320' title='bbox 1544 4175 1685 4220; x_wconf 90' lang='lat' dir='ltr'>esse</span> <span class='ocrx_word' id='word_1_321' title='bbox 1731 4155 1834 4221; x_wconf 86' lang='lat' dir='ltr'>vel</span> <span class='ocrx_word' id='word_1_322' title='bbox 1880 4154 2205 4221; x_wconf 86' lang='lat' dir='ltr'>offensum</span> <span class='ocrx_word' id='word_1_323' title='bbox 2254 4152 2494 4238; x_wconf 90' lang='lat' dir='ltr'>populo</span> 
     </span>
     <span class='ocr_line' id='line_1_44' title="bbox 547 4237 2494 4325; baseline 0 -20"><span class='ocrx_word' id='word_1_324' title='bbox 547 4261 686 4306; x_wconf 89' lang='lat' dir='ltr'>suo.</span> <span class='ocrx_word' id='word_1_325' title='bbox 776 4237 953 4320; x_wconf 80' lang='lat' dir='ltr'>Quia</span> <span class='ocrx_word' id='word_1_326' title='bbox 994 4238 1188 4306; x_wconf 91' lang='lat' dir='ltr'>hodie</span> <span class='ocrx_word' id='word_1_327' title='bbox 1235 4259 1363 4306; x_wconf 92' lang='lat' dir='ltr'>non</span> <span class='ocrx_word' id='word_1_328' title='bbox 1408 4241 1645 4325; x_wconf 90' lang='lat' dir='ltr'>palam,</span> <span class='ocrx_word' id='word_1_329' title='bbox 1694 4249 1768 4307; x_wconf 91' lang='lat' dir='ltr'>ut</span> <span class='ocrx_word' id='word_1_330' title='bbox 1810 4240 1987 4319; x_wconf 91' lang='lat' dir='ltr'>olim,</span> <span class='ocrx_word' id='word_1_331' title='bbox 2032 4240 2278 4307; x_wconf 88' lang='lat' dir='ltr'>scelera</span> <span class='ocrx_word' id='word_1_332' title='bbox 2310 4241 2494 4306; x_wconf 91' lang='lat' dir='ltr'>Deus</span> 
     </span>
     <span class='ocr_line' id='line_1_45' title="bbox 545 4324 2494 4411; baseline -0.001 -20"><span class='ocrx_word' id='word_1_333' title='bbox 545 4325 919 4392; x_wconf 88' lang='lat' dir='ltr'>ulciscitur:</span> <span class='ocrx_word' id='word_1_334' title='bbox 984 4324 1301 4411; x_wconf 88' lang='lat' dir='ltr'>colligunt</span> <span class='ocrx_word' id='word_1_335' title='bbox 1362 4327 1624 4393; x_wconf 88' lang='lat' dir='ltr'>fanatici</span> <span class='ocrx_word' id='word_1_336' title='bbox 1700 4326 2004 4393; x_wconf 90' lang='lat' dir='ltr'>homines</span> <span class='ocrx_word' id='word_1_337' title='bbox 2069 4347 2219 4393; x_wconf 90' lang='lat' dir='ltr'>eum</span> <span class='ocrx_word' id='word_1_338' title='bbox 2293 4346 2494 4410; x_wconf 87' lang='lat' dir='ltr'>prope</span> 
     </span>
     <span class='ocr_line' id='line_1_46' title="bbox 543 4411 2494 4497; baseline -0.001 -20"><span class='ocrx_word' id='word_1_339' title='bbox 543 4418 836 4477; x_wconf 89' lang='lat' dir='ltr'>mutasse</span> <span class='ocrx_word' id='word_1_340' title='bbox 903 4419 1228 4476; x_wconf 88' lang='lat' dir='ltr'>naturam.</span> <span class='ocrx_word' id='word_1_341' title='bbox 1319 4411 1465 4478; x_wconf 90' lang='lat' dir='ltr'>Imo</span> <span class='ocrx_word' id='word_1_342' title='bbox 1529 4412 1653 4479; x_wconf 88' lang='lat' dir='ltr'>hoc</span> <span class='ocrx_word' id='word_1_343' title='bbox 1717 4420 2061 4497; x_wconf 88' lang='lat' dir='ltr'>praetextu</span> <span class='ocrx_word' id='word_1_344' title='bbox 2120 4411 2494 4478; x_wconf 88' lang='lat' dir='ltr'>Manichaei</span> 
     </span>
     <span class='ocr_line' id='line_1_47' title="bbox 544 4496 2496 4565; baseline 0.001 -2"><span class='ocrx_word' id='word_1_345' title='bbox 544 4498 885 4564; x_wconf 85' lang='lat' dir='ltr'>finxerunt</span> <span class='ocrx_word' id='word_1_346' title='bbox 949 4496 1140 4563; x_wconf 91' lang='lat' dir='ltr'>deum</span> <span class='ocrx_word' id='word_1_347' title='bbox 1197 4497 1466 4564; x_wconf 89' lang='lat' dir='ltr'>Israelis</span> <span class='ocrx_word' id='word_1_348' title='bbox 1525 4498 1858 4565; x_wconf 82' lang='lat' dir='ltr'>diversum</span> <span class='ocrx_word' id='word_1_349' title='bbox 1918 4520 1958 4564; x_wconf 92' lang='lat' dir='ltr'>a</span> <span class='ocrx_word' id='word_1_350' title='bbox 2019 4509 2261 4565; x_wconf 89' lang='lat' dir='ltr'>nostro.</span> <span class='ocrx_word' id='word_1_351' title='bbox 2363 4497 2496 4564; x_wconf 89' lang='lat' dir='ltr'>Hic</span> 
     </span>
     <span class='ocr_line' id='line_1_48' title="bbox 545 4585 2492 4668; baseline 0 -20"><span class='ocrx_word' id='word_1_352' title='bbox 545 4592 767 4650; x_wconf 89' lang='lat' dir='ltr'>autem</span> <span class='ocrx_word' id='word_1_353' title='bbox 833 4603 1017 4648; x_wconf 87' lang='lat' dir='ltr'>error</span> <span class='ocrx_word' id='word_1_354' title='bbox 1075 4605 1158 4649; x_wconf 86' lang='lat' dir='ltr'>ex</span> <span class='ocrx_word' id='word_1_355' title='bbox 1216 4605 1437 4655; x_wconf 89' lang='lat' dir='ltr'>crassa</span> <span class='ocrx_word' id='word_1_356' title='bbox 1494 4594 1561 4649; x_wconf 92' lang='lat' dir='ltr'>et</span> <span class='ocrx_word' id='word_1_357' title='bbox 1618 4587 1793 4668; x_wconf 88' lang='lat' dir='ltr'>turpi</span> <span class='ocrx_word' id='word_1_358' title='bbox 1850 4585 2109 4651; x_wconf 86' lang='lat' dir='ltr'>inscitia</span> <span class='ocrx_word' id='word_1_359' title='bbox 2167 4585 2492 4651; x_wconf 87' lang='lat' dir='ltr'>nascitur:</span> 
     </span>
     <span class='ocr_line' id='line_1_49' title="bbox 547 4669 2495 4754; baseline -0.001 -19"><span class='ocrx_word' id='word_1_360' title='bbox 547 4670 701 4753; x_wconf 88' lang='lat' dir='ltr'>quia</span> <span class='ocrx_word' id='word_1_361' title='bbox 756 4669 911 4733; x_wconf 91' lang='lat' dir='ltr'>dum</span> <span class='ocrx_word' id='word_1_362' title='bbox 978 4670 1244 4736; x_wconf 91' lang='lat' dir='ltr'>modum</span> <span class='ocrx_word' id='word_1_363' title='bbox 1305 4670 1543 4754; x_wconf 89' lang='lat' dir='ltr'>agendi</span> <span class='ocrx_word' id='word_1_364' title='bbox 1603 4693 1734 4737; x_wconf 91' lang='lat' dir='ltr'>non</span> <span class='ocrx_word' id='word_1_365' title='bbox 1800 4670 2211 4750; x_wconf 89' lang='lat' dir='ltr'>discernunt,</span> <span class='ocrx_word' id='word_1_366' title='bbox 2277 4671 2495 4736; x_wconf 91' lang='lat' dir='ltr'>Deum</span> 
     </span>
     <span class='ocr_line' id='line_1_50' title="bbox 542 4754 2498 4839; baseline -0.001 -18"><span class='ocrx_word' id='word_1_367' title='bbox 542 4755 760 4839; x_wconf 90' lang='lat' dir='ltr'>ipsum</span> <span class='ocrx_word' id='word_1_368' title='bbox 803 4754 1007 4838; x_wconf 89' lang='lat' dir='ltr'>impie</span> <span class='ocrx_word' id='word_1_369' title='bbox 1051 4755 1415 4839; x_wconf 88' lang='lat' dir='ltr'>discerpere</span> <span class='ocrx_word' id='word_1_370' title='bbox 1460 4778 1586 4822; x_wconf 90' lang='lat' dir='ltr'>non</span> <span class='ocrx_word' id='word_1_371' title='bbox 1634 4754 1952 4822; x_wconf 88' lang='lat' dir='ltr'>dubitant.</span> <span class='ocrx_word' id='word_1_372' title='bbox 2054 4757 2261 4821; x_wconf 78' lang='lat' dir='ltr'>Terra</span> <span class='ocrx_word' id='word_1_373' title='bbox 2304 4755 2498 4821; x_wconf 88' lang='lat' dir='ltr'>hodie</span> 
     </span>
     <span class='ocr_line' id='line_1_51' title="bbox 547 4838 2498 4908; baseline 0.001 -2"><span class='ocrx_word' id='word_1_374' title='bbox 547 4863 680 4906; x_wconf 89' lang='lat' dir='ltr'>non</span> <span class='ocrx_word' id='word_1_375' title='bbox 729 4838 1005 4906; x_wconf 85' lang='lat' dir='ltr'>dehiscit</span> <span class='ocrx_word' id='word_1_376' title='bbox 1048 4851 1125 4908; x_wconf 91' lang='lat' dir='ltr'>ut</span> <span class='ocrx_word' id='word_1_377' title='bbox 1167 4842 1444 4908; x_wconf 90' lang='lat' dir='ltr'>rebelles</span> <span class='ocrx_word' id='word_1_378' title='bbox 1488 4842 1862 4908; x_wconf 88' lang='lat' dir='ltr'>absorbeat:</span> <span class='ocrx_word' id='word_1_379' title='bbox 1924 4863 2053 4908; x_wconf 92' lang='lat' dir='ltr'>non</span> <span class='ocrx_word' id='word_1_380' title='bbox 2112 4842 2419 4907; x_wconf 77' lang='lat' dir='ltr'>fulminat</span> <span class='ocrx_word' id='word_1_381' title='bbox 2462 4863 2498 4907; x_wconf 93' lang='lat' dir='ltr'>e</span> 
     </span>
     <span class='ocr_line' id='line_1_52' title="bbox 545 4925 2499 4996; baseline -0.002 -3"><span class='ocrx_word' id='word_1_382' title='bbox 545 4928 725 4993; x_wconf 88' lang='lat' dir='ltr'>coelo</span> <span class='ocrx_word' id='word_1_383' title='bbox 761 4927 945 4992; x_wconf 89' lang='lat' dir='ltr'>Deus</span> <span class='ocrx_word' id='word_1_384' title='bbox 994 4929 1185 4995; x_wconf 85' lang='lat' dir='ltr'>sicuti</span> <span class='ocrx_word' id='word_1_385' title='bbox 1235 4928 1548 4995; x_wconf 90' lang='lat' dir='ltr'>adversus</span> <span class='ocrx_word' id='word_1_386' title='bbox 1585 4928 1966 4995; x_wconf 83' lang='lat' dir='ltr'>Sodomam:</span> <span class='ocrx_word' id='word_1_387' title='bbox 2015 4949 2148 4995; x_wconf 92' lang='lat' dir='ltr'>non</span> <span class='ocrx_word' id='word_1_388' title='bbox 2199 4925 2499 4996; x_wconf 87' lang='lat' dir='ltr'>accendit</span> 
     </span>
     <span class='ocr_line' id='line_1_53' title="bbox 542 5012 2498 5099; baseline -0.001 -20"><span class='ocrx_word' id='word_1_389' title='bbox 542 5014 766 5099; x_wconf 88' lang='lat' dir='ltr'>ignem</span> <span class='ocrx_word' id='word_1_390' title='bbox 825 5012 892 5077; x_wconf 92' lang='lat' dir='ltr'>in</span> <span class='ocrx_word' id='word_1_391' title='bbox 955 5015 1227 5081; x_wconf 87' lang='lat' dir='ltr'>urbibus</span> <span class='ocrx_word' id='word_1_392' title='bbox 1284 5015 1644 5093; x_wconf 86' lang='lat' dir='ltr'>sceleratis,</span> <span class='ocrx_word' id='word_1_393' title='bbox 1712 5015 1905 5081; x_wconf 86' lang='lat' dir='ltr'>sicut-i</span> <span class='ocrx_word' id='word_1_394' title='bbox 1947 5015 2101 5081; x_wconf 89' lang='lat' dir='ltr'>olim</span> <span class='ocrx_word' id='word_1_395' title='bbox 2147 5014 2216 5080; x_wconf 90' lang='lat' dir='ltr'>in</span> <span class='ocrx_word' id='word_1_396' title='bbox 2263 5014 2498 5082; x_wconf 89' lang='lat' dir='ltr'>castris</span> 
     </span>
     <span class='ocr_line' id='line_1_54' title="bbox 543 5099 2500 5184; baseline -0.001 -19"><span class='ocrx_word' id='word_1_397' title='bbox 543 5099 1026 5166; x_wconf 89' lang='lat' dir='ltr'>Israelitarum:</span> <span class='ocrx_word' id='word_1_398' title='bbox 1087 5122 1221 5166; x_wconf 91' lang='lat' dir='ltr'>non</span> <span class='ocrx_word' id='word_1_399' title='bbox 1281 5100 1609 5167; x_wconf 90' lang='lat' dir='ltr'>ebulliunt</span> <span class='ocrx_word' id='word_1_400' title='bbox 1666 5101 1947 5166; x_wconf 91' lang='lat' dir='ltr'>immissi</span> <span class='ocrx_word' id='word_1_401' title='bbox 1991 5109 2331 5184; x_wconf 86' lang='lat' dir='ltr'>serpentes</span> <span class='ocrx_word' id='word_1_402' title='bbox 2387 5101 2500 5184; x_wconf 91' lang='lat' dir='ltr'>qui</span> 
     </span>
     <span class='ocr_line' id='line_1_55' title="bbox 544 5184 2502 5273; baseline 0 -23"><span class='ocrx_word' id='word_1_403' title='bbox 544 5184 825 5252; x_wconf 88' lang='lat' dir='ltr'>lethales</span> <span class='ocrx_word' id='word_1_404' title='bbox 880 5205 1136 5252; x_wconf 89' lang='lat' dir='ltr'>morsus</span> <span class='ocrx_word' id='word_1_405' title='bbox 1202 5187 1539 5273; x_wconf 87' lang='lat' dir='ltr'>infligant:</span> <span class='ocrx_word' id='word_1_406' title='bbox 1606 5187 1885 5269; x_wconf 89' lang='lat' dir='ltr'>denique</span> <span class='ocrx_word' id='word_1_407' title='bbox 1950 5209 2085 5252; x_wconf 91' lang='lat' dir='ltr'>non</span> <span class='ocrx_word' id='word_1_408' title='bbox 2151 5200 2502 5254; x_wconf 83' lang='lat' dir='ltr'>versantur</span> 
     </span>
     <span class='ocr_line' id='line_1_56' title="bbox 544 5272 2498 5356; baseline 0.001 -19"><span class='ocrx_word' id='word_1_409' title='bbox 544 5272 834 5355; x_wconf 88' lang='lat' dir='ltr'>quotidie</span> <span class='ocrx_word' id='word_1_410' title='bbox 873 5283 1028 5337; x_wconf 87' lang='lat' dir='ltr'>ante</span> <span class='ocrx_word' id='word_1_411' title='bbox 1070 5274 1290 5341; x_wconf 90' lang='lat' dir='ltr'>oculos</span> <span class='ocrx_word' id='word_1_412' title='bbox 1326 5283 1459 5340; x_wconf 90' lang='lat' dir='ltr'>tam</span> <span class='ocrx_word' id='word_1_413' title='bbox 1497 5274 1845 5340; x_wconf 84' lang='lat' dir='ltr'>manifest-a</span> <span class='ocrx_word' id='word_1_414' title='bbox 1881 5293 2239 5356; x_wconf 90' lang='lat' dir='ltr'>poenarum</span> <span class='ocrx_word' id='word_1_415' title='bbox 2278 5293 2498 5339; x_wconf 89' lang='lat' dir='ltr'>exem-</span> 
     </span>
     <span class='ocr_line' id='line_1_57' title="bbox 544 5357 2501 5443; baseline 0 -20"><span class='ocrx_word' id='word_1_416' title='bbox 544 5357 675 5442; x_wconf 88' lang='lat' dir='ltr'>pla,</span> <span class='ocrx_word' id='word_1_417' title='bbox 739 5378 906 5443; x_wconf 89' lang='lat' dir='ltr'>quae</span> <span class='ocrx_word' id='word_1_418' title='bbox 969 5359 1191 5426; x_wconf 91' lang='lat' dir='ltr'>Deum</span> <span class='ocrx_word' id='word_1_419' title='bbox 1259 5358 1735 5426; x_wconf 83' lang='lat' dir='ltr'>formidabilem</span> <span class='ocrx_word' id='word_1_420' title='bbox 1803 5360 2181 5425; x_wconf 86' lang='lat' dir='ltr'>ostendant:</span> <span class='ocrx_word' id='word_1_421' title='bbox 2263 5377 2501 5443; x_wconf 90' lang='lat' dir='ltr'>nempe</span> 
     </span>
    </p>
   </div>
   <div class='ocr_carea' id='block_1_5' title="bbox 2549 651 2564 5432">
    <p class='ocr_par' dir='ltr' id='par_1_5' title="bbox 2549 651 2564 5432">
     <span class='ocr_line' id='line_1_58' title="bbox 2549 651 2564 5432; baseline 0 0"><span class='ocrx_word' id='word_1_422' title='bbox 2549 651 2564 5432; x_wconf 95' lang='lat' dir='ltr'> </span> 
     </span>
    </p>
   </div>
   <div class='ocr_carea' id='block_1_6' title="bbox 2595 625 4561 5443">
    <p class='ocr_par' dir='ltr' id='par_1_6' title="bbox 2603 625 4561 2497">
     <span class='ocr_line' id='line_1_59' title="bbox 2610 625 4560 712; baseline -0.001 -21"><span class='ocrx_word' id='word_1_423' title='bbox 2610 625 2768 709; x_wconf 90' lang='lat' dir='ltr'>quia</span> <span class='ocrx_word' id='word_1_424' title='bbox 2823 626 3018 712; x_wconf 90' lang='lat' dir='ltr'>longe</span> <span class='ocrx_word' id='word_1_425' title='bbox 3074 626 3313 694; x_wconf 89' lang='lat' dir='ltr'>clarius</span> <span class='ocrx_word' id='word_1_426' title='bbox 3371 628 3440 692; x_wconf 92' lang='lat' dir='ltr'>in</span> <span class='ocrx_word' id='word_1_427' title='bbox 3501 625 3769 694; x_wconf 90' lang='lat' dir='ltr'>auribus</span> <span class='ocrx_word' id='word_1_428' title='bbox 3827 626 4072 693; x_wconf 89' lang='lat' dir='ltr'>nostris</span> <span class='ocrx_word' id='word_1_429' title='bbox 4118 625 4388 692; x_wconf 89' lang='lat' dir='ltr'>detonat</span> <span class='ocrx_word' id='word_1_430' title='bbox 4430 645 4560 692; x_wconf 83' lang='lat' dir='ltr'>vox</span> 
     </span>
     <span class='ocr_line' id='line_1_60' title="bbox 2608 711 4558 799; baseline 0.001 -23"><span class='ocrx_word' id='word_1_431' title='bbox 2608 712 2951 797; x_wconf 86' lang='lat' dir='ltr'>evangelii,</span> <span class='ocrx_word' id='word_1_432' title='bbox 2996 713 3187 796; x_wconf 87' lang='lat' dir='ltr'>quasi</span> <span class='ocrx_word' id='word_1_433' title='bbox 3230 712 3428 779; x_wconf 89' lang='lat' dir='ltr'>tubae</span> <span class='ocrx_word' id='word_1_434' title='bbox 3469 714 3757 799; x_wconf 88' lang='lat' dir='ltr'>clangor,</span> <span class='ocrx_word' id='word_1_435' title='bbox 3805 734 3930 798; x_wconf 89' lang='lat' dir='ltr'>qna</span> <span class='ocrx_word' id='word_1_436' title='bbox 3972 715 4252 779; x_wconf 89' lang='lat' dir='ltr'>citamur</span> <span class='ocrx_word' id='word_1_437' title='bbox 4295 711 4376 778; x_wconf 92' lang='lat' dir='ltr'>ad</span> <span class='ocrx_word' id='word_1_438' title='bbox 4419 732 4558 777; x_wconf 93' lang='lat' dir='ltr'>coe·</span> 
     </span>
     <span class='ocr_line' id='line_1_61' title="bbox 2606 796 4560 884; baseline 0.001 -23"><span class='ocrx_word' id='word_1_439' title='bbox 2606 796 2772 862; x_wconf 91' lang='lat' dir='ltr'>leste</span> <span class='ocrx_word' id='word_1_440' title='bbox 2832 797 3086 864; x_wconf 85' lang='lat' dir='ltr'>Christi</span> <span class='ocrx_word' id='word_1_441' title='bbox 3142 798 3450 865; x_wconf 87' lang='lat' dir='ltr'>tribunal.</span> <span class='ocrx_word' id='word_1_442' title='bbox 3539 800 3722 884; x_wconf 87' lang='lat' dir='ltr'>Ergo</span> <span class='ocrx_word' id='word_1_443' title='bbox 3781 799 3863 866; x_wconf 90' lang='lat' dir='ltr'>ad</span> <span class='ocrx_word' id='word_1_444' title='bbox 3921 799 4106 865; x_wconf 90' lang='lat' dir='ltr'>illam</span> <span class='ocrx_word' id='word_1_445' title='bbox 4166 800 4560 865; x_wconf 89' lang='lat' dir='ltr'>sententiam</span> 
     </span>
     <span class='ocr_line' id='line_1_62' title="bbox 2606 883 4558 970; baseline 0 -23"><span class='ocrx_word' id='word_1_446' title='bbox 2606 885 3109 951; x_wconf 87' lang='lat' dir='ltr'>contremiscere</span> <span class='ocrx_word' id='word_1_447' title='bbox 3154 883 3501 966; x_wconf 89' lang='lat' dir='ltr'>discamus,</span> <span class='ocrx_word' id='word_1_448' title='bbox 3547 906 3712 969; x_wconf 89' lang='lat' dir='ltr'>quae</span> <span class='ocrx_word' id='word_1_449' title='bbox 3757 906 3794 951; x_wconf 90' lang='lat' dir='ltr'>a</span> <span class='ocrx_word' id='word_1_450' title='bbox 3840 906 4045 970; x_wconf 87' lang='lat' dir='ltr'>regno</span> <span class='ocrx_word' id='word_1_451' title='bbox 4083 884 4211 950; x_wconf 93' lang='lat' dir='ltr'>Dei</span> <span class='ocrx_word' id='word_1_452' title='bbox 4245 884 4558 949; x_wconf 88' lang='lat' dir='ltr'>extermi-</span> 
     </span>
     <span class='ocr_line' id='line_1_63' title="bbox 2608 969 4561 1056; baseline 0.002 -24"><span class='ocrx_word' id='word_1_453' title='bbox 2608 978 2727 1033; x_wconf 85' lang='lat' dir='ltr'>nat</span> <span class='ocrx_word' id='word_1_454' title='bbox 2769 990 2999 1035; x_wconf 91' lang='lat' dir='ltr'>omnes</span> <span class='ocrx_word' id='word_1_455' title='bbox 3042 969 3413 1038; x_wconf 89' lang='lat' dir='ltr'>sceleratos.</span> <span class='ocrx_word' id='word_1_456' title='bbox 3485 969 3598 1038; x_wconf 88' lang='lat' dir='ltr'>Sic</span> <span class='ocrx_word' id='word_1_457' title='bbox 3642 992 3725 1036; x_wconf 88' lang='lat' dir='ltr'>ex</span> <span class='ocrx_word' id='word_1_458' title='bbox 3769 972 4064 1056; x_wconf 90' lang='lat' dir='ltr'>opposito</span> <span class='ocrx_word' id='word_1_459' title='bbox 4110 991 4241 1036; x_wconf 91' lang='lat' dir='ltr'>non</span> <span class='ocrx_word' id='word_1_460' title='bbox 4287 978 4561 1053; x_wconf 89' lang='lat' dir='ltr'>apparet</span> 
     </span>
     <span class='ocr_line' id='line_1_64' title="bbox 2607 1055 4558 1135; baseline -0.001 -14"><span class='ocrx_word' id='word_1_461' title='bbox 2607 1056 2810 1135; x_wconf 91' lang='lat' dir='ltr'>Deus,</span> <span class='ocrx_word' id='word_1_462' title='bbox 2846 1067 2921 1122; x_wconf 87' lang='lat' dir='ltr'>ut</span> <span class='ocrx_word' id='word_1_463' title='bbox 2956 1055 3131 1135; x_wconf 92' lang='lat' dir='ltr'>olim,</span> <span class='ocrx_word' id='word_1_464' title='bbox 3171 1078 3442 1123; x_wconf 89' lang='lat' dir='ltr'>suorum</span> <span class='ocrx_word' id='word_1_465' title='bbox 3477 1071 3930 1124; x_wconf 90' lang='lat' dir='ltr'>remunerator</span> <span class='ocrx_word' id='word_1_466' title='bbox 3949 1057 4022 1121; x_wconf 89' lang='lat' dir='ltr'>in</span> <span class='ocrx_word' id='word_1_467' title='bbox 4046 1056 4325 1122; x_wconf 90' lang='lat' dir='ltr'>terrenis</span> <span class='ocrx_word' id='word_1_468' title='bbox 4361 1056 4558 1122; x_wconf 93' lang='lat' dir='ltr'>bene-</span> 
     </span>
     <span class='ocr_line' id='line_1_65' title="bbox 2608 1140 4559 1227; baseline 0 -21"><span class='ocrx_word' id='word_1_469' title='bbox 2608 1140 3031 1208; x_wconf 90' lang='lat' dir='ltr'>dictionibus:</span> <span class='ocrx_word' id='word_1_470' title='bbox 3078 1164 3314 1227; x_wconf 91' lang='lat' dir='ltr'>nempe</span> <span class='ocrx_word' id='word_1_471' title='bbox 3358 1145 3512 1227; x_wconf 86' lang='lat' dir='ltr'>quia</span> <span class='ocrx_word' id='word_1_472' title='bbox 3553 1145 3795 1209; x_wconf 89' lang='lat' dir='ltr'>mortui</span> <span class='ocrx_word' id='word_1_473' title='bbox 3839 1164 4085 1220; x_wconf 90' lang='lat' dir='ltr'>sumus,</span> <span class='ocrx_word' id='word_1_474' title='bbox 4132 1153 4198 1207; x_wconf 96' lang='lat' dir='ltr'>et</span> <span class='ocrx_word' id='word_1_475' title='bbox 4233 1142 4371 1209; x_wconf 83' lang='lat' dir='ltr'>vita</span> <span class='ocrx_word' id='word_1_476' title='bbox 4404 1162 4559 1206; x_wconf 89' lang='lat' dir='ltr'>nos-</span> 
     </span>
     <span class='ocr_line' id='line_1_66' title="bbox 2607 1227 4559 1312; baseline 0.001 -20"><span class='ocrx_word' id='word_1_477' title='bbox 2607 1234 2710 1292; x_wconf 83' lang='lat' dir='ltr'>tra</span> <span class='ocrx_word' id='word_1_478' title='bbox 2768 1227 3149 1295; x_wconf 85' lang='lat' dir='ltr'>abscondit-a</span> <span class='ocrx_word' id='word_1_479' title='bbox 3204 1236 3308 1295; x_wconf 90' lang='lat' dir='ltr'>est</span> <span class='ocrx_word' id='word_1_480' title='bbox 3350 1251 3502 1296; x_wconf 89' lang='lat' dir='ltr'>cum</span> <span class='ocrx_word' id='word_1_481' title='bbox 3550 1228 3817 1295; x_wconf 81' lang='lat' dir='ltr'>Christo</span> <span class='ocrx_word' id='word_1_482' title='bbox 3872 1230 3939 1294; x_wconf 92' lang='lat' dir='ltr'>in</span> <span class='ocrx_word' id='word_1_483' title='bbox 3986 1230 4164 1295; x_wconf 92' lang='lat' dir='ltr'>Deo:</span> <span class='ocrx_word' id='word_1_484' title='bbox 4225 1228 4378 1312; x_wconf 87' lang='lat' dir='ltr'>quia</span> <span class='ocrx_word' id='word_1_485' title='bbox 4435 1248 4559 1294; x_wconf 90' lang='lat' dir='ltr'>nos</span> 
     </span>
     <span class='ocr_line' id='line_1_67' title="bbox 2607 1313 4560 1400; baseline -0.001 -20"><span class='ocrx_word' id='word_1_486' title='bbox 2607 1315 3004 1398; x_wconf 88' lang='lat' dir='ltr'>configurari</span> <span class='ocrx_word' id='word_1_487' title='bbox 3072 1315 3270 1398; x_wconf 88' lang='lat' dir='ltr'>capiti</span> <span class='ocrx_word' id='word_1_488' title='bbox 3335 1322 3563 1382; x_wconf 89' lang='lat' dir='ltr'>nostro</span> <span class='ocrx_word' id='word_1_489' title='bbox 3629 1321 3886 1400; x_wconf 88' lang='lat' dir='ltr'>oportet</span> <span class='ocrx_word' id='word_1_490' title='bbox 3902 1366 3917 1392; x_wconf 87' lang='lat'>,</span> <span class='ocrx_word' id='word_1_491' title='bbox 3997 1322 4064 1381; x_wconf 92' lang='lat' dir='ltr'>et</span> <span class='ocrx_word' id='word_1_492' title='bbox 4128 1335 4244 1398; x_wconf 89' lang='lat' dir='ltr'>per</span> <span class='ocrx_word' id='word_1_493' title='bbox 4314 1313 4560 1379; x_wconf 85' lang='lat' dir='ltr'>multas</span> 
     </span>
     <span class='ocr_line' id='line_1_68' title="bbox 2608 1399 4556 1486; baseline 0 -21"><span class='ocrx_word' id='word_1_494' title='bbox 2608 1399 2991 1466; x_wconf 86' lang='lat' dir='ltr'>afflictiones</span> <span class='ocrx_word' id='word_1_495' title='bbox 3034 1399 3290 1485; x_wconf 89' lang='lat' dir='ltr'>ingredi</span> <span class='ocrx_word' id='word_1_496' title='bbox 3335 1402 3404 1466; x_wconf 93' lang='lat' dir='ltr'>in</span> <span class='ocrx_word' id='word_1_497' title='bbox 3449 1422 3730 1486; x_wconf 89' lang='lat' dir='ltr'>regnum</span> <span class='ocrx_word' id='word_1_498' title='bbox 3768 1400 4115 1467; x_wconf 90' lang='lat' dir='ltr'>coelorum.</span> <span class='ocrx_word' id='word_1_499' title='bbox 4159 1399 4392 1484; x_wconf 87' lang='lat' dir='ltr'>Itaque</span> <span class='ocrx_word' id='word_1_500' title='bbox 4428 1420 4556 1483; x_wconf 90' lang='lat' dir='ltr'>quo</span> 
     </span>
     <span class='ocr_line' id='line_1_69' title="bbox 2607 1484 4556 1571; baseline -0.001 -21"><span class='ocrx_word' id='word_1_501' title='bbox 2607 1485 2904 1568; x_wconf 89' lang='lat' dir='ltr'>pluribus</span> <span class='ocrx_word' id='word_1_502' title='bbox 2962 1485 3244 1553; x_wconf 90' lang='lat' dir='ltr'>miseriis</span> <span class='ocrx_word' id='word_1_503' title='bbox 3307 1488 3674 1571; x_wconf 90' lang='lat' dir='ltr'>premimur</span> <span class='ocrx_word' id='word_1_504' title='bbox 3689 1539 3705 1567; x_wconf 91' lang='lat'>,</span> <span class='ocrx_word' id='word_1_505' title='bbox 3772 1508 3849 1553; x_wconf 92' lang='lat' dir='ltr'>eo</span> <span class='ocrx_word' id='word_1_506' title='bbox 3911 1485 4196 1554; x_wconf 89' lang='lat' dir='ltr'>alacrius</span> <span class='ocrx_word' id='word_1_507' title='bbox 4255 1484 4556 1550; x_wconf 89' lang='lat' dir='ltr'>attollere</span> 
     </span>
     <span class='ocr_line' id='line_1_70' title="bbox 2606 1571 4556 1656; baseline -0.002 -18"><span class='ocrx_word' id='word_1_508' title='bbox 2606 1592 2868 1638; x_wconf 91' lang='lat' dir='ltr'>sursum</span> <span class='ocrx_word' id='word_1_509' title='bbox 2912 1573 3127 1656; x_wconf 89' lang='lat' dir='ltr'>capita</span> <span class='ocrx_word' id='word_1_510' title='bbox 3172 1584 3399 1639; x_wconf 89' lang='lat' dir='ltr'>nostra</span> <span class='ocrx_word' id='word_1_511' title='bbox 3441 1574 3771 1652; x_wconf 85' lang='lat' dir='ltr'>convenit,</span> <span class='ocrx_word' id='word_1_512' title='bbox 3817 1572 4022 1640; x_wconf 87' lang='lat' dir='ltr'>donec</span> <span class='ocrx_word' id='word_1_513' title='bbox 4064 1574 4135 1637; x_wconf 91' lang='lat' dir='ltr'>in</span> <span class='ocrx_word' id='word_1_514' title='bbox 4179 1571 4556 1638; x_wconf 89' lang='lat' dir='ltr'>societatem</span> 
     </span>
     <span class='ocr_line' id='line_1_71' title="bbox 2607 1656 4556 1744; baseline -0.001 -21"><span class='ocrx_word' id='word_1_515' title='bbox 2607 1677 2765 1723; x_wconf 88' lang='lat' dir='ltr'>suae</span> <span class='ocrx_word' id='word_1_516' title='bbox 2808 1656 3056 1742; x_wconf 86' lang='lat' dir='ltr'>gloriae</span> <span class='ocrx_word' id='word_1_517' title='bbox 3099 1679 3219 1725; x_wconf 88' lang='lat' dir='ltr'>nos</span> <span class='ocrx_word' id='word_1_518' title='bbox 3254 1658 3562 1726; x_wconf 82' lang='lat' dir='ltr'>Christus</span> <span class='ocrx_word' id='word_1_519' title='bbox 3597 1659 3881 1744; x_wconf 86' lang='lat' dir='ltr'>colligat,</span> <span class='ocrx_word' id='word_1_520' title='bbox 3926 1666 3991 1724; x_wconf 91' lang='lat' dir='ltr'>et</span> <span class='ocrx_word' id='word_1_521' title='bbox 4027 1659 4095 1723; x_wconf 90' lang='lat' dir='ltr'>in</span> <span class='ocrx_word' id='word_1_522' title='bbox 4131 1679 4328 1725; x_wconf 88' lang='lat' dir='ltr'>cursu</span> <span class='ocrx_word' id='word_1_523' title='bbox 4365 1676 4556 1724; x_wconf 85' lang='lat' dir='ltr'>voca-</span> 
     </span>
     <span class='ocr_line' id='line_1_72' title="bbox 2606 1744 4556 1830; baseline -0.001 -22"><span class='ocrx_word' id='word_1_524' title='bbox 2606 1744 2805 1809; x_wconf 85' lang='lat' dir='ltr'>tionis</span> <span class='ocrx_word' id='word_1_525' title='bbox 2848 1754 3109 1809; x_wconf 88' lang='lat' dir='ltr'>nostrae</span> <span class='ocrx_word' id='word_1_526' title='bbox 3154 1766 3443 1830; x_wconf 86' lang='lat' dir='ltr'>pergere,</span> <span class='ocrx_word' id='word_1_527' title='bbox 3487 1756 3756 1829; x_wconf 89' lang='lat' dir='ltr'>propter</span> <span class='ocrx_word' id='word_1_528' title='bbox 3799 1765 3985 1829; x_wconf 91' lang='lat' dir='ltr'>spem</span> <span class='ocrx_word' id='word_1_529' title='bbox 4029 1764 4194 1828; x_wconf 91' lang='lat' dir='ltr'>quae</span> <span class='ocrx_word' id='word_1_530' title='bbox 4229 1744 4416 1808; x_wconf 91' lang='lat' dir='ltr'>nobis</span> <span class='ocrx_word' id='word_1_531' title='bbox 4450 1762 4556 1807; x_wconf 91' lang='lat' dir='ltr'>re-</span> 
     </span>
     <span class='ocr_line' id='line_1_73' title="bbox 2606 1830 4558 1916; baseline -0.001 -22"><span class='ocrx_word' id='word_1_532' title='bbox 2606 1830 2817 1913; x_wconf 89' lang='lat' dir='ltr'>posita</span> <span class='ocrx_word' id='word_1_533' title='bbox 2861 1838 2962 1895; x_wconf 90' lang='lat' dir='ltr'>est</span> <span class='ocrx_word' id='word_1_534' title='bbox 3003 1830 3073 1894; x_wconf 91' lang='lat' dir='ltr'>in</span> <span class='ocrx_word' id='word_1_535' title='bbox 3118 1830 3327 1897; x_wconf 91' lang='lat' dir='ltr'>coelo:</span> <span class='ocrx_word' id='word_1_536' title='bbox 3392 1830 3671 1915; x_wconf 92' lang='lat' dir='ltr'>denique</span> <span class='ocrx_word' id='word_1_537' title='bbox 3714 1830 4034 1916; x_wconf 85' lang='lat' dir='ltr'>abnegata</span> <span class='ocrx_word' id='word_1_538' title='bbox 4077 1830 4436 1913; x_wconf 87' lang='lat' dir='ltr'>impietate,</span> <span class='ocrx_word' id='word_1_539' title='bbox 4487 1835 4558 1893; x_wconf 90' lang='lat' dir='ltr'>et</span> 
     </span>
     <span class='ocr_line' id='line_1_74' title="bbox 2605 1912 4556 2000; baseline 0 -20"><span class='ocrx_word' id='word_1_540' title='bbox 2605 1914 2961 1982; x_wconf 89' lang='lat' dir='ltr'>mundanis</span> <span class='ocrx_word' id='word_1_541' title='bbox 3006 1914 3375 1997; x_wconf 89' lang='lat' dir='ltr'>desideriis,</span> <span class='ocrx_word' id='word_1_542' title='bbox 3433 1917 3649 1984; x_wconf 88' lang='lat' dir='ltr'>sobrie</span> <span class='ocrx_word' id='word_1_543' title='bbox 3692 1924 3758 1983; x_wconf 92' lang='lat' dir='ltr'>et</span> <span class='ocrx_word' id='word_1_544' title='bbox 3800 1917 3970 1982; x_wconf 90' lang='lat' dir='ltr'>iuste</span> <span class='ocrx_word' id='word_1_545' title='bbox 4015 1924 4081 1981; x_wconf 92' lang='lat' dir='ltr'>et</span> <span class='ocrx_word' id='word_1_546' title='bbox 4123 1916 4230 2000; x_wconf 94' lang='lat' dir='ltr'>pie</span> <span class='ocrx_word' id='word_1_547' title='bbox 4272 1912 4556 1982; x_wconf 82' lang='lat' dir='ltr'>vivendo</span> 
     </span>
     <span class='ocr_line' id='line_1_75' title="bbox 2607 2000 4557 2086; baseline 0 -19"><span class='ocrx_word' id='word_1_548' title='bbox 2607 2013 2989 2085; x_wconf 86' lang='lat' dir='ltr'>exspectare</span> <span class='ocrx_word' id='word_1_549' title='bbox 3045 2001 3306 2067; x_wconf 88' lang='lat' dir='ltr'>beatam</span> <span class='ocrx_word' id='word_1_550' title='bbox 3360 2023 3542 2086; x_wconf 90' lang='lat' dir='ltr'>spem</span> <span class='ocrx_word' id='word_1_551' title='bbox 3559 2054 3577 2083; x_wconf 92' lang='lat'>,</span> <span class='ocrx_word' id='word_1_552' title='bbox 3643 2012 3710 2069; x_wconf 91' lang='lat' dir='ltr'>et</span> <span class='ocrx_word' id='word_1_553' title='bbox 3766 2001 4240 2086; x_wconf 88' lang='lat' dir='ltr'>apparitionem</span> <span class='ocrx_word' id='word_1_554' title='bbox 4307 2000 4557 2084; x_wconf 86' lang='lat' dir='ltr'>gloriae</span> 
     </span>
     <span class='ocr_line' id='line_1_76' title="bbox 2604 2085 4554 2173; baseline -0.001 -21"><span class='ocrx_word' id='word_1_555' title='bbox 2604 2087 2833 2173; x_wconf 88' lang='lat' dir='ltr'>magni</span> <span class='ocrx_word' id='word_1_556' title='bbox 2871 2086 3022 2168; x_wconf 93' lang='lat' dir='ltr'>Dei,</span> <span class='ocrx_word' id='word_1_557' title='bbox 3068 2096 3134 2153; x_wconf 90' lang='lat' dir='ltr'>et</span> <span class='ocrx_word' id='word_1_558' title='bbox 3177 2089 3532 2155; x_wconf 86' lang='lat' dir='ltr'>servatoris</span> <span class='ocrx_word' id='word_1_559' title='bbox 3575 2090 3784 2155; x_wconf 87' lang='lat' dir='ltr'>nostri</span> <span class='ocrx_word' id='word_1_560' title='bbox 3807 2088 3957 2156; x_wconf 89' lang='lat' dir='ltr'>Iesu</span> <span class='ocrx_word' id='word_1_561' title='bbox 3983 2087 4254 2154; x_wconf 81' lang='lat' dir='ltr'>Christi.</span> <span class='ocrx_word' id='word_1_562' title='bbox 4298 2085 4554 2151; x_wconf 87' lang='lat' dir='ltr'>Verum</span> 
     </span>
     <span class='ocr_line' id='line_1_77' title="bbox 2603 2170 4555 2262; baseline 0 -24"><span class='ocrx_word' id='word_1_563' title='bbox 2603 2173 2866 2258; x_wconf 90' lang='lat' dir='ltr'>quidem</span> <span class='ocrx_word' id='word_1_564' title='bbox 2912 2193 3056 2241; x_wconf 92' lang='lat' dir='ltr'>esse</span> <span class='ocrx_word' id='word_1_565' title='bbox 3097 2175 3306 2240; x_wconf 87' lang='lat' dir='ltr'>fateor</span> <span class='ocrx_word' id='word_1_566' title='bbox 3350 2174 3523 2258; x_wconf 92' lang='lat' dir='ltr'>quod</span> <span class='ocrx_word' id='word_1_567' title='bbox 3568 2173 3753 2241; x_wconf 91' lang='lat' dir='ltr'>docet</span> <span class='ocrx_word' id='word_1_568' title='bbox 3785 2174 4035 2241; x_wconf 90' lang='lat' dir='ltr'>Paulus</span> <span class='ocrx_word' id='word_1_569' title='bbox 4076 2172 4163 2262; x_wconf 90' lang='lat'>(1.</span> <span class='ocrx_word' id='word_1_570' title='bbox 4189 2173 4357 2238; x_wconf 72' lang='lat' dir='ltr'>Tim.</span> <span class='ocrx_word' id='word_1_571' title='bbox 4382 2171 4444 2253; x_wconf 87' lang='lat'>4,</span> <span class='ocrx_word' id='word_1_572' title='bbox 4467 2170 4555 2259; x_wconf 88' lang='lat'>8),</span> 
     </span>
     <span class='ocr_line' id='line_1_78' title="bbox 2604 2258 4554 2346; baseline -0.001 -22"><span class='ocrx_word' id='word_1_573' title='bbox 2604 2260 2921 2344; x_wconf 90' lang='lat' dir='ltr'>pietatem</span> <span class='ocrx_word' id='word_1_574' title='bbox 2985 2258 3179 2326; x_wconf 90' lang='lat' dir='ltr'>hodie</span> <span class='ocrx_word' id='word_1_575' title='bbox 3244 2281 3500 2344; x_wconf 90' lang='lat' dir='ltr'>quoque</span> <span class='ocrx_word' id='word_1_576' title='bbox 3562 2259 3805 2327; x_wconf 90' lang='lat' dir='ltr'>habere</span> <span class='ocrx_word' id='word_1_577' title='bbox 3878 2260 4340 2346; x_wconf 87' lang='lat' dir='ltr'>promissiones</span> <span class='ocrx_word' id='word_1_578' title='bbox 4419 2270 4554 2323; x_wconf 89' lang='lat' dir='ltr'>tam</span> 
     </span>
     <span class='ocr_line' id='line_1_79' title="bbox 2604 2344 4555 2497; baseline -0.001 -87"><span class='ocrx_word' id='word_1_579' title='bbox 2604 2346 2970 2497; x_wconf 55' lang='lat' dir='ltr'>praesent-is</span> <span class='ocrx_word' id='word_1_580' title='bbox 3033 2366 3229 2430; x_wconf 89' lang='lat' dir='ltr'>quam</span> <span class='ocrx_word' id='word_1_581' title='bbox 3296 2348 3556 2412; x_wconf 88' lang='lat' dir='ltr'>futurae</span> <span class='ocrx_word' id='word_1_582' title='bbox 3620 2347 3814 2412; x_wconf 79' lang='lat' dir='ltr'>vitae.</span> <span class='ocrx_word' id='word_1_583' title='bbox 3924 2347 4016 2412; x_wconf 86' lang='lat' dir='ltr'>Et</span> <span class='ocrx_word' id='word_1_584' title='bbox 4087 2352 4265 2413; x_wconf 91' lang='lat' dir='ltr'>certe</span> <span class='ocrx_word' id='word_1_585' title='bbox 4329 2344 4555 2410; x_wconf 86' lang='lat' dir='ltr'>fideles</span> 
     </span>
    </p>

    <p class='ocr_par' dir='ltr' id='par_1_7' title="bbox 2596 2428 4557 4409">
     <span class='ocr_line' id='line_1_80' title="bbox 2649 2428 4552 2517; baseline -0.001 -20"><span class='ocrx_word' id='word_1_586' title='bbox 2649 2431 3074 2498; x_wconf 89' lang='lat' dir='ltr'>eatitudinem</span> <span class='ocrx_word' id='word_1_587' title='bbox 3141 2453 3270 2515; x_wconf 90' lang='lat' dir='ltr'>qua</span> <span class='ocrx_word' id='word_1_588' title='bbox 3336 2431 3417 2497; x_wconf 89' lang='lat' dir='ltr'>ad</span> <span class='ocrx_word' id='word_1_589' title='bbox 3485 2433 3855 2498; x_wconf 88' lang='lat' dir='ltr'>satietatem</span> <span class='ocrx_word' id='word_1_590' title='bbox 3931 2453 4142 2517; x_wconf 91' lang='lat' dir='ltr'>usque</span> <span class='ocrx_word' id='word_1_591' title='bbox 4221 2431 4289 2496; x_wconf 93' lang='lat' dir='ltr'>in</span> <span class='ocrx_word' id='word_1_592' title='bbox 4368 2428 4552 2498; x_wconf 92' lang='lat' dir='ltr'>coelo</span> 
     </span>
     <span class='ocr_line' id='line_1_81' title="bbox 2604 2515 4556 2604; baseline -0.002 -21"><span class='ocrx_word' id='word_1_593' title='bbox 2604 2517 2925 2598; x_wconf 83' lang='lat' dir='ltr'>fruentur,</span> <span class='ocrx_word' id='word_1_594' title='bbox 2970 2517 3100 2584; x_wconf 89' lang='lat' dir='ltr'>iam</span> <span class='ocrx_word' id='word_1_595' title='bbox 3147 2518 3217 2583; x_wconf 93' lang='lat' dir='ltr'>in</span> <span class='ocrx_word' id='word_1_596' title='bbox 3262 2525 3441 2584; x_wconf 89' lang='lat' dir='ltr'>terra</span> <span class='ocrx_word' id='word_1_597' title='bbox 3476 2518 3847 2604; x_wconf 86' lang='lat' dir='ltr'>degustant.</span> <span class='ocrx_word' id='word_1_598' title='bbox 3936 2519 4119 2584; x_wconf 91' lang='lat' dir='ltr'>Deus</span> <span class='ocrx_word' id='word_1_599' title='bbox 4172 2537 4426 2601; x_wconf 87' lang='lat' dir='ltr'>quoque</span> <span class='ocrx_word' id='word_1_600' title='bbox 4483 2515 4556 2580; x_wconf 89' lang='lat' dir='ltr'>in</span> 
     </span>
     <span class='ocr_line' id='line_1_82' title="bbox 2606 2602 4557 2688; baseline -0.001 -20"><span class='ocrx_word' id='word_1_601' title='bbox 2606 2603 2784 2671; x_wconf 90' lang='lat' dir='ltr'>hunc</span> <span class='ocrx_word' id='word_1_602' title='bbox 2848 2606 3047 2670; x_wconf 87' lang='lat' dir='ltr'>finem</span> <span class='ocrx_word' id='word_1_603' title='bbox 3116 2625 3238 2670; x_wconf 91' lang='lat' dir='ltr'>sua</span> <span class='ocrx_word' id='word_1_604' title='bbox 3300 2602 3619 2672; x_wconf 87' lang='lat' dir='ltr'>adversus</span> <span class='ocrx_word' id='word_1_605' title='bbox 3684 2605 3919 2688; x_wconf 89' lang='lat' dir='ltr'>impios</span> <span class='ocrx_word' id='word_1_606' title='bbox 3981 2602 4222 2670; x_wconf 90' lang='lat' dir='ltr'>iudicia</span> <span class='ocrx_word' id='word_1_607' title='bbox 4275 2609 4557 2681; x_wconf 86' lang='lat' dir='ltr'>exercet,</span> 
     </span>
     <span class='ocr_line' id='line_1_83' title="bbox 2607 2687 4555 2788; baseline -0.001 -33"><span class='ocrx_word' id='word_1_608' title='bbox 2607 2709 2774 2775; x_wconf 89' lang='lat' dir='ltr'>quae</span> <span class='ocrx_word' id='word_1_609' title='bbox 2828 2710 2949 2755; x_wconf 90' lang='lat' dir='ltr'>nos</span> <span class='ocrx_word' id='word_1_610' title='bbox 3004 2691 3284 2756; x_wconf 85' lang='lat' dir='ltr'>extremi</span> <span class='ocrx_word' id='word_1_611' title='bbox 3337 2690 3557 2757; x_wconf 90' lang='lat' dir='ltr'>iudicii</span> <span class='ocrx_word' id='word_1_612' title='bbox 3622 2687 4032 2756; x_wconf 88' lang='lat' dir='ltr'>admoneant.</span> <span class='ocrx_word' id='word_1_613' title='bbox 4122 2688 4258 2756; x_wconf 81' lang='lat' dir='ltr'>Sed</span> <span class='ocrx_word' id='word_1_614' title='bbox 4302 2688 4555 2788; x_wconf 87' lang='lat' dir='ltr'>perspi-</span> 
     </span>
     <span class='ocr_line' id='line_1_84' title="bbox 2606 2773 4556 2860; baseline -0.001 -18"><span class='ocrx_word' id='word_1_615' title='bbox 2606 2796 2807 2842; x_wconf 90' lang='lat' dir='ltr'>cuum</span> <span class='ocrx_word' id='word_1_616' title='bbox 2850 2777 3107 2841; x_wconf 89' lang='lat' dir='ltr'>interea</span> <span class='ocrx_word' id='word_1_617' title='bbox 3150 2785 3252 2842; x_wconf 90' lang='lat' dir='ltr'>est</span> <span class='ocrx_word' id='word_1_618' title='bbox 3309 2775 3655 2843; x_wconf 90' lang='lat' dir='ltr'>discrimen</span> <span class='ocrx_word' id='word_1_619' title='bbox 3714 2774 3880 2842; x_wconf 91' lang='lat' dir='ltr'>illud</span> <span class='ocrx_word' id='word_1_620' title='bbox 3921 2773 4092 2860; x_wconf 88' lang='lat' dir='ltr'>quod</span> <span class='ocrx_word' id='word_1_621' title='bbox 4136 2776 4342 2860; x_wconf 73' lang='lat' dir='ltr'>attigi,</span> <span class='ocrx_word' id='word_1_622' title='bbox 4400 2774 4556 2859; x_wconf 91' lang='lat' dir='ltr'>quia</span> 
     </span>
     <span class='ocr_line' id='line_1_85' title="bbox 2607 2860 4552 2947; baseline -0.002 -20"><span class='ocrx_word' id='word_1_623' title='bbox 2607 2869 2682 2927; x_wconf 88' lang='lat' dir='ltr'>ut</span> <span class='ocrx_word' id='word_1_624' title='bbox 2741 2862 2947 2929; x_wconf 83' lang='lat' dir='ltr'>vitam</span> <span class='ocrx_word' id='word_1_625' title='bbox 3006 2861 3351 2929; x_wconf 89' lang='lat' dir='ltr'>coelestem</span> <span class='ocrx_word' id='word_1_626' title='bbox 3412 2861 3722 2947; x_wconf 81' lang='lat' dir='ltr'>patefecit</span> <span class='ocrx_word' id='word_1_627' title='bbox 3779 2861 3967 2928; x_wconf 89' lang='lat' dir='ltr'>nobis</span> <span class='ocrx_word' id='word_1_628' title='bbox 4013 2861 4195 2928; x_wconf 89' lang='lat' dir='ltr'>Deus</span> <span class='ocrx_word' id='word_1_629' title='bbox 4236 2860 4309 2924; x_wconf 91' lang='lat' dir='ltr'>in</span> <span class='ocrx_word' id='word_1_630' title='bbox 4354 2878 4552 2926; x_wconf 86' lang='lat' dir='ltr'>evan-</span> 
     </span>
     <span class='ocr_line' id='line_1_86' title="bbox 2606 2947 4556 3033; baseline -0.002 -21"><span class='ocrx_word' id='word_1_631' title='bbox 2606 2947 2804 3033; x_wconf 89' lang='lat' dir='ltr'>gelio,</span> <span class='ocrx_word' id='word_1_632' title='bbox 2866 2950 2963 3014; x_wconf 89' lang='lat' dir='ltr'>ita</span> <span class='ocrx_word' id='word_1_633' title='bbox 3002 2968 3122 3014; x_wconf 91' lang='lat' dir='ltr'>nos</span> <span class='ocrx_word' id='word_1_634' title='bbox 3179 2947 3335 3015; x_wconf 91' lang='lat' dir='ltr'>illuc</span> <span class='ocrx_word' id='word_1_635' title='bbox 3378 2957 3560 3016; x_wconf 89' lang='lat' dir='ltr'>recta</span> <span class='ocrx_word' id='word_1_636' title='bbox 3604 2956 3808 3016; x_wconf 86' lang='lat' dir='ltr'>vocat.</span> <span class='ocrx_word' id='word_1_637' title='bbox 3898 2949 4129 3014; x_wconf 89' lang='lat' dir='ltr'>Patres</span> <span class='ocrx_word' id='word_1_638' title='bbox 4174 2956 4391 3013; x_wconf 89' lang='lat' dir='ltr'>autem</span> <span class='ocrx_word' id='word_1_639' title='bbox 4437 2965 4556 3028; x_wconf 90' lang='lat' dir='ltr'>per</span> 
     </span>
     <span class='ocr_line' id='line_1_87' title="bbox 2606 3031 4556 3119; baseline -0.003 -18"><span class='ocrx_word' id='word_1_640' title='bbox 2606 3033 2848 3119; x_wconf 87' lang='lat' dir='ltr'>gradus</span> <span class='ocrx_word' id='word_1_641' title='bbox 2915 3032 3204 3100; x_wconf 86' lang='lat' dir='ltr'>deduxit.</span> <span class='ocrx_word' id='word_1_642' title='bbox 3305 3033 3452 3101; x_wconf 88' lang='lat' dir='ltr'>Hac</span> <span class='ocrx_word' id='word_1_643' title='bbox 3525 3035 3778 3100; x_wconf 90' lang='lat' dir='ltr'>ratione</span> <span class='ocrx_word' id='word_1_644' title='bbox 3842 3033 3997 3099; x_wconf 89' lang='lat' dir='ltr'>alibi</span> <span class='ocrx_word' id='word_1_645' title='bbox 4063 3031 4254 3100; x_wconf 93' lang='lat' dir='ltr'>docet</span> <span class='ocrx_word' id='word_1_646' title='bbox 4305 3031 4556 3099; x_wconf 89' lang='lat' dir='ltr'>Paulus</span> 
     </span>
     <span class='ocr_line' id='line_1_88' title="bbox 2604 3117 4556 3205; baseline -0.002 -20"><span class='ocrx_word' id='word_1_647' title='bbox 2604 3119 2831 3186; x_wconf 86' lang='lat' dir='ltr'>fideles</span> <span class='ocrx_word' id='word_1_648' title='bbox 2883 3120 2953 3185; x_wconf 91' lang='lat' dir='ltr'>in</span> <span class='ocrx_word' id='word_1_649' title='bbox 3013 3120 3137 3187; x_wconf 90' lang='lat' dir='ltr'>hoo</span> <span class='ocrx_word' id='word_1_650' title='bbox 3191 3118 3438 3186; x_wconf 90' lang='lat' dir='ltr'>mundo</span> <span class='ocrx_word' id='word_1_651' title='bbox 3496 3120 3700 3205; x_wconf 88' lang='lat' dir='ltr'>affligi</span> <span class='ocrx_word' id='word_1_652' title='bbox 3756 3121 3825 3185; x_wconf 93' lang='lat' dir='ltr'>in</span> <span class='ocrx_word' id='word_1_653' title='bbox 3891 3119 4329 3185; x_wconf 87' lang='lat' dir='ltr'>ostensionem</span> <span class='ocrx_word' id='word_1_654' title='bbox 4395 3117 4556 3184; x_wconf 90' lang='lat' dir='ltr'>iusti</span> 
     </span>
     <span class='ocr_line' id='line_1_89' title="bbox 2603 3204 4555 3291; baseline -0.002 -20"><span class='ocrx_word' id='word_1_655' title='bbox 2603 3204 2826 3273; x_wconf 90' lang='lat' dir='ltr'>iudicii</span> <span class='ocrx_word' id='word_1_656' title='bbox 2870 3206 3015 3287; x_wconf 91' lang='lat' dir='ltr'>Dei,</span> <span class='ocrx_word' id='word_1_657' title='bbox 3061 3214 3134 3272; x_wconf 91' lang='lat' dir='ltr'>ut</span> <span class='ocrx_word' id='word_1_658' title='bbox 3179 3204 3362 3291; x_wconf 89' lang='lat' dir='ltr'>digni</span> <span class='ocrx_word' id='word_1_659' title='bbox 3406 3205 3776 3273; x_wconf 89' lang='lat' dir='ltr'>habeantur</span> <span class='ocrx_word' id='word_1_660' title='bbox 3818 3225 4021 3289; x_wconf 90' lang='lat' dir='ltr'>regno</span> <span class='ocrx_word' id='word_1_661' title='bbox 4065 3204 4229 3285; x_wconf 89' lang='lat' dir='ltr'>eius,</span> <span class='ocrx_word' id='word_1_662' title='bbox 4270 3224 4392 3289; x_wconf 92' lang='lat' dir='ltr'>pro</span> <span class='ocrx_word' id='word_1_663' title='bbox 4425 3222 4555 3286; x_wconf 92' lang='lat' dir='ltr'>quo</span> 
     </span>
     <span class='ocr_line' id='line_1_90' title="bbox 2603 3289 4556 3376; baseline -0.003 -18"><span class='ocrx_word' id='word_1_664' title='bbox 2603 3294 2975 3376; x_wconf 85' lang='lat' dir='ltr'>patiuntur,</span> <span class='ocrx_word' id='word_1_665' title='bbox 3034 3294 3087 3357; x_wconf 91' lang='lat' dir='ltr'>si</span> <span class='ocrx_word' id='word_1_666' title='bbox 3144 3293 3407 3374; x_wconf 89' lang='lat' dir='ltr'>quidem</span> <span class='ocrx_word' id='word_1_667' title='bbox 3453 3293 3696 3357; x_wconf 89' lang='lat' dir='ltr'>iustum</span> <span class='ocrx_word' id='word_1_668' title='bbox 3742 3302 3844 3356; x_wconf 89' lang='lat' dir='ltr'>est</span> <span class='ocrx_word' id='word_1_669' title='bbox 3887 3290 4056 3375; x_wconf 89' lang='lat' dir='ltr'>apud</span> <span class='ocrx_word' id='word_1_670' title='bbox 4104 3292 4322 3357; x_wconf 93' lang='lat' dir='ltr'>Deum</span> <span class='ocrx_word' id='word_1_671' title='bbox 4369 3289 4556 3354; x_wconf 88' lang='lat' dir='ltr'>retri-</span> 
     </span>
     <span class='ocr_line' id='line_1_91' title="bbox 2603 3376 4556 3465; baseline -0.003 -20"><span class='ocrx_word' id='word_1_672' title='bbox 2603 3379 2819 3456; x_wconf 85' lang='lat' dir='ltr'>buere,</span> <span class='ocrx_word' id='word_1_673' title='bbox 2853 3391 2970 3445; x_wconf 88' lang='lat' dir='ltr'>etc.</span> <span class='ocrx_word' id='word_1_674' title='bbox 2996 3377 3080 3465; x_wconf 82' lang='lat'>(2.</span> <span class='ocrx_word' id='word_1_675' title='bbox 3106 3379 3334 3444; x_wconf 77' lang='lat' dir='ltr'>Thess.</span> <span class='ocrx_word' id='word_1_676' title='bbox 3363 3379 3420 3455; x_wconf 90' lang='lat'>1,</span> <span class='ocrx_word' id='word_1_677' title='bbox 3445 3376 3530 3465; x_wconf 84' lang='lat'>5).</span> <span class='ocrx_word' id='word_1_678' title='bbox 3590 3378 3671 3443; x_wconf 91' lang='lat' dir='ltr'>In</span> <span class='ocrx_word' id='word_1_679' title='bbox 3708 3398 3982 3457; x_wconf 91' lang='lat' dir='ltr'>summa,</span> <span class='ocrx_word' id='word_1_680' title='bbox 4012 3400 4096 3442; x_wconf 92' lang='lat' dir='ltr'>ne</span> <span class='ocrx_word' id='word_1_681' title='bbox 4120 3379 4332 3462; x_wconf 87' lang='lat' dir='ltr'>magis</span> <span class='ocrx_word' id='word_1_682' title='bbox 4366 3376 4556 3440; x_wconf 90' lang='lat' dir='ltr'>mire-</span> 
     </span>
     <span class='ocr_line' id='line_1_92' title="bbox 2604 3461 4553 3547; baseline -0.001 -19"><span class='ocrx_word' id='word_1_683' title='bbox 2604 3486 2753 3529; x_wconf 91' lang='lat' dir='ltr'>mur</span> <span class='ocrx_word' id='word_1_684' title='bbox 2791 3464 2979 3530; x_wconf 90' lang='lat' dir='ltr'>bouis</span> <span class='ocrx_word' id='word_1_685' title='bbox 3014 3463 3227 3531; x_wconf 89' lang='lat' dir='ltr'>solum</span> <span class='ocrx_word' id='word_1_686' title='bbox 3260 3463 3727 3547; x_wconf 90' lang='lat' dir='ltr'>temporalibus</span> <span class='ocrx_word' id='word_1_687' title='bbox 3748 3462 4084 3529; x_wconf 87' lang='lat' dir='ltr'>Israelitas</span> <span class='ocrx_word' id='word_1_688' title='bbox 4114 3461 4286 3528; x_wconf 89' lang='lat' dir='ltr'>allici</span> <span class='ocrx_word' id='word_1_689' title='bbox 4308 3472 4371 3527; x_wconf 89' lang='lat' dir='ltr'>et</span> <span class='ocrx_word' id='word_1_690' title='bbox 4402 3480 4553 3545; x_wconf 89' lang='lat' dir='ltr'>poe·</span> 
     </span>
     <span class='ocr_line' id='line_1_93' title="bbox 2600 3547 4556 3633; baseline -0.001 -19"><span class='ocrx_word' id='word_1_691' title='bbox 2600 3550 2707 3614; x_wconf 91' lang='lat' dir='ltr'>nis</span> <span class='ocrx_word' id='word_1_692' title='bbox 2752 3550 3001 3630; x_wconf 88' lang='lat' dir='ltr'>terreri,</span> <span class='ocrx_word' id='word_1_693' title='bbox 3047 3571 3241 3633; x_wconf 91' lang='lat' dir='ltr'>quam</span> <span class='ocrx_word' id='word_1_694' title='bbox 3281 3560 3523 3616; x_wconf 90' lang='lat' dir='ltr'>terram</span> <span class='ocrx_word' id='word_1_695' title='bbox 3561 3550 3882 3616; x_wconf 84' lang='lat' dir='ltr'>Ohanaan</span> <span class='ocrx_word' id='word_1_696' title='bbox 3920 3556 4226 3615; x_wconf 88' lang='lat' dir='ltr'>aeternae</span> <span class='ocrx_word' id='word_1_697' title='bbox 4262 3547 4556 3614; x_wconf 89' lang='lat' dir='ltr'>haeredi-</span> 
     </span>
     <span class='ocr_line' id='line_1_94' title="bbox 2601 3633 4554 3722; baseline -0.002 -22"><span class='ocrx_word' id='word_1_698' title='bbox 2601 3637 2751 3702; x_wconf 87' lang='lat' dir='ltr'>tatis</span> <span class='ocrx_word' id='word_1_699' title='bbox 2778 3636 2981 3702; x_wconf 83' lang='lat' dir='ltr'>fuisse</span> <span class='ocrx_word' id='word_1_700' title='bbox 3023 3636 3154 3700; x_wconf 91' lang='lat' dir='ltr'>illis</span> <span class='ocrx_word' id='word_1_701' title='bbox 3197 3636 3601 3722; x_wconf 79' lang='lat' dir='ltr'>symbolum,</span> <span class='ocrx_word' id='word_1_702' title='bbox 3644 3637 3711 3700; x_wconf 93' lang='lat' dir='ltr'>in</span> <span class='ocrx_word' id='word_1_703' title='bbox 3757 3656 3884 3719; x_wconf 89' lang='lat' dir='ltr'>qua</span> <span class='ocrx_word' id='word_1_704' title='bbox 3928 3643 4147 3701; x_wconf 88' lang='lat' dir='ltr'>tamen</span> <span class='ocrx_word' id='word_1_705' title='bbox 4191 3656 4259 3701; x_wconf 88' lang='lat' dir='ltr'>se</span> <span class='ocrx_word' id='word_1_706' title='bbox 4291 3633 4554 3717; x_wconf 90' lang='lat' dir='ltr'>inquili-</span> 
     </span>
     <span class='ocr_line' id='line_1_95' title="bbox 2601 3717 4549 3809; baseline -0.002 -23"><span class='ocrx_word' id='word_1_707' title='bbox 2601 3741 2722 3788; x_wconf 90' lang='lat' dir='ltr'>nos</span> <span class='ocrx_word' id='word_1_708' title='bbox 2772 3743 2914 3788; x_wconf 90' lang='lat' dir='ltr'>esse</span> <span class='ocrx_word' id='word_1_709' title='bbox 2959 3720 3239 3788; x_wconf 84' lang='lat' dir='ltr'>confessi</span> <span class='ocrx_word' id='word_1_710' title='bbox 3283 3732 3442 3788; x_wconf 89' lang='lat' dir='ltr'>sunt</span> <span class='ocrx_word' id='word_1_711' title='bbox 3483 3719 3752 3809; x_wconf 80' lang='lat' dir='ltr'>(Genea.</span> <span class='ocrx_word' id='word_1_712' title='bbox 3797 3721 3902 3803; x_wconf 82' lang='lat'>47,</span> <span class='ocrx_word' id='word_1_713' title='bbox 3924 3721 3986 3788; x_wconf 86' lang='lat'>9.</span> <span class='ocrx_word' id='word_1_714' title='bbox 4064 3720 4239 3787; x_wconf 90' lang='lat' dir='ltr'>Psal.</span> <span class='ocrx_word' id='word_1_715' title='bbox 4265 3719 4369 3798; x_wconf 87' lang='lat'>39,</span> <span class='ocrx_word' id='word_1_716' title='bbox 4414 3717 4549 3806; x_wconf 85' lang='lat'><strong>13):</strong></span> 
     </span>
     <span class='ocr_line' id='line_1_96' title="bbox 2600 3805 4554 3892; baseline -0.002 -18"><span class='ocrx_word' id='word_1_717' title='bbox 2600 3808 2773 3875; x_wconf 91' lang='lat' dir='ltr'>uude</span> <span class='ocrx_word' id='word_1_718' title='bbox 2839 3808 3172 3892; x_wconf 90' lang='lat' dir='ltr'>apostolus</span> <span class='ocrx_word' id='word_1_719' title='bbox 3237 3809 3397 3874; x_wconf 90' lang='lat' dir='ltr'>scite</span> <span class='ocrx_word' id='word_1_720' title='bbox 3463 3807 3743 3892; x_wconf 88' lang='lat' dir='ltr'>colligit,</span> <span class='ocrx_word' id='word_1_721' title='bbox 3805 3808 4162 3892; x_wconf 87' lang='lat' dir='ltr'>quaesiisse</span> <span class='ocrx_word' id='word_1_722' title='bbox 4216 3805 4554 3872; x_wconf 90' lang='lat' dir='ltr'>meliorem</span> 
     </span>
     <span class='ocr_line' id='line_1_97' title="bbox 2599 3892 4554 4043; baseline -0.002 -83"><span class='ocrx_word' id='word_1_723' title='bbox 2599 3895 2881 3979; x_wconf 90' lang='lat' dir='ltr'>patriam</span> <span class='ocrx_word' id='word_1_724' title='bbox 2927 3893 3159 3983; x_wconf 91' lang='lat' dir='ltr'>(Hebr.</span> <span class='ocrx_word' id='word_1_725' title='bbox 3212 3896 3310 3973; x_wconf 88' lang='lat'>11,</span> <span class='ocrx_word' id='word_1_726' title='bbox 3361 3892 3486 4043; x_wconf 40' lang='lat'>16}</span> <span class='ocrx_word' id='word_1_727' title='bbox 3564 3895 3784 3977; x_wconf 88' lang='lat' dir='ltr'>Atque</span> <span class='ocrx_word' id='word_1_728' title='bbox 3823 3896 3918 3959; x_wconf 89' lang='lat' dir='ltr'>ita</span> <span class='ocrx_word' id='word_1_729' title='bbox 3963 3893 4282 3959; x_wconf 87' lang='lat' dir='ltr'>refellitur</span> <span class='ocrx_word' id='word_1_730' title='bbox 4324 3912 4554 3958; x_wconf 91' lang='lat' dir='ltr'>eorum</span> 
     </span>
     <span class='ocr_line' id='line_1_98' title="bbox 2600 3979 4555 4065; baseline -0.002 -20"><span class='ocrx_word' id='word_1_731' title='bbox 2600 3979 2905 4047; x_wconf 89' lang='lat' dir='ltr'>delirium</span> <span class='ocrx_word' id='word_1_732' title='bbox 2943 3980 3058 4065; x_wconf 91' lang='lat' dir='ltr'>qui</span> <span class='ocrx_word' id='word_1_733' title='bbox 3096 3980 3341 4048; x_wconf 88' lang='lat' dir='ltr'>caduca</span> <span class='ocrx_word' id='word_1_734' title='bbox 3375 3981 3437 4045; x_wconf 84' lang='lat' dir='ltr'>fe</span> <span class='ocrx_word' id='word_1_735' title='bbox 3463 3980 3685 4046; x_wconf 88' lang='lat' dir='ltr'>icitate</span> <span class='ocrx_word' id='word_1_736' title='bbox 3721 3994 3938 4063; x_wconf 84' lang='lat' dir='ltr'>patres</span> <span class='ocrx_word' id='word_1_737' title='bbox 3974 3979 4175 4046; x_wconf 81' lang='lat' dir='ltr'>fuisse</span> <span class='ocrx_word' id='word_1_738' title='bbox 4209 3984 4555 4046; x_wconf 86' lang='lat' dir='ltr'>contentos</span> 
     </span>
     <span class='ocr_line' id='line_1_99' title="bbox 2597 4063 4554 4151; baseline -0.004 -16"><span class='ocrx_word' id='word_1_739' title='bbox 2597 4067 2852 4146; x_wconf 82' lang='lat' dir='ltr'>volunt,</span> <span class='ocrx_word' id='word_1_740' title='bbox 2897 4087 2973 4132; x_wconf 86' lang='lat' dir='ltr'>ac</span> <span class='ocrx_word' id='word_1_741' title='bbox 2996 4067 3051 4132; x_wconf 90' lang='lat' dir='ltr'>si</span> <span class='ocrx_word' id='word_1_742' title='bbox 3076 4065 3265 4132; x_wconf 90' lang='lat' dir='ltr'>Deus</span> <span class='ocrx_word' id='word_1_743' title='bbox 3297 4065 3448 4133; x_wconf 90' lang='lat' dir='ltr'>illos</span> <span class='ocrx_word' id='word_1_744' title='bbox 3482 4067 3552 4132; x_wconf 92' lang='lat' dir='ltr'>in</span> <span class='ocrx_word' id='word_1_745' title='bbox 3587 4086 3885 4149; x_wconf 90' lang='lat' dir='ltr'>caupona</span> <span class='ocrx_word' id='word_1_746' title='bbox 3909 4066 4260 4151; x_wconf 87' lang='lat' dir='ltr'>saginaret.</span> <span class='ocrx_word' id='word_1_747' title='bbox 4322 4063 4554 4129; x_wconf 86' lang='lat' dir='ltr'>Manet</span> 
     </span>
     <span class='ocr_line' id='line_1_100' title="bbox 2598 4149 4553 4237; baseline -0.003 -19"><span class='ocrx_word' id='word_1_748' title='bbox 2598 4161 2818 4219; x_wconf 89' lang='lat' dir='ltr'>tamen</span> <span class='ocrx_word' id='word_1_749' title='bbox 2880 4153 2995 4218; x_wconf 90' lang='lat' dir='ltr'>illa</span> <span class='ocrx_word' id='word_1_750' title='bbox 3050 4173 3245 4237; x_wconf 90' lang='lat' dir='ltr'>quam</span> <span class='ocrx_word' id='word_1_751' title='bbox 3309 4153 3527 4218; x_wconf 86' lang='lat' dir='ltr'>notavi</span> <span class='ocrx_word' id='word_1_752' title='bbox 3584 4150 3947 4230; x_wconf 86' lang='lat' dir='ltr'>distinctio,</span> <span class='ocrx_word' id='word_1_753' title='bbox 4012 4150 4184 4235; x_wconf 91' lang='lat' dir='ltr'>quod</span> <span class='ocrx_word' id='word_1_754' title='bbox 4242 4151 4425 4216; x_wconf 91' lang='lat' dir='ltr'>Deus</span> <span class='ocrx_word' id='word_1_755' title='bbox 4481 4149 4553 4212; x_wconf 94' lang='lat' dir='ltr'>in</span> 
     </span>
     <span class='ocr_line' id='line_1_101' title="bbox 2596 4236 4552 4323; baseline -0.004 -17"><span class='ocrx_word' id='word_1_756' title='bbox 2596 4238 2929 4306; x_wconf 90' lang='lat' dir='ltr'>beneficiis</span> <span class='ocrx_word' id='word_1_757' title='bbox 2983 4247 3051 4303; x_wconf 91' lang='lat' dir='ltr'>et</span> <span class='ocrx_word' id='word_1_758' title='bbox 3092 4239 3322 4323; x_wconf 91' lang='lat' dir='ltr'>poenis</span> <span class='ocrx_word' id='word_1_759' title='bbox 3366 4238 3833 4323; x_wconf 89' lang='lat' dir='ltr'>temporalibus</span> <span class='ocrx_word' id='word_1_760' title='bbox 3897 4244 4056 4305; x_wconf 91' lang='lat' dir='ltr'>tunc</span> <span class='ocrx_word' id='word_1_761' title='bbox 4100 4237 4310 4321; x_wconf 87' lang='lat' dir='ltr'>magis</span> <span class='ocrx_word' id='word_1_762' title='bbox 4359 4236 4552 4300; x_wconf 91' lang='lat' dir='ltr'>inno-</span> 
     </span>
     <span class='ocr_line' id='line_1_102' title="bbox 2598 4319 4553 4409; baseline -0.003 -18"><span class='ocrx_word' id='word_1_763' title='bbox 2598 4326 2727 4392; x_wconf 91' lang='lat' dir='ltr'>tuit</span> <span class='ocrx_word' id='word_1_764' title='bbox 2770 4334 2958 4409; x_wconf 90' lang='lat' dir='ltr'>pater</span> <span class='ocrx_word' id='word_1_765' title='bbox 3012 4333 3081 4391; x_wconf 89' lang='lat' dir='ltr'>et</span> <span class='ocrx_word' id='word_1_766' title='bbox 3135 4324 3369 4405; x_wconf 83' lang='lat' dir='ltr'>iudex,</span> <span class='ocrx_word' id='word_1_767' title='bbox 3427 4345 3621 4408; x_wconf 89' lang='lat' dir='ltr'>quam</span> <span class='ocrx_word' id='word_1_768' title='bbox 3683 4338 3832 4407; x_wconf 87' lang='lat' dir='ltr'>post</span> <span class='ocrx_word' id='word_1_769' title='bbox 3890 4323 4214 4408; x_wconf 83' lang='lat' dir='ltr'>evangelii</span> <span class='ocrx_word' id='word_1_770' title='bbox 4259 4319 4553 4407; x_wconf 91' lang='lat' dir='ltr'>promul·-</span> 
     </span>
    </p>

    <p class='ocr_par' dir='ltr' id='par_1_8' title="bbox 2595 4412 4558 5443">
     <span class='ocr_line' id='line_1_103' title="bbox 2681 4412 2948 4478; baseline -0.007 0"><span class='ocrx_word' id='word_1_771' title='bbox 2681 4412 2948 4478; x_wconf 90' lang='lat' dir='ltr'>tionem.</span> 
     </span>
     <span class='ocr_line' id='line_1_104' title="bbox 2595 4432 4554 4580; baseline -0.006 -15"><span class='ocrx_word' id='word_1_772' title='bbox 2595 4432 2679 4498; x_wconf 59' lang='lat' dir='ltr'>ga</span> <span class='ocrx_word' id='word_1_773' title='bbox 2767 4498 2828 4564; x_wconf 89' lang='lat'>4.</span> <span class='ocrx_word' id='word_1_774' title='bbox 2876 4496 3061 4564; x_wconf 76' lang='lat' dir='ltr'>Dabo</span> <span class='ocrx_word' id='word_1_775' title='bbox 3092 4495 3372 4580; x_wconf 75' lang='lat' dir='ltr'>pluvias.</span> <span class='ocrx_word' id='word_1_776' title='bbox 3433 4497 3709 4562; x_wconf 85' lang='lat' dir='ltr'>Poterat</span> <span class='ocrx_word' id='word_1_777' title='bbox 3750 4494 3953 4562; x_wconf 84' lang='lat' dir='ltr'>verbo</span> <span class='ocrx_word' id='word_1_778' title='bbox 3997 4516 4128 4560; x_wconf 91' lang='lat' dir='ltr'>uno</span> <span class='ocrx_word' id='word_1_779' title='bbox 4174 4491 4554 4577; x_wconf 88' lang='lat' dir='ltr'>promittere</span> 
     </span>
     <span class='ocr_line' id='line_1_105' title="bbox 2597 4577 4554 4682; baseline -0.004 -33"><span class='ocrx_word' id='word_1_780' title='bbox 2597 4584 2853 4669; x_wconf 87' lang='lat' dir='ltr'>largam</span> <span class='ocrx_word' id='word_1_781' title='bbox 2897 4602 3198 4650; x_wconf 89' lang='lat' dir='ltr'>annonae</span> <span class='ocrx_word' id='word_1_782' title='bbox 3242 4582 3513 4668; x_wconf 88' lang='lat' dir='ltr'>copiam,</span> <span class='ocrx_word' id='word_1_783' title='bbox 3580 4581 3697 4649; x_wconf 90' lang='lat' dir='ltr'>sed</span> <span class='ocrx_word' id='word_1_784' title='bbox 3740 4602 3868 4682; x_wconf 81' lang='lat' dir='ltr'>quo</span> <span class='ocrx_word' id='word_1_785' title='bbox 3916 4581 4236 4647; x_wconf 89' lang='lat' dir='ltr'>illustrior</span> <span class='ocrx_word' id='word_1_786' title='bbox 4257 4580 4368 4680; x_wconf 35' lang='lat' dir='ltr'>‘sit</span> <span class='ocrx_word' id='word_1_787' title='bbox 4411 4577 4554 4642; x_wconf 89' lang='lat' dir='ltr'>eius</span> 
     </span>
     <span class='ocr_line' id='line_1_106' title="bbox 2599 4662 4554 4847; baseline -0.003 -27"><span class='ocrx_word' id='word_1_788' title='bbox 2599 4680 2866 4822; x_wconf 59' lang='grc' dir='ltr'><strong>ἕὲἷὲΐθὶ</strong></span> <span class='ocrx_word' id='word_1_789' title='bbox 2898 4667 3665 4821; x_wconf 56' lang='grc' dir='ltr'>ἷέἕιίῗιῑῖἓῖἱέ“ἒὲῃέξ</span> <span class='ocrx_word' id='word_1_790' title='bbox 3704 4662 4554 4847; x_wconf 53' lang='grc' dir='ltr'>ἕζῖᾭῖυὲἒξῗὲῗέᾛὲἓξῖ</span> 
     </span>
     <span class='ocr_line' id='line_1_107' title="bbox 2602 4841 4554 4924; baseline -0.003 -17"><span class='ocrx_word' id='word_1_791' title='bbox 2602 4843 2798 4907; x_wconf 90' lang='lat' dir='ltr'>sicuti</span> <span class='ocrx_word' id='word_1_792' title='bbox 2841 4841 2997 4907; x_wconf 90' lang='lat' dir='ltr'>olim</span> <span class='ocrx_word' id='word_1_793' title='bbox 3041 4860 3200 4906; x_wconf 89' lang='lat' dir='ltr'>man</span> <span class='ocrx_word' id='word_1_794' title='bbox 3235 4863 3271 4906; x_wconf 93' lang='lat' dir='ltr'>e</span> <span class='ocrx_word' id='word_1_795' title='bbox 3306 4841 3485 4907; x_wconf 90' lang='lat' dir='ltr'>coelo</span> <span class='ocrx_word' id='word_1_796' title='bbox 3521 4841 3752 4924; x_wconf 89' lang='lat' dir='ltr'>pluere</span> <span class='ocrx_word' id='word_1_797' title='bbox 3780 4841 3961 4906; x_wconf 87' lang='lat' dir='ltr'>fecit:</span> <span class='ocrx_word' id='word_1_798' title='bbox 4006 4858 4238 4905; x_wconf 84' lang='lat' dir='ltr'>verum</span> <span class='ocrx_word' id='word_1_799' title='bbox 4283 4845 4355 4901; x_wconf 89' lang='lat' dir='ltr'>ut</span> <span class='ocrx_word' id='word_1_800' title='bbox 4390 4854 4554 4901; x_wconf 79' lang='lat' dir='ltr'>asel·</span> 
     </span>
     <span class='ocr_line' id='line_1_108' title="bbox 2603 4922 4549 5010; baseline -0.005 -16"><span class='ocrx_word' id='word_1_801' title='bbox 2603 4928 2728 4994; x_wconf 91' lang='lat' dir='ltr'>due</span> <span class='ocrx_word' id='word_1_802' title='bbox 2753 4927 2938 4993; x_wconf 89' lang='lat' dir='ltr'>nobis</span> <span class='ocrx_word' id='word_1_803' title='bbox 2962 4935 3309 4994; x_wconf 86' lang='lat' dir='ltr'>occurrant</span> <span class='ocrx_word' id='word_1_804' title='bbox 3337 4935 3650 5010; x_wconf 90' lang='lat' dir='ltr'>paternae</span> <span class='ocrx_word' id='word_1_805' title='bbox 3683 4926 3825 4993; x_wconf 88' lang='lat' dir='ltr'>eius</span> <span class='ocrx_word' id='word_1_806' title='bbox 3847 4922 4312 4992; x_wconf 90' lang='lat' dir='ltr'>sollicitudinis</span> <span class='ocrx_word' id='word_1_807' title='bbox 4337 4922 4549 5005; x_wconf 88' lang='lat' dir='ltr'>signa,</span> 
     </span>
     <span class='ocr_line' id='line_1_109' title="bbox 2602 5009 4556 5098; baseline -0.004 -19"><span class='ocrx_word' id='word_1_808' title='bbox 2602 5022 2945 5098; x_wconf 89' lang='lat' dir='ltr'>postquam</span> <span class='ocrx_word' id='word_1_809' title='bbox 2990 5035 3213 5080; x_wconf 87' lang='lat' dir='ltr'>semen</span> <span class='ocrx_word' id='word_1_810' title='bbox 3259 5013 3504 5080; x_wconf 89' lang='lat' dir='ltr'>iactum</span> <span class='ocrx_word' id='word_1_811' title='bbox 3550 5020 3669 5093; x_wconf 91' lang='lat' dir='ltr'>est,</span> <span class='ocrx_word' id='word_1_812' title='bbox 3736 5019 3913 5079; x_wconf 91' lang='lat' dir='ltr'>terra</span> <span class='ocrx_word' id='word_1_813' title='bbox 3957 5033 3993 5076; x_wconf 97' lang='lat' dir='ltr'>e</span> <span class='ocrx_word' id='word_1_814' title='bbox 4035 5009 4216 5077; x_wconf 90' lang='lat' dir='ltr'>coelo</span> <span class='ocrx_word' id='word_1_815' title='bbox 4260 5009 4556 5093; x_wconf 87' lang='lat' dir='ltr'>pluviam</span> 
     </span>
     <span class='ocr_line' id='line_1_110' title="bbox 2605 5096 4555 5179; baseline -0.004 -13"><span class='ocrx_word' id='word_1_816' title='bbox 2605 5100 2964 5166; x_wconf 87' lang='lat' dir='ltr'>desiderat:</span> <span class='ocrx_word' id='word_1_817' title='bbox 3032 5110 3099 5165; x_wconf 91' lang='lat' dir='ltr'>et</span> <span class='ocrx_word' id='word_1_818' title='bbox 3161 5098 3259 5165; x_wconf 88' lang='lat' dir='ltr'>ita</span> <span class='ocrx_word' id='word_1_819' title='bbox 3315 5098 3654 5166; x_wconf 88' lang='lat' dir='ltr'>ordinatae</span> <span class='ocrx_word' id='word_1_820' title='bbox 3713 5105 3872 5166; x_wconf 89' lang='lat' dir='ltr'>sunt</span> <span class='ocrx_word' id='word_1_821' title='bbox 3926 5104 4297 5179; x_wconf 89' lang='lat' dir='ltr'>temporum</span> <span class='ocrx_word' id='word_1_822' title='bbox 4357 5096 4555 5174; x_wconf 81' lang='lat' dir='ltr'>vices,</span> 
     </span>
     <span class='ocr_line' id='line_1_111' title="bbox 2604 5181 4554 5271; baseline -0.004 -19"><span class='ocrx_word' id='word_1_823' title='bbox 2604 5196 2681 5252; x_wconf 91' lang='lat' dir='ltr'>ut</span> <span class='ocrx_word' id='word_1_824' title='bbox 2734 5186 2976 5271; x_wconf 86' lang='lat' dir='ltr'>singuli</span> <span class='ocrx_word' id='word_1_825' title='bbox 3034 5186 3172 5250; x_wconf 88' lang='lat' dir='ltr'>dies</span> <span class='ocrx_word' id='word_1_826' title='bbox 3228 5188 3609 5252; x_wconf 90' lang='lat' dir='ltr'>memoriam</span> <span class='ocrx_word' id='word_1_827' title='bbox 3665 5182 4135 5250; x_wconf 87' lang='lat' dir='ltr'>beneficentiae</span> <span class='ocrx_word' id='word_1_828' title='bbox 4180 5181 4308 5248; x_wconf 91' lang='lat' dir='ltr'>Dei</span> <span class='ocrx_word' id='word_1_829' title='bbox 4361 5200 4554 5248; x_wconf 91' lang='lat' dir='ltr'>reno-</span> 
     </span>
     <span class='ocr_line' id='line_1_112' title="bbox 2606 5267 4552 5356; baseline -0.006 -17"><span class='ocrx_word' id='word_1_830' title='bbox 2606 5281 2784 5339; x_wconf 83' lang='lat' dir='ltr'>vent.</span> <span class='ocrx_word' id='word_1_831' title='bbox 2873 5271 3021 5338; x_wconf 91' lang='lat' dir='ltr'>Hac</span> <span class='ocrx_word' id='word_1_832' title='bbox 3064 5273 3319 5337; x_wconf 89' lang='lat' dir='ltr'>ratione</span> <span class='ocrx_word' id='word_1_833' title='bbox 3377 5271 3638 5356; x_wconf 88' lang='lat' dir='ltr'>pluviae</span> <span class='ocrx_word' id='word_1_834' title='bbox 3682 5272 3758 5335; x_wconf 91' lang='lat' dir='ltr'>fit</span> <span class='ocrx_word' id='word_1_835' title='bbox 3800 5269 4063 5349; x_wconf 91' lang='lat' dir='ltr'>mentio,</span> <span class='ocrx_word' id='word_1_836' title='bbox 4129 5274 4245 5334; x_wconf 91' lang='lat' dir='ltr'>aut</span> <span class='ocrx_word' id='word_1_837' title='bbox 4287 5267 4552 5354; x_wconf 83' lang='lat' dir='ltr'>frugum</span> 
     </span>
     <span class='ocr_line' id='line_1_113' title="bbox 2605 5352 4558 5443; baseline -0.002 -19"><span class='ocrx_word' id='word_1_838' title='bbox 2605 5368 3079 5443; x_wconf 82' lang='lat' dir='ltr'>proventuum:</span> <span class='ocrx_word' id='word_1_839' title='bbox 3142 5357 3457 5424; x_wconf 85' lang='lat' dir='ltr'>continua</span> <span class='ocrx_word' id='word_1_840' title='bbox 3521 5376 3778 5442; x_wconf 88' lang='lat' dir='ltr'>quoque</span> <span class='ocrx_word' id='word_1_841' title='bbox 3823 5355 4025 5423; x_wconf 89' lang='lat' dir='ltr'>series</span> <span class='ocrx_word' id='word_1_842' title='bbox 4071 5356 4368 5436; x_wconf 87' lang='lat' dir='ltr'>triturae,</span> <span class='ocrx_word' id='word_1_843' title='bbox 4409 5352 4558 5421; x_wconf 83' lang='lat' dir='ltr'>vin·</span> 
     </span>
    </p>
   </div>
  </div>
 </body>
</html>
