5017 6142
453 454 578 521 141

452 641 549 711 Ut
627 641 951 726 glorificer
1027 662 1246 708 coram
1323 648 1459 707 toto
1535 640 1779 725 populo
1849 641 2244 715 sanctificari
2308 661 2415 706 me

455 734 717 812 oportet
759 728 830 792 in
873 726 1245 793 hominibus
1287 727 1486 810 primi
1530 727 1773 811 gradus
1816 738 1883 794 et
1924 727 2190 793 ordinis,
2252 727 2413 791 Vel:

452 813 588 881 Ubi
646 813 720 878 in
774 811 1217 879 sacerdotibus
1275 813 1437 899 ipsis
1492 811 1799 899 (quorum
1855 813 2067 879 maior
2122 821 2224 878 est
2272 813 2414 896 dig-

454 896 655 985 nitas)
719 900 1162 965 sanctificatus
1227 897 1446 978 fuero,
1514 899 1723 983 gloria
1783 920 1932 964 mea
1997 920 2217 965 coram
2275 908 2414 964 toto

540 985 695 1069 pulo
738 984 1031 1067 fulgebit.
1119 985 1212 1050 Et
1253 1004 1411 1050 sane
1454 986 1756 1068 quamvis
1800 986 2137 1049 turmatim
2184 984 2416 1067 puniat

454 1007 644 1137 &eus
726 1070 1035 1136 obscuros
1099 1069 1426 1147 homines,
1504 1070 1752 1155 frigent
1814 1070 1930 1136 illa
1994 1070 2412 1135 documenta:

454 1157 739 1223 nobilior
773 1164 990 1221 autem
1037 1167 1104 1220 et
1145 1156 1471 1240 insignior
1529 1156 1875 1222 hominum
1931 1154 2214 1222 conditio
2257 1156 2416 1220 facit

455 1253 533 1308 ut
597 1243 668 1307 in
750 1240 877 1307 Dei
945 1241 1185 1307 iudicia
1251 1262 1477 1307 omnes
1558 1241 1694 1306 fere
1757 1240 1980 1308 oculos
2043 1242 2414 1308 coniiciant.

458 1327 875 1395 Sanctificari
941 1335 1162 1392 autem
1227 1327 1431 1392 variis
1497 1326 1709 1393 modis
1780 1327 2022 1393 dicitur
2086 1328 2158 1392 in
2223 1326 2414 1392 nobis

454 1414 662 1491 Deus,
710 1415 848 1479 sive
892 1412 1292 1491 misericors,
1345 1413 1487 1480 sive
1532 1433 1797 1479 severus
1841 1412 2040 1479 iudex
2078 1423 2412 1497 appareat.

454 1499 646 1565 Haec
710 1519 869 1566 vero
934 1498 1262 1565 sententia
1326 1499 1407 1563 ad
1465 1508 1712 1563 metum
1781 1507 1848 1564 et
1912 1497 2412 1564 sollicitudinem

455 1586 766 1651 hortatur
812 1604 1230 1667 quoscunque
1273 1584 1457 1649 Deus
1512 1583 1837 1668 singulari
1882 1585 2130 1650 honore
2184 1584 2415 1668 digna-

459 1680 571 1738 tus
630 1679 749 1737 est.
840 1670 1012 1736 Nam
1069 1671 1239 1736 sicut
1292 1670 1525 1753 incipit
1579 1668 1891 1736 iudicium
1936 1692 1976 1736 a
2019 1670 2208 1737 domo
2265 1671 2412 1749 Dei,

459 1758 555 1821 ita
596 1778 722 1839 quo
766 1758 1040 1838 quisque
1083 1755 1379 1838 pluribus
1432 1755 1620 1822 donis
1671 1755 1778 1823 vel
1820 1757 2053 1821 maiori
2088 1756 2415 1822 excellen-

460 1842 555 1907 tia
611 1850 885 1907 ornatus
934 1850 1062 1918 est,
1123 1861 1200 1906 eo
1260 1841 1470 1925 magis
1537 1841 1877 1908 devinctus
1936 1853 2035 1907 est
2100 1841 2279 1923 Deo,
2338 1862 2414 1907 ac

458 1929 603 1994 eius
645 1926 1050 2011 ingratitudo
1093 1926 1377 2010 graviori
1416 1947 1663 2010 poenae
1698 1927 2001 1993 obnoxia.

631 2014 691 2078 3.
739 2012 828 2078 Et
858 2013 1043 2079 siluit
1084 2012 1369 2079 Aharon.
1458 2013 1708 2097 Magna
1756 2012 1901 2079 laus
1944 2014 2221 2094 silentii,
2279 2034 2408 2096 quo

454 2099 790 2165 confessus
844 2110 943 2164 est
1003 2097 1272 2164 Aharon
1326 2098 1502 2163 iusto
1559 2100 1686 2164 Dei
1750 2098 1988 2165 iudicio
2052 2098 2412 2165 exstinctos

456 2205 600 2250 esse
677 2184 863 2250 filios.
954 2183 1306 2269 Significat
1370 2194 1594 2250 autem
1672 2185 1894 2251 Moses
1982 2184 2413 2250 admonitioni

453 2270 761 2349 cessisse,
808 2279 872 2335 et
917 2271 1011 2334 ita
1053 2269 1253 2335 fuisse
1297 2269 1653 2335 cohibitum
1699 2292 1783 2336 ne
1826 2290 1976 2335 cum
2019 2271 2164 2335 Deo
2206 2270 2412 2335 rixari

453 2355 746 2421 auderet.
836 2356 951 2421 Sic
1030 2356 1282 2421 Paulus
1347 2356 1740 2438 scripturam
1819 2356 2004 2422 nobis
2069 2355 2227 2423 dicit
2291 2376 2406 2440 pa-

452 2443 722 2507 tientiae
763 2443 1155 2524 magistram
1220 2462 1362 2507 esse
1415 2440 1639 2591 giom.
1703 2441 1817 2521 15,
1862 2441 1946 2528 4).
2035 2441 2259 2523 Quare
2296 2442 2409 2508 ubi

450 2528 733 2592 nimium
791 2526 1052 2593 fervent
1108 2528 1318 2592 nostri
1376 2546 1416 2591 a
1467 2538 1681 2605 ectus,
1739 2526 2065 2593 discamus
2109 2528 2231 2595 hoc
2274 2528 2408 2593 illis

452 2611 764 2679 sedandis
829 2622 896 2677 et
959 2611 1340 2679 fraenandis
1418 2613 1738 2697 optimum
1817 2634 1960 2679 esse
2025 2614 2405 2693 remedium,

449 2698 773 2765 subiicere
830 2720 951 2764 nos
1013 2699 1189 2776 Deo,
1258 2707 1324 2763 et
1390 2699 1728 2764 humiliari
1787 2700 1910 2765 sub
1970 2702 2220 2782 potenti
2265 2701 2406 2766 eius

445 2806 673 2850 manu.
761 2784 916 2850 Huc
958 2805 1078 2849 nos
1121 2804 1243 2850 suo
1287 2785 1587 2867 exemplo
1629 2785 1871 2850 invitat
1923 2784 2144 2852 David
2202 2807 2404 2870 quum

448 2870 643 2939 dicit:
705 2871 935 2936 Mutus
978 2870 1189 2936 factus
1233 2892 1413 2950 sum,
1461 2880 1528 2935 et
1576 2892 1707 2936 non
1756 2872 1985 2953 aperui
2030 2893 2104 2937 os
2149 2892 2402 2938 meum:

445 2959 603 3041 quia
647 2966 719 3021 tu
762 2956 972 3022 fecisti
1017 2954 1219 3041 (Psal.
1255 2957 1361 3036 39,
1402 2955 1490 3044 3).

618 3041 678 3107 4.
743 3041 833 3108 Et
872 3043 1116 3109 vocavit
1161 3040 1391 3109 Moses.
1477 3042 1541 3107 N
1542 3064 1578 3107 e
1620 3043 1822 3108 funus
1856 3044 2169 3109 efferrent
2211 3043 2402 3110 Elea-

443 3149 555 3193 zar
634 3136 702 3194 et
767 3127 1097 3206 Ithamar,
1176 3129 1370 3193 iussit
1433 3129 1656 3194 Moses
1720 3129 1882 3195 alios
1955 3138 2396 3203 antevertere.

443 3214 627 3279 Fieri
688 3214 888 3279 etiam
945 3222 1164 3297 potest
1221 3224 1295 3278 ut
1349 3235 1577 3280 omnes
1634 3225 1886 3281 terrore
1925 3214 2241 3281 admoniti
2285 3217 2399 3282 ob-

440 3301 837 3384 torpuerint.
887 3301 1157 3365 Patrem
1199 3307 1265 3364 et
1308 3301 1542 3365 fratres
1586 3321 1784 3384 super
1815 3301 2076 3367 illorum
2120 3304 2396 3367 interitu

441 3386 672 3471 lugere
706 3392 904 3463 vetat,
942 3407 1073 3451 non
1110 3397 1243 3451 tam
1280 3384 1642 3451 secundum
1678 3387 1909 3469 legem,
1948 3408 2094 3470 qua,
2138 3409 2398 3454 summo

441 3480 702 3538 tantum
784 3480 1054 3555 excepto
1134 3470 1492 3552 sacerdote,
1571 3472 1716 3538 aliis
1802 3474 2197 3556 permissum
2274 3475 2398 3540 fuit

439 3559 682 3624 fratres
762 3578 1111 3641 germanos
1190 3557 1451 3642 lugere:
1534 3578 1733 3641 quam
1813 3579 1896 3623 ne
1974 3560 2398 3625 memorabile

438 3643 607 3710 illud
674 3643 1170 3721 documentum,
1254 3665 1380 3728 quo
1445 3643 1674 3728 religio
1736 3646 2085 3728 magnifice
2149 3655 2399 3711 asserta

438 3732 657 3796 fuerat
674 3781 690 3809 ,
772 3751 890 3795 suo
971 3729 1157 3795 luctu
1236 3730 1678 3796 obscurarent.
1768 3731 2032 3796 Interea
2103 3741 2400 3797 mortuos

436 3817 506 3881 lu
557 3816 656 3881 eri
691 3836 920 3898 passus
956 3827 1055 3882 est
1090 3816 1279 3881 Deus
1315 3837 1352 3880 a
1387 3817 1646 3898 populo,
1683 3837 1769 3881 ne
1804 3837 2048 3900 poenae
2081 3818 2397 3883 memoria

437 3837 656 3967 subito
701 3902 1014 3968 efflueret.
1102 3902 1281 3966 Dum
1328 3902 1554 3986 egredi
1610 3911 1789 3968 vetat
1845 3903 1929 3968 ab
1969 3903 2136 3968 ostio
2180 3904 2394 3970 taber-

438 3988 694 4067 naculi,
736 4008 885 4052 non·
915 4009 1024 4054 eos
1069 3988 1209 4053 loco
1250 3987 1344 4052 ita
1385 3987 1625 4071 affigit,
1669 3997 1743 4052 ut
1781 4009 1821 4053 a
1862 3989 2141 4072 privatis
2185 3991 2396 4056 taber-

438 4075 699 4139 naculis
751 4074 1091 4141 exsulent:
1152 4072 1266 4139 sed
1325 4072 1405 4137 ab
1466 4074 1647 4138 omni
1708 4074 2071 4157 pollutione
2113 4085 2393 4154 revocat,

443 4181 611 4244 quae
655 4159 941 4226 officium
988 4160 1286 4225 deserere
1325 4158 1432 4224 vel
1465 4159 1906 4227 intermittere
1950 4164 2282 4247 coegisset.

994 4503 1129 4570 Ex
1162 4504 1467 4572 LEVIT.
1512 4504 1713 4574 OAP.
1759 4507 1848 4574 X.

620 4674 721 4740 12.
790 4674 1119 4757 Loquutus
1171 4681 1263 4742 est
1317 4683 1528 4743 autem
1589 4677 1806 4745 Moses
1869 4679 1955 4745 ad
1995 4678 2287 4759 Ahar-on,
2342 4686 2400 4746 et

442 4761 733 4827 Eleazar
793 4766 853 4827 et
910 4761 1201 4829 Ithamar
1260 4763 1430 4845 filios
1492 4764 1651 4845 eius,
1723 4766 1836 4846 qui
1898 4765 2126 4848 reliqui
2188 4770 2398 4831 erant.-

450 4847 673 4913 Tollite
734 4847 956 4914 minha
1009 4869 1171 4930 quae
1221 4850 1524 4914 remansit
1579 4871 1655 4915 ex
1709 4850 2120 4917 oblationibus
2175 4852 2397 4935 iqnitis

445 4932 749 5013 Iebovae,
804 4939 861 4999 et
912 4936 1200 5000 comedite
1239 4933 1419 5000 illam
1456 4954 1595 5001 cum
1651 4939 1895 5018 azymis
1946 4938 2128 5002 iuoeta
2169 4937 2399 5003 altare.-

443 5020 604 5101 quia
635 5022 941 5086 sanctitas
971 5021 1369 5085 sanctitatum
1400 5025 1505 5086 est.
1575 5021 1676 5088 13.
1719 5019 2078 5102 Comedetis,
2113 5024 2395 5106 inquam,

444 5105 1187 5173 illmninlocosancto:
1242 5107 1397 5188 quia
1451 5108 1522 5171 in
1562 5108 2394 5177 statutumtibietinsta-

445 5196 652 5256 tutum
704 5190 865 5272 siliis
914 5193 1044 5258 tuis
1098 5188 1191 5257 est
1242 5192 1317 5257 de
1379 5192 1787 5259 oblationibus
1854 5195 1866 5208 '
1947 5195 2061 5259 itis
2106 5194 2397 5262 Iebovae:

446 5278 606 5361 quia
636 5277 733 5343 sic
764 5278 981 5343 iussus
1020 5297 1177 5343 sum.
1270 5278 1370 5344 14.
1436 5278 1525 5343 Et
1552 5284 1693 5362 pect
1915 5299 1981 5344 m
2010 5281 2393 5364 aqitationis,

450 5369 511 5429 et
555 5382 807 5429 amum
853 5363 1208 5430 elevationis
1260 5365 1580 5431 comedetis
1629 5367 1703 5430 in
1745 5364 1870 5430 loco
1912 5368 2172 5448 mwndo,
2229 5372 2297 5432 tu
2340 5373 2399 5434 et

1871 451 2283 520 suemus
2325 403 2459 518 Au
2497 451 3048 520 ms‘romffl.

4347 461 4475 529 142

2514 640 2643 721 filii
2698 643 2822 721 tui,
2882 645 2938 705 et
2988 641 3162 723 filiae
3217 647 3630 711 tuaetecum:
3682 646 3839 727 quia
3891 647 3963 712 in
4009 653 4314 715 statutum
4356 651 4478 718 tibi

2519 732 2576 791 et
2616 727 2687 791 in
2719 731 3021 792 statutum
3073 727 3237 809 siliis
3281 731 3410 796 tuis
3442 731 3594 795 data
3640 737 3787 797 sunt
3827 732 3905 797 de
3945 734 4284 815 sacrificiis
4311 756 4476 818 pro·

2516 813 2883 895 speritatmn
2934 813 3217 893 filiorum
3281 814 3506 882 Israel.
3599 817 3698 882 15.
3757 818 4034 884 Armum
4091 820 4475 905 elevationis,

2517 903 2575 963 et
2632 899 3060 982 pectusculum
3127 901 3490 983 aqitationis
3551 921 3692 967 cum
3772 903 4185 971 oblationibus
4247 907 4470 991 iqnitis

2518 984 2782 1067 adipum
2838 986 3127 1067 afferent,
3188 991 3262 1051 ut
3316 988 3513 1070 aqites
3565 990 3906 1073 aqitatione
3957 1010 4166 1059 coram
4209 992 4478 1061 Iekova:

2517 1076 2575 1135 et
2630 1070 2739 1135 hoc
2794 1072 2916 1135 erit
2967 1070 3081 1137 tibi
3123 1077 3178 1135 et
3228 1071 3392 1153 filiis
3432 1073 3563 1138 tuis
3611 1080 3801 1139 tecum
3861 1078 3931 1141 in
3983 1083 4283 1143 statutum
4313 1100 4468 1161 per-

2507 1160 2767 1237 petuum
2781 1205 2798 1235 ,
2884 1157 3396 1238 quemadmodum
3465 1162 3785 1245 praecepit
3871 1162 4117 1229 Iehova.
4210 1166 4309 1231 16.
4377 1165 4469 1231 Et

2517 1241 2760 1306 hircum
2836 1241 3107 1307 oblatum
3178 1263 3305 1324 pro
3359 1250 3611 1326 peccato
3693 1248 4063 1328 requirendo
4136 1253 4472 1332 requisivit

2521 1325 2760 1405 Moses,
2806 1333 2865 1391 et
2897 1348 3024 1393 ecce
3039 1376 3055 1408 ‚
3090 1328 3443 1395 combustus
3482 1336 3647 1396 erat.-
3698 1337 3829 1397 tum
3871 1334 4077 1399 iratus
4118 1343 4205 1400 est
4244 1342 4465 1403 contra

2517 1409 2799 1478 Eleazar
2840 1419 2897 1483 et
2952 1414 3244 1480 Ithamar
3289 1416 3458 1496 filios
3519 1416 3785 1482 Akaron
3848 1421 4119 1499 relictos,
4178 1422 4468 1488 dicendo:

2522 1500 2623 1563 17.
2695 1497 2828 1564 Gur
2890 1520 3011 1565 non
3072 1501 3423 1567 comedistis
3487 1502 3851 1569 oblationem
3902 1526 4026 1588 pro
4078 1513 4323 1589 peccato
4392 1509 4468 1573 in

2518 1584 2645 1650 loco
2687 1587 3091 1651 sanctitatis?
3123 1593 3213 1651 est
3256 1589 3421 1652 enim
3462 1590 3769 1654 sanctitas
3809 1592 4205 1657 sanctitatum
4221 1645 4236 1673 ,
4269 1613 4464 1676 quum

2517 1670 2700 1735 illam
2741 1671 2981 1737 dederit
3033 1673 3207 1739 vobis
3250 1674 3336 1739 ad
3366 1675 3750 1755 portandum
3781 1676 4174 1758 iniquitatem
4212 1699 4463 1762 conqre·

2511 1757 2806 1838 qationis‚
2846 1763 2904 1821 et
2932 1758 3016 1822 ad
3040 1760 3424 1840 expiandum
3459 1780 3558 1825 eos
3582 1780 3789 1826 coram
3823 1760 4070 1828 Ielzova.
4143 1765 4240 1831 18.
4284 1765 4460 1844 Ecce,

2515 1862 2907 1925 nequaquam
2947 1845 3167 1909 illatus
3210 1851 3300 1909 est
3338 1846 3600 1928 sanquis
3643 1847 3779 1911 eius
3820 1849 3891 1911 in
3932 1850 4318 1916 sanctitatem
4360 1853 4461 1917 in-

2516 1929 2820 1993 trinsecus
2833 1953 2854 1993 .·
2927 1930 3284 1996 comedendo
3359 1932 3669 1999 comedere
3742 1932 4092 2000 debueratis
4156 1936 4339 2003 illam
4391 1939 4464 2002 in

2515 2016 2877 2080 sanctuario
2892 2065 2909 2094 ,
2991 2016 3503 2097 quemadmodum
3554 2021 3871 2100 praecepi.
3964 2021 4063 2087 19.
4138 2022 4467 2104 Loquutus

2520 2105 2610 2163 est
2663 2105 2870 2165 autem
2928 2100 3188 2165 Aharon
3230 2102 3317 2166 ad
3358 2101 3580 2167 Mosen
3594 2128 3613 2166 .-
3664 2103 3825 2169 Ecce
3839 2156 3853 2184 ‚
3895 2104 4075 2171 hodie
4117 2108 4465 2174 obtulerunt

2514 2184 2875 2251 oblationem
2935 2207 3123 2252 suam
3170 2208 3295 2269 pro
3339 2194 3614 2268 peccato,
3679 2195 3734 2253 et
3787 2189 4206 2258 holocaustum
4275 2214 4462 2259 suum

2509 2290 2720 2336 coram
2778 2271 3041 2338 Iehova:
3095 2278 3153 2337 et
3194 2280 3523 2339 evenerunt
3578 2274 3738 2339 mihi
3781 2277 3976 2354 talia,
4032 2283 4120 2356 et,
4178 2280 4238 2343 si
4272 2300 4458 2346 come-

2508 2355 2738 2422 dissem
2774 2358 3133 2424 oblationem
3150 2380 3273 2441 pro
3295 2365 3543 2440 peccato
3583 2360 3781 2439 hodie,
3826 2365 4135 2446 numquid
4164 2366 4456 2447 placuis-

2507 2449 2601 2507 set
2653 2444 2724 2508 in
2773 2445 2970 2510 oculis
3037 2445 3348 2511 Iekovae?
3436 2447 3523 2511 20
3548 2444 3613 2533 ¹).
3685 2446 4025 2529 Postquam
4077 2450 4148 2515 id
4211 2452 4460 2518 audivit

2512 2528 2719 2596 Moses
2749 2530 2993 2612 placuit
3032 2532 3108 2596 ei.

2684 2702 2783 2766 12.
2853 2702 3182 2784 Loquutus
3245 2708 3334 2769 est
3395 2708 3618 2770 autem.
3707 2703 3808 2769 Ne
3871 2704 4144 2789 posthac
4197 2707 4455 2773 inscitia

2511 2788 2894 2871 delinquant
2949 2789 3349 2868 sacerdotes,
3409 2789 3719 2856 admonet
3774 2811 3885 2856 eos
3951 2791 4172 2858 Moses
4234 2793 4453 2861 officii.

2507 2875 2599 2939 Et
2638 2876 2805 2939 forte
2848 2876 3175 2959 praesenti
3218 2874 3439 2958 aliqua
3481 2877 3733 2943 ratione
3775 2886 3994 2943 motus
4038 2886 4163 2958 est,
4208 2887 4285 2943 ut
4328 2880 4451 2947 hac

2508 2959 2589 3025 de
2656 2980 2726 3024 rc
2769 2960 2988 3042 potius
3063 2981 3259 3044 quam
3326 2961 3408 3026 de
3472 2962 3618 3028 aliis
3692 2965 4114 3047 praeciperet.
4202 2966 4450 3031 Parum

2507 3045 2722 3112 adhuc
2777 3055 2966 3110 erant
3024 3047 3369 3113 exercitati
3422 3048 3503 3112 ad
3561 3050 3727 3114 ritus
3792 3049 4168 3116 servandos.
4257 3050 4450 3132 Quod

2503 3132 2813 3198 fratribus
2855 3133 3248 3217 contigerat,
3286 3129 3435 3198 illos
3479 3133 3757 3199 debebat
3798 3134 4071 3200 reddere
4114 3135 4446 3203 sollicitos.

2505 3218 2964 3285 Consternatio
3009 3228 3227 3285 autem
3271 3240 3356 3283 ex
3413 3228 3624 3284 morte
3679 3220 3955 3285 fratrum
4015 3230 4269 3303 poterat
4315 3223 4449 3289 illis

2503 3304 2848 3370 consilium
2906 3312 3246 3384 excutere,
3306 3312 3378 3369 ut
3422 3325 3553 3369 non
3613 3307 3772 3370 satis
3830 3306 4187 3390 composita
4229 3316 4450 3373 mente

2503 3390 2793 3458 studium
2850 3411 3071 3469 suum,
3119 3389 3309 3455 sicuti
3370 3390 3668 3472 decebat,
3718 3392 4121 3475 applicarent
4177 3394 4260 3459 ad
4322 3394 4450 3459 Dei

2500 3477 2779 3543 cultum:
2816 3476 2910 3541 ita
2942 3476 3182 3541 oblatio
3215 3477 3450 3541 fuisset
3483 3486 3806 3560 corrupta.
3866 3479 4047 3562 Ergo
4071 3501 4155 3543 ne
4188 3501 4450 3546 moeror

2500 3564 2595 3628 sic
2644 3582 2754 3627 eos
2791 3562 3137 3627 conturbet
3179 3572 3257 3627 ut
3311 3560 3629 3645 impediat
3669 3564 3752 3629 ab
3791 3565 3986 3629 officii
4022 3585 4214 3646 cura,
4266 3568 4448 3633 iubet

2499 3669 2609 3714 eos
2666 3647 2836 3730 quod
2888 3647 3227 3713 residuum
3271 3648 3470 3714 fuerit
3525 3670 3562 3714 e
3620 3649 3850 3714 minha
3902 3650 4238 3716 comedere
4294 3673 4446 3717 cum

2497 3733 2723 3818 ignitis
2788 3734 3143 3800 sacrificiis.
3232 3734 3426 3801 Unde
3490 3733 3893 3818 colligimus,
3963 3736 4223 3801 obviam
4277 3738 4445 3802 itum

2496 3821 2725 3900 fuisse,
2768 3840 2850 3885 ne
2892 3821 3140 3885 recenti
3196 3842 3490 3887 moerore
3532 3822 3830 3904 occupati
3874 3821 4325 3906 delinquerent
4367 3844 4445 3888 eo

2497 3906 2622 3971 die.
2714 3908 2932 3988 Atque
2983 3913 3058 3971 ut
3107 3927 3217 3972 eos
3274 3907 3356 3972 ad
3415 3906 3778 3990 parendum
3833 3907 4141 3985 adducat,
4195 3909 4446 3992 profert

2497 3992 2629 4058 Dei
2685 3992 3099 4092 autoritatem
3119 4043 3135 4071 ,
3195 3994 3301 4060 cui
3357 3993 3789 4059 sacerdotium
3849 3993 4079 4060 subiici
4133 4015 4252 4077 par
4284 4002 4445 4072 erat,

2498 4099 2808 4229 quanli?
2839 4097 2929 4230 {gt
2962 4078 3545 4230 aegfflmffigtsgss
3586 4183 3714 4246 pro
3767 4168 4033 4247 peccate.
4123 4164 4302 4246 Quid
4362 4166 4443 4232 de

2495 4249 2681 4317 hirco
2724 4249 3049 4334 agendum
3089 4258 3280 4329 esset,
3326 4272 3458 4316 non
3500 4257 3796 4317 tacuerat
3836 4250 4088 4315 Moses:
4133 4260 4200 4315 et
4243 4253 4443 4319 sacri-

2496 4336 2719 4401 ficium
2779 4334 2863 4400 ab
2925 4355 3002 4400 eo
3077 4344 3412 4417 peractum
3475 4337 3756 4403 ocularis
3834 4336 4047 4401 fuerat
4125 4337 4441 4404 doctrina.

2497 4421 2924 4505 Propositum
2989 4420 3207 4486 fuerat
3284 4420 3454 4506 quod
3533 4423 3977 4486 imitarentur:
4069 4422 4194 4490 hoc
4268 4423 4442 4508 apud

2498 4528 2736 4592 pueros
2800 4506 3144 4572 sufficeret.
3235 4507 3440 4591 Atqui
3506 4505 3607 4593 (ut
3669 4506 3833 4593 dixi)
3913 4508 3977 4570 in
4042 4508 4240 4576 rebus
4303 4519 4440 4574 tam

2499 4594 2689 4661 seriis
2745 4592 2953 4658 labori
3011 4602 3079 4658 et
3128 4591 3506 4678 diligentiae
3549 4614 3681 4658 non
3746 4603 4125 4677 pepercerat
4188 4595 4440 4661 Moses:

2496 4680 2619 4745 filii
2662 4688 2881 4745 autem
2940 4679 3242 4759 Aharon,
3300 4680 3488 4762 quasi
3533 4679 3700 4744 nihil
3754 4699 4047 4762 unquam
4104 4681 4441 4745 audissent

2499 4775 2615 4831 aut
2678 4764 3040 4845 vidissent,
3117 4772 3328 4831 totum
3394 4764 3691 4831 ordinem
3754 4774 4167 4848 pervertunt:
4236 4785 4438 4847 quum

2496 4858 2716 4917 tamen
2775 4851 2967 4934 paulo
3024 4860 3176 4916 ante
3239 4850 3522 4918 fuissent
3575 4851 3894 4916 admoniti
3952 4871 4021 4915 se
4080 4852 4439 4934 praefectos

2498 4957 2643 5003 esse
2707 4935 2790 5001 ad
2866 4935 3356 5003 custodiendam
3436 4937 3565 5002 Dei
3639 4936 4017 5003 custodiam.
4103 4937 4304 5001 Forte
4367 4938 4438 5001 in

2497 5043 2649 5087 eum
2705 5042 2987 5087 errorem
3055 5023 3233 5108 ipsos
3299 5023 3563 5107 impulit
3610 5023 4010 5108 perturbatio
4060 5041 4141 5085 ex
4199 5020 4437 5104 dolore,

2672 5245 2729 5316 1)
2764 5244 2877 5299 Hic
2921 5245 3143 5300 ultimus
3184 5260 3373 5300 versus
3407 5261 3520 5301 non
3554 5245 3751 5314 lenitur
3784 5244 3847 5296 in
3892 5241 4128 5299 editione
4168 5245 4358 5313 princi
4421 5287 4435 5299 .

2495 5314 2744 5440 ffltur
2800 5318 2981 5370 tamen
3033 5316 3094 5369 in
3144 5316 3390 5369 versione
3437 5314 3637 5383 gallica
3689 5317 3740 5367 et
3781 5313 3842 5365 in
3886 5313 4114 5367 caeteris
4168 5329 4315 5369 exem
4409 5343 4435 5354 -
