5017 6142
571 451 701 518 203

574 640 810 707 affectu
875 637 1159 721 eapitur,
1238 657 1370 701 non
1435 633 1661 701 dubito
1728 644 1945 699 tamen
2013 634 2170 718 quin
2229 642 2526 719 metony-

575 723 1109 875 micebsignifieet
1151 722 1373 789 Moses
1417 720 1730 788 divinitus
1769 720 1865 787 sie
1909 720 2269 785 animatum
2323 719 2524 786 fuisse

575 810 734 877 Cale
779 859 796 875 .
2278 876 2283 880 ,

745 894 849 961 25.
920 893 1180 961 Amalec
1233 898 1291 958 et
1336 890 1767 960 GhananaeuS.
1857 890 2145 973 Quidam
2190 890 2284 956 sie
2320 889 2522 957 resol-

578 990 747 1050 vunt
802 981 1028 1047 verba:
1073 978 1394 1062 Quamvis
1439 976 1839 1044 Amalecitae
1882 977 2181 1044 habitent
2225 976 2292 1041 in
2331 976 2517 1042 valle.

576 1068 714 1134 Alii
755 1084 944 1134 vero:
1005 1064 1334 1146 Quoniam
1382 1063 1781 1130 Amalecitae
1826 1062 2172 1130 subsidunt
2214 1061 2282 1127 in
2328 1061 2520 1128 valli-

575 1153 698 1219 bus
741 1150 823 1218 ad
865 1150 1208 1217 struendas
1253 1150 1542 1216 insidias.
1598 1147 1732 1216 Alii
1779 1148 2160 1215 existimant
2204 1157 2519 1214 terrorem

576 1238 814 1316 incuti,
874 1257 957 1302 ne
1015 1233 1261 1301 diutius
1318 1242 1627 1300 maneant
1683 1235 1755 1301 in
1812 1242 1989 1300 terra
2045 1233 2298 1300 hostili:
2366 1232 2522 1316 quia

575 1321 862 1408 quotidie
907 1321 1189 1405 expositi
1233 1336 1426 1386 erunt
1462 1319 1542 1386 ad
1580 1340 1781 1386 novos
1816 1320 2118 1386 insultus.
2177 1320 2321 1404 Ego
2367 1340 2520 1386 vero

575 1410 786 1494 potius
838 1408 1119 1473 arbitror
1172 1405 1239 1471 id
1297 1405 1732 1489 exprobrandi
1789 1425 1982 1472 eausa
2047 1426 2189 1472 esse
2251 1403 2517 1470 dietum.

573 1495 717 1561 Iam
764 1494 940 1559 enim
986 1491 1067 1557 ad
1130 1500 1342 1557 terrae
1390 1491 1766 1558 habitabilis
1820 1492 1985 1556 fines
2043 1497 2308 1558 ventum
2357 1499 2519 1569 erat,

572 1581 705 1646 iam
757 1579 980 1645 hostes
1043 1586 1235 1643 erant
1296 1576 1705 1661 profligandi.
1794 1576 1989 1642 Iubet
2052 1585 2270 1642 autem
2339 1577 2521 1643 Deus

574 1672 754 1733 retro
790 1686 1054 1731 cursum
1089 1666 1367 1740 flectere,
1400 1670 1468 1726 et
1499 1664 1594 1727 ita
1629 1683 1667 1727 a
1702 1670 1879 1727 terra
1920 1683 2112 1745 quam
2158 1662 2521 1746 attigerant

575 1773 686 1818 eos
736 1750 1025 1834 expellit.
1117 1748 1514 1832 Quanquam
1559 1769 1693 1813 non
1735 1748 1984 1813 infitior
2035 1748 2192 1831 quin
2238 1748 2519 1814 necessi-

575 1845 708 1903 tate
761 1836 1057 1919 exposita
1113 1834 1193 1900 ad
1240 1831 1602 1917 parendum
1666 1854 1775 1898 eos
1831 1840 2048 1917 cogat,
2106 1834 2291 1916 quasi
2346 1832 2519 1900 dice-

575 1931 709 2001 ret,
761 1942 890 1986 non
931 1920 1108 1986 aliud
1152 1930 1396 1985 restare
1455 1939 1649 2002 quam
1696 1926 1770 1984 ut
1813 1929 1998 2005 terga
2044 1916 2389 1997 vertendo,
2447 1939 2519 1986 se

574 2028 803 2074 rursus
842 2007 914 2071 in
958 2005 1288 2071 desertum
1333 2005 1699 2071 coniiciant.

1090 2345 1223 2411 Ex
1264 2342 1595 2411 EODEM
1640 2343 1994 2411 CAPITE.

746 2517 848 2583 26.
902 2516 1229 2599 Loquutus
1304 2520 1393 2583 est
1454 2516 1666 2599 itaque
1733 2516 1964 2583 Iehova
2026 2516 2112 2582 ad
2178 2515 2398 2583 Mosen
2463 2521 2520 2583 et

576 2603 859 2682 Aharon,
902 2602 1189 2668 dumeto.-
1233 2601 1336 2667 27.
1395 2599 1601 2684 Usque
1634 2623 1753 2685 quo
1794 2603 2315 2687 eonyreyationem
2356 2602 2518 2669 hane

564 2708 931 2773 perversam
1003 2687 1211 2770 feram
1225 2738 1241 2767 ,
1320 2707 1478 2770 quae
1553 2693 1910 2753 murmurat
1971 2689 2303 2755 adversum
2364 2708 2461 2754 me
2475 2688 2514 2754 3

574 2773 1099 2840 murmurationes
1141 2771 1419 2853 filiorum
1473 2771 1706 2852 Israel,
1772 2773 1995 2855 quv'bus
2047 2775 2180 2857 ipsi
2234 2794 2516 2840 murmu-

575 2863 721 2925 rant
762 2863 976 2925 eontra
1017 2878 1113 2925 me
1129 2909 1145 2938 ,
1188 2858 1426 2925 audivi.
1514 2858 1615 2924 28.
1666 2857 1798 2925 Die
1838 2880 1978 2943 erqo
2020 2859 2142 2926 eis.-
2198 2860 2351 2926 Vivo
2392 2880 2514 2944 eye,

575 2945 729 3011 duit
771 2944 1028 3023 lehova,
1086 2943 1219 3009 nisi
1667 2965 1775 3009 um
1816 2944 2057 3027 loquuti
2101 2945 2249 3011 estis
2289 2946 2361 3010 iu
2404 2966 2518 3012 au·

574 3030 751 3096 ribus
789 3030 947 3095 meis
988 3029 1080 3094 sie
1110 3030 1306 3112 fecero
1340 3029 1527 3096 vobis.
1593 3030 1695 3096 29.
1742 3029 1830 3095 In
1870 3029 2104 3096 deserto
2145 3030 2265 3096 isto
2301 3032 2521 3098 cadent

575 3116 880 3184 cadavera
921 3119 1143 3193 vestra,
1185 3119 1241 3179 et
1292 3135 1498 3181 omnes
1553 3116 1865 3182 numerati
1905 3117 2123 3196 vestri,
2182 3118 2519 3184 secundum

578 3221 817 3268 omnem
859 3219 1188 3265 numerum
1242 3204 1527 3279 υεεῠιωη,
1585 3222 1628 3266 a
1666 3199 1804 3285 libio
1846 3200 2071 3284 viyinti
2113 3221 2419 3267 annorum
2461 3207 2520 3268 et

575 3285 2519 3452 ssarswgzrmrma

576 3462 712 3523 tare
766 3477 872 3522 vos
922 3457 1193 3539 facerem
1234 3456 1305 3521 in
1349 3477 1454 3523 ea.-
1500 3462 1756 3539 praeter
1809 3455 1996 3525 Galeb
2033 3422 2244 3540 filiu'm
2286 3457 2518 3543 Iephu-

574 3541 710 3622 neh,
754 3547 809 3607 et
842 3541 1113 3608 Iehosua
1141 3542 1354 3623 filium
1378 3542 1552 3608 Nun.
1635 3542 1737 3607 31.
1782 3544 1881 3609 Ae
1909 3546 2221 3626 parvulos
2263 3550 2516 3625 vestros,

573 3629 650 3695 de
690 3627 914 3710 quibus
953 3627 1247 3694 dixistis.-
1293 3627 1377 3692 In
1408 3628 1723 3710 praedam
1764 3633 1973 3710 erunt,
2019 3631 2192 3713 ipsos
2238 3630 2518 3697 introdu-

572 3734 743 3779 cam.-
807 3718 864 3779 et
918 3718 1262 3796 coqnoscent
1325 3717 1557 3778 terram
1620 3713 1808 3778 istam
1871 3734 2060 3797 quam
2123 3717 2514 3799 despexistis.

572 3799 676 3865 32.
751 3796 1077 3865 Cadaver-a
1142 3803 1347 3864 autem
1408 3802 1614 3863 vestra
1669 3799 1887 3865 cadent
1949 3801 2021 3865 in
2084 3801 2313 3867 deserto
2388 3802 2515 3869 hoe.

573 3885 677 3951 33.
744 3884 833 3949 Et
869 3884 998 3965 fila?
1039 3885 1229 3949 vestri
1260 3888 1545 3967 pastores
1592 3890 1774 3949 erunt
1829 3884 1896 3950 in
1939 3885 2174 3953 deserto
2215 3886 2324 3955 hoe
2366 3907 2520 3970 qua-

572 3971 873 4053 drayinta
914 3969 1131 4035 annis.-
1171 3973 1227 4035 et
1247 3968 1590 4051 portabunt
1629 3971 2023 4038 scortationes
2056 3976 2298 4040 vestras
2330 3973 2520 4040 donee

573 4058 1015 4123 consumantur
1056 4054 1364 4121 cadavera
1422 4060 1629 4120 vestra
1670 4057 1741 4121 in
1775 4057 2026 4123 deserto.
2117 4057 2219 4124 34.
2291 4057 2520 4126 Secun-

571 4143 727 4209 dum
767 4160 1096 4206 numerum
1126 4139 1373 4204 dierum
1405 4139 1632 4222 quibus
1664 4142 2039 4223 explorastis
2072 4149 2322 4223 terram,
2367 4167 2520 4229 qua·

575 4227 872 4311 drayinta
920 4224 1165 4304 diebus,
1209 4245 1566 4307 unoquoque
1607 4227 1710 4293 die
1738 4247 1865 4310 pro
1908 4249 2072 4295 anno
2113 4250 2265 4305 uno.
2300 4236 2521 4311 porta-

574 4312 723 4378 bitis
764 4311 1126 4393 inmuitates
1157 4315 1393 4375 vestras
1433 4312 1505 4376 in
1546 4311 1802 4392 deserto,
1845 4318 1901 4378 et
1941 4316 2302 4398 cognoscetis
2341 4317 2522 4383 vani-

574 4402 761 4465 tatem
796 4416 1015 4461 meam.
1104 4393 1206 4460 35.
1272 4395 1410 4478 Eyo
1454 4395 1684 4462 Iehova
1726 4398 2017 4481 loquutus
2058 4420 2230 4466 sum.-
2277 4400 2353 4468 Sa·
2395 4423 2521 4469 non

574 4484 685 4549 hoe
714 4482 910 4564 fecero
948 4480 1275 4546 universae
1308 4483 1761 4566 eonyreyationi
1791 4484 1938 4551 huie
1959 4506 2327 4569 perversae.-
2359 4507 2522 4570 quae

575 4570 1087 4732 mewa
1129 4565 1479 4718 xxm
1542 4588 1668 4719 ’ξδ’
1732 4570 2523 4740 ἱῗνψῖθῧῖἑῗβὲἳιῗῖοῒ

576 4738 835 4802 miserat
879 4733 1086 4801 Moses
1142 4737 1229 4803 ad
1283 4738 1729 4819 explorandam
1789 4745 2021 4808 terram
2036 4793 2053 4822 ,
2119 4745 2232 4826 qui
2284 4680 2523 4812 regersi

577 4841 972 4887 murmurare
1028 4822 1302 4904 fecerant
1364 4824 1665 4890 adversus
1729 4847 1868 4891 eum
1930 4834 2210 4895 cunctam
2277 4851 2522 4916 conare-

572 4909 901 4992 yationem‚
957 4908 1325 4975 detrahendo
1367 4914 1598 4977 terrae.-
1662 4911 1765 4977 37.
1823 4911 2180 4980 Morientur
2238 4917 2368 4981 viri
2421 4917 2524 4983 illi

578 4995 688 5076 qui
730 5000 932 5060 terrae
963 4993 1376 5072 detraxerunt,
1408 4994 1610 5080 playa
1644 5017 1849 5063 eoram
1888 4998 2131 5066 Iehova.
2199 5001 2300 5068 38.
2350 5001 2525 5069 Ieho-

582 5256 825 5318 terram

1994 444 2397 514 REDI'PUS
2443 446 2573 511 AD
2615 445 3160 514 HISTORIAM.

4450 445 4581 513 204

2795 635 2897 702 26.
2987 634 3314 718 Loquutus
3412 640 3504 703 est
3582 635 3792 719 itaque
3879 634 4125 703 Iehova.

2627 720 2937 787 transtuli
3019 742 3137 804 per
3227 741 3453 788 vocem
3528 720 3758 804 Itaque
3776 772 3793 799 ,
3859 719 3942 788 ad
4012 720 4575 791 continuationem

2623 805 2999 873 notandam.
3044 806 3275 889 Neque
3319 807 3494 872 enim
3529 805 3884 890 quidquam
3929 827 4175 874 novum
4207 807 4311 875 hie
4343 815 4574 873 narrat

2624 891 2871 961 Moses:
2951 890 3067 959 sed
3110 891 3477 977 explicandi
3533 913 3726 960 causa
3787 892 4078 960 inculcat
4142 914 4279 958 rem
4346 893 4574 978 magni

2621 979 2967 1044 momenti:
3030 978 3357 1063 privatum
3417 977 3664 1045 seilicet
3727 978 3814 1044 iri
3882 987 4097 1044 terrae
4159 978 4572 1063 possessione

2623 1064 2735 1147 qni
2801 1064 2960 1129 illuc
3026 1063 3281 1148 ingredi
3347 1074 3828 1131 recusaverant.
3917 1063 4280 1130 Exordium
4348 1072 4573 1130 autem

2620 1158 2722 1216 est
2755 1149 3085 1232 pathetica
3120 1150 3566 1234 interrogatio.
3626 1148 3985 1233 Quousque
4008 1148 4275 1216 tandem
4295 1148 4571 1219 ferenda

2622 1234 2750 1300 erit
2790 1236 2881 1300 im
2929 1242 3165 1301 ortuna
3197 1236 3312 1301 illa
3354 1235 3505 1305 faex
3546 1235 3769 1318 populi
3811 1255 3979 1318 quae
4021 1235 4397 1320 obstrepere
4434 1256 4572 1302 non

2621 1257 2927 1387 desinis?
2952 1321 3128 1387 Dicit
3172 1329 3392 1389 autem
3431 1320 3612 1387 Deus
3652 1343 3721 1387 se
3757 1319 4085 1388 audivisse
4128 1321 4572 1389 tumultuosos

2619 1405 2877 1473 illorum
2945 1406 3294 1473 clamores:
3351 1427 3481 1490 quo
3547 1407 3791 1473 certius
3848 1428 3886 1472 a
3980 1416 4208 1474 oseant
4263 1406 4570 1472 intolera-

2621 1489 2815 1558 bilem
2882 1513 3024 1558 esse
3085 1513 3270 1559 suum
3336 1491 3745 1576 superbiam,
3811 1514 3999 1559 emus
4063 1493 4277 1558 Deum
4349 1493 4570 1577 ipsum

2622 1577 2873 1656 taedet,
2933 1578 3229 1661 quamvis
3280 1579 3523 1644 multae
3565 1579 3654 1643 sit
3706 1578 4061 1661 patientiae
4120 1588 4185 1644 et
4223 1577 4451 1644 tardus
4484 1577 4569 1644 ad

2621 1662 2806 1730 iram.
2897 1661 3090 1730 Salsa
3154 1670 3375 1729 autem
3439 1664 3653 1730 ironia
3718 1684 3827 1730 eos
3883 1664 4298 1748 perstringit,
4363 1684 4569 1746 quum

2619 1747 2778 1815 dicit
2821 1771 2891 1815 se
2935 1760 3234 1817 acturum
3280 1772 3364 1816 ex
3406 1770 3634 1815 eorum
3680 1750 4008 1816 sententia
4053 1758 4117 1815 et
4153 1763 4328 1816 voto.
4392 1748 4567 1833 Ipsis

2620 1834 2880 1918 quidem
2919 1834 3086 1900 nihil
3121 1836 3342 1900 minus
3376 1842 3516 1901 erat
3550 1834 3955 1919 propositum
3989 1855 4186 1919 quam
4212 1834 4284 1901 in
4308 1835 4568 1902 deserto

2620 1920 2881 2005 vagari:
2941 1920 3057 1987 sed
3100 1920 3253 2005 quia
3296 1921 3674 2006 refugerant
3719 1930 3931 1987 terrae
3976 1941 4335 2000 accessum,
4382 1919 4569 1989 Deus

2618 2029 2687 2073 se
2745 2004 2879 2072 illis
2933 2005 3329 2092 morigerum
3383 2006 3522 2072 fore
3566 2005 3693 2071 alio
3736 2027 3937 2073 sensu
3981 2006 4168 2073 dicit:
4229 2007 4385 2091 quia
4444 2006 4570 2074 sci-

2617 2092 2775 2159 lieet
2840 2101 3051 2158 terrae
3117 2112 3310 2175 quam
3376 2101 3769 2242 spreverunt
3832 2102 4181 2176 eonspectu
4232 2113 4569 2176 nunquam

2618 2178 2968 2261 potientur.
3059 2176 3404 2243 Iuroiuran
3454 2198 3493 2242 o
3556 2196 3882 2244 summam
3961 2178 4384 2245 offensionem
4449 2188 4569 2244 exi·

2616 2263 2874 2348 primit:
2944 2263 3116 2328 sient
3180 2262 3375 2328 etiam
3441 2262 3681 2328 dicitur
3736 2263 3805 2328 in
3871 2263 4139 2330 Psalmo
4205 2261 4348 2350 (95,
4420 2262 4566 2349 11):

2618 2348 2842 2432 Quare
2883 2347 3101 2415 iuravi
3144 2348 3212 2414 in
3257 2348 3358 2414 ira
3400 2368 3582 2414 mea:
3637 2346 3713 2414 Si
3759 2349 4126 2416 introibunt
4165 2348 4236 2414 in
4274 2349 4567 2433 requiem

2621 2455 2848 2500 meam.
2938 2434 3045 2498 Ita
3092 2453 3249 2500 vero
3308 2434 3571 2517 percelli
3629 2455 3855 2500 eorum
3909 2445 4241 2520 stuporem
4301 2455 4566 2502 necesse

2618 2519 2777 2599 fnit,
2837 2541 2921 2584 ne
2972 2518 3115 2584 Deo
3176 2527 3517 2602 tantopere
3574 2521 3957 2589 exacerbato
4029 2521 4150 2588 sibi
4203 2540 4319 2604 pro
4383 2541 4569 2587 more

2619 2604 3052 2689 indulgerent.
3142 2604 3433 2672 Poenam
3633 2615 3823 2672 ravat
3885 2606 4015 2673 alia
4057 2607 4567 2688 circumstant-ia,

2621 2689 2791 2774 quod
2836 2690 3240 2757 haereditate
3283 2626 3765 2774 privanacfigsint
3801 2711 3994 2776 quam
4041 2691 4348 2758 Abrahae
4389 2692 4568 2758 iura-

4252 634 4578 719 Copulam

2630 2785 2809 2842 verat
2864 2798 2934 2843 se
2990 2774 3315 2843 daturum.
3405 2776 3683 2843 Levatio
3740 2778 3915 2843 enim
3972 2798 4206 2843 manus
4263 2775 4365 2864 (ut
4413 2778 4571 2845 alibi

2624 2862 2868 2931 dictum
2936 2860 3062 2948 est)
3128 2863 3296 2929 ritus
3350 2860 3480 2927 fuit
3534 2862 3990 2929 iurisiurandi:
4056 2861 4324 2946 perinde
4378 2884 4455 2930 ae
4509 2864 4569 2931 si

2624 2955 2887 3014 extenta
2945 2966 3146 3015 manu
3203 2947 3386 3013 Deus
3444 2949 3625 3015 testis
3684 2956 3751 3015 et
3806 2945 4007 3015 iudex
4055 2958 4496 3017 accerseretur
4531 2970 4570 3017 e

2623 3034 2820 3101 coelo.
2907 3033 3055 3100 Etsi
3112 3040 3327 3100 autem
3375 3032 3443 3098 id
3501 3034 3572 3099 in
3630 3034 3845 3100 Deum
3903 3034 4164 3120 proprie
4224 3055 4355 3099 non
4392 3055 4569 3101 eom-

2622 3118 2816 3204 petit,
2889 3119 3129 3186 scimus
3199 3128 3423 3185 tamen
3498 3128 3571 3184 ut
3644 3119 3849 3185 soleat
3925 3120 3997 3185 in
4072 3141 4143 3188 se
4208 3119 4569 3187 transferre

2622 3226 2788 3289 quae
2844 3216 3001 3270 sunt
3060 3205 3421 3272 hominum.
3509 3204 3717 3271 Porro
3776 3205 3936 3272 haec
3992 3206 4216 3289 gravis
4270 3206 4397 3271 fuit
4453 3228 4570 3272 ex-

2621 3290 2983 3374 probratio,
3051 3312 3159 3356 eos
3217 3290 3466 3356 malitia
3522 3311 3642 3357 sna
3699 3295 3767 3356 et
3834 3291 4165 3374 protervia
4229 3292 4568 3360 exinanire

2623 3377 2747 3442 Dei
2793 3376 3289 3459 promissionem
3336 3375 3757 3444 iureiurando
3802 3376 4151 3455 sancitam,
4207 3399 4289 3443 ne
4333 3378 4569 3445 saltem

2621 3461 2926 3529 effeetum
3005 3482 3163 3547 erga
3238 3483 3346 3528 eos
3422 3482 3619 3529 suum
3693 3462 4028 3547 proferret.
4117 3462 4289 3528 Nam
4370 3463 4567 3546 paulo

2617 3555 2771 3632 post
2826 3547 3112 3614 ostendit
3174 3547 3358 3614 Deus
3374 3600 3391 3627 ,
3455 3549 3755 3631 quamvis
3821 3546 4111 3614 ablatum
4177 3548 4568 3617 beneficium

2619 3633 3023 3719 respuerint,
3083 3653 3153 3700 se
3210 3641 3428 3700 tamen
3472 3634 3615 3699 fore
3673 3654 4003 3712 veracem,
4061 3633 4218 3717 quia
4271 3635 4567 3718 parvulis

2620 3740 2849 3786 eorum
2907 3719 3058 3785 filiis
3117 3719 3288 3804 quod
3342 3739 3382 3784 a
3428 3740 3498 3785 se
3556 3719 3941 3802 repulerunt
3986 3720 4363 3805 praestabit.
4454 3719 4568 3789 Sic

2620 3804 2803 3872 Deus
2869 3827 2992 3872 sua
3055 3803 3293 3871 iudicia
3357 3803 3668 3873 advorsus
3731 3805 4139 3891 hypocritas,
4196 3806 4348 3889 quia
4402 3806 4570 3874 falso

2621 3890 2990 3958 obtendunt
3036 3890 3175 3956 eius
3220 3911 3458 3956 nomen
3479 3941 3496 3970 ‚
3542 3899 3891 3976 temperat,
3935 3898 4010 3956 ut
4043 3911 4269 3957 semen
4308 3891 4569 3976 aliquod

2621 3982 2963 4044 conservet
3004 3975 3088 4042 ad
3131 3975 3620 4061 propagandam
3664 3977 4034 4044 ecclesiam:
4100 3998 4222 4045 nec
4280 3999 4569 4062 unquam

2620 4062 2714 4128 ita
2791 4083 3061 4129 severus
3128 4068 3232 4127 est
3297 4082 3456 4147 erga
3520 4061 3831 4146 reprobos
3898 4062 4053 4146 quin
4128 4062 4569 4131 misericordia

2621 4149 2760 4214 eius
2802 4169 2961 4233 erga
3005 4147 3240 4215 electos
3286 4147 3524 4234 vigeat.
3610 4148 3756 4213 Imo
3801 4148 3909 4216 hio
3970 4146 4158 4214 docet
4201 4147 4567 4218 beneficum

2621 4256 2690 4299 se
2755 4233 2891 4299 fore
2955 4255 3112 4318 erga
3176 4234 3374 4313 filios,
3452 4240 3528 4299 ut
3592 4232 3888 4317 patribus
3966 4255 4240 4318 poenam
4297 4235 4566 4320 irroget.

2622 4317 2907 4403 Obliqua
2971 4327 3114 4386 erat
3169 4319 3494 4387 accusatio
3554 4318 3714 4398 Dei,
3776 4340 3977 4403 quum
4035 4319 4340 4403 lugerent
4395 4321 4568 4389 filios

2621 4426 2805 4486 suos,
2854 4425 2929 4470 ac
2972 4404 3030 4471 si
3074 4426 3226 4471 mox
3270 4402 3565 4488 rapiendi
3608 4415 3830 4471 essent
3872 4405 3955 4470 ad
4005 4426 4049 4489 p
4330 4425 4344 4469 ε
4402 4407 4567 4473 Pro-

2623 4491 2825 4556 mittit
2861 4491 3044 4557 Deus
3087 4489 3234 4556 illos
3277 4501 3488 4556 terrae
3521 4490 3658 4555 fore
3694 4489 4008 4571 dominos,
4055 4501 4129 4557 ut
4172 4505 4568 4577 coarguatur

2621 4577 2823 4660 impia
2865 4576 3291 4659 blasphemia.

2790 4661 2895 4727 33.
2965 4661 3051 4727 Et
3086 4662 3212 4743 filii
3252 4661 3461 4727 vestri.
3549 4661 3682 4727 Hic
3740 4662 4133 4746 pronunciat
4184 4663 4352 4728 filios
4408 4683 4568 4746 quo-

2622 4769 2747 4831 que
2786 4768 3009 4815 eorum
3055 4746 3346 4813 eiusdem
3389 4766 3636 4831 poenae
3679 4748 3813 4813 fore
3857 4755 4186 4814 consortes
4221 4748 4442 4831 aliqua
4485 4769 4571 4815 ex

2625 4841 2837 4917 parte,
2898 4832 3051 4915 quia
3100 4833 3168 4897 in
3228 4832 3481 4898 deserto
3537 4831 3851 4899 errabunt
3907 4855 4112 4917 usque
4167 4833 4250 4899 ad
4309 4842 4570 4918 tempus

2624 4920 3009 5003 praefixum.
3098 4918 3445 4984 Pastorum
3498 4918 3672 4984 enim
3732 4938 3884 4986 voce
3951 4919 4304 5003 inquilinos
4362 4920 4570 5004 signi-

2622 5006 2804 5083 fieat,
2870 5003 3102 5087 quibus
3163 5025 3481 5088 nusquam
3549 5012 3728 5071 certa
3782 5013 3885 5069 est
3940 5005 4043 5071 vel
4101 5004 4298 5091 longa
4352 5006 4567 5072 statio.

2625 5090 2773 5172 Quo
2837 5091 3120 5174 pertinet
3181 5089 3295 5156 illa
3352 5089 3709 5156 similitudo
3773 5090 3841 5154 in
3900 5091 4154 5169 cantico
4213 5089 4571 5159 Ezechiae:

2624 5176 2999 5260 Hospitium
3034 5197 3252 5241 meum
3292 5176 3680 5242 translatum
3712 5183 3814 5240 est
3849 5177 4030 5258 quasi
4076 5175 4570 5244 tabernaculum

2671 5262 2903 5328 asteris
2960 5259 3114 5348 (Isa.
3174 5262 3288 5342 38,
3337 5261 3463 5348 12).
3550 5260 3633 5325 In
3681 5281 3965 5344 summa,
4024 5281 4227 5347 vagos
4262 5272 4328 5327 et
4362 5261 4568 5328 insta-

2625 5285 2788 5416 Eiles
2844 5348 2982 5414 fore
3041 5347 3416 5430 denunciat,
3470 5346 3658 5413 sicuti
3704 5355 3995 5433 pastores
4038 5369 4157 5433 per
4203 5348 4382 5414 varia
4426 5348 4570 5417 loca
