5017 6142
413 451 540 518 549

450 644 695 706 uatuor.
781 639 884 705 32.
939 636 1043 704 De
1097 636 1261 704 tribu
1300 658 1443 705 vero
1487 635 1829 718 Nepbtbali
1867 634 2077 703 urbem
2116 636 2349 722 refuyii

552 724 784 804 icidae,
853 723 1043 792 Oedes
1104 725 1173 791 in
1242 722 1453 803 Galil,
1524 728 1579 789 et
1640 722 1999 789 suburbana
2060 723 2229 789 eius.-
2289 727 2351 789 et

410 809 711 878 Hamoth·
719 812 851 892 dor,
893 814 949 876 et
988 808 1352 875 suburbana
1392 809 1559 874 eius.-
1601 813 1656 874 et
1702 806 1995 888 canaan,
2033 812 2089 874 et
2128 807 2350 874 subur-

408 896 578 963 bana
618 896 788 963 eius.-
828 894 1011 962 urbes
1042 901 1181 961 tres.
1247 894 1351 959 33.
1403 894 1629 961 Omnes
1661 893 1844 960 urbes
1870 892 2350 979 Gersonitarum

398 1003 522 1068 per
551 981 840 1065 familias
866 1002 1042 1058 suas,
1075 981 1363 1048 tredecim
1393 981 1595 1052 urbes,
1628 984 1683 1046 et
1715 978 2077 1044 suburbana
2110 999 2345 1045 earum.

410 1068 514 1134 34.
561 1064 865 1133 Familiis
923 1072 1129 1132 autem
1172 1065 1453 1148 filiorum
1496 1063 1745 1131 Merari
1787 1064 2151 1131 Levitarum
2191 1065 2348 1132 resi-

407 1154 695 1231 duorum,
730 1153 806 1219 de
834 1152 1005 1218 tribu
1026 1151 1332 1219 Zabulon.-
1370 1152 1675 1227 Iocneam,
1710 1154 1764 1215 et
1798 1149 2158 1217 suburbana
2180 1151 2352 1216 eius.-

412 1237 666 1315 Cartha,
703 1244 761 1304 et
788 1237 1149 1304 suburbana
1181 1238 1350 1303 eius.-
1413 1235 1515 1303 35.
1560 1234 1864 1314 Dimnah,
1902 1241 1959 1301 et
1991 1235 2350 1302 suburbana

406 1325 579 1393 eius.-
658 1323 972 1403 Nahalal,
1039 1328 1095 1389 et
1157 1322 1516 1389 suburbana
1578 1322 1749 1401 eius,
1817 1321 2000 1388 urbes
2062 1326 2345 1404 quatuor.

405 1411 513 1476 36.
558 1409 662 1478 De
703 1409 872 1476 tribu
909 1429 1049 1475 vero
1095 1407 1346 1475 Rubeu:
1400 1406 1626 1488 Beser,
1681 1411 1737 1473 et
1785 1407 2146 1475 suburbana
2182 1408 2345 1473 eius.-

404 1502 464 1565 et
486 1494 748 1575 Iahasa,
785 1501 842 1561 et
880 1494 1244 1561 suburbana
1285 1495 1438 1560 eius.
1503 1492 1607 1559 37.
1654 1491 1989 1573 Cedemoth,
2032 1496 2088 1557 et
2127 1492 2348 1558 subur-

403 1581 571 1647 bana
592 1582 746 1659 eius,
789 1578 1150 1661 mephaath,
1182 1586 1239 1647 et
1269 1579 1631 1645 suburbana
1651 1578 1822 1644 eius.-
1854 1578 2039 1643 urbes
2059 1583 2342 1660 quatuor.

405 1668 511 1734 38.
558 1665 647 1732 H
685 1668 761 1733 de
799 1666 972 1732 tribu
1018 1665 1194 1745 Gad,
1248 1665 1462 1731 urbem
1509 1663 1745 1749 refuyii
1798 1662 2170 1730 homicidae.-
2215 1662 2348 1729 Ra-

404 1751 574 1819 moth
616 1754 689 1817 iu
737 1750 1008 1832 Gileath,
1049 1755 1105 1816 et
1144 1750 1513 1817 suburbana
1555 1750 1728 1815 eius:
1772 1754 1829 1814 et
1861 1747 2255 1826 Mahanaim,
2291 1753 2348 1814 et

402 1838 768 1905 suburbana
809 1838 962 1903 eius.
1025 1836 1128 1903 39.
1176 1836 1442 1913 Hesbon,
1488 1839 1544 1901 et
1584 1834 1941 1901 suburbana
1982 1836 2150 1900 eius.-
2193 1831 2349 1899 Iaa·

402 1945 542 2003 zer,
601 1929 657 1989 et
711 1922 1068 1989 suburbana
1122 1923 1295 1989 eius.-
1348 1921 1528 1987 urbes
1579 1926 1865 2002 quatuor.
1952 1920 2053 1986 40.
2122 1920 2347 1986 Omnes

404 2010 593 2095 urbes
628 2009 909 2092 filiorum
951 2006 1201 2073 Merari
1230 2029 1353 2090 per
1405 2006 1696 2089 fmilias
1752 2025 1909 2072 suas
1947 2006 2063 2089 qui
2101 2005 2347 2071 residui

402 2100 583 2163 erant
614 2097 692 2162 de
730 2094 1005 2177 familiis
1026 2093 1405 2173 Levitarum,
1449 2097 1517 2157 ut
1554 2092 1684 2174 fuit
1722 2112 1861 2157 sors
1902 2111 2129 2171 eorum,
2165 2092 2349 2157 urbes

403 2181 744 2250 duodecim.
854 2181 958 2245 41.
1034 2178 1262 2246 Omnes
1322 2178 1504 2243 urbes
1569 2177 1935 2242 Levitarum
1999 2179 2070 2242 in
2145 2177 2347 2242 medio

397 2266 818 2350 possessionis
856 2265 1135 2347 filiorum
1155 2265 1383 2342 Israel,
1428 2262 1611 2329 urbes
1646 2264 2070 2345 quadrayiuta
2108 2267 2250 2341 octo,
2293 2265 2348 2327 et

681 2372 765 2417 na
807 2371 1042 2418 earum.
1133 2351 1234 2418 42.
1283 2349 1569 2417 Faermzt
1607 2348 1789 2414 wrbes
1829 2348 1988 2414 istae
2039 2347 2343 2431 sinyulae,

403 2443 463 2504 et
504 2436 863 2503 suburbana
904 2456 1124 2502 earum
1153 2456 1278 2518 per
1318 2434 1650 2502 circuitum
1704 2434 2029 2516 ipsarum.-
2083 2434 2177 2499 sic
2217 2453 2343 2498 om-

404 2522 595 2590 uibus
634 2521 891 2589 urbibus
934 2523 1096 2589 istis.
1187 2521 1290 2588 43.
1337 2520 1535 2587 Dedit
1587 2521 1796 2601 itaque
1840 2518 2070 2586 Iehova
2113 2516 2351 2585 Israeli

403 2609 770 2677 universam
818 2613 1053 2674 terram
1095 2607 1170 2674 de
1209 2627 1339 2690 qua
1389 2607 1715 2672 iuraverat
1753 2625 1822 2671 se
1873 2605 2171 2670 datumm
2211 2624 2351 2671 eam

392 2693 696 2779 patribus
748 2714 989 2773 sorani,
1048 2698 1102 2760 et
1136 2692 1547 2776 possederunt
1586 2711 1752 2770 eam,
1803 2690 2352 2773 habitaveruntque

406 2779 480 2846 in
525 2800 615 2845 ea.
705 2780 810 2845 44.
872 2778 1175 2862 Requiem
1216 2797 1456 2860 quoque
1496 2777 1665 2843 dedit
1707 2777 1802 2842 eis
1845 2775 2075 2843 Iebova
2116 2776 2190 2840 in
2230 2776 2352 2841 cir-

405 2865 583 2933 cuitu
613 2884 887 2949 prorsus
928 2869 998 2931 ut
1039 2866 1356 2931 iuraverat
1392 2863 1681 2945 patribus
1719 2881 1947 2942 eorum,
1990 2880 2186 2943 neque
2222 2860 2354 2940 fuit

406 2952 749 3035 quisquam
789 2951 902 3033 qui
941 2952 1247 3017 resisteret
1286 2947 1420 3015 illis
1472 2967 1549 3014 ex
1604 2947 1884 3021 ommibus
1937 2947 2219 3014 inimicis
2260 2966 2352 3013 eo-

404 3057 587 3103 rum.-
628 3056 836 3102 omnes
876 3036 1162 3102 inimicos
1194 3054 1407 3100 eorum
1437 3033 1703 3100 tradidit
1726 3030 1956 3099 Iehova
1986 3034 2058 3098 iu
2095 3052 2355 3099 manum

407 3142 640 3189 eorum
720 3121 824 3187 45.
874 3121 1022 3187 Nou
1060 3121 1277 3188 cecidit
1316 3119 1515 3185 ulium
1553 3119 1806 3185 verbum
1845 3138 1924 3183 ex
1965 3119 2134 3183 omui
2174 3116 2352 3182 verbo

405 3207 561 3274 bono
614 3208 776 3290 quod
826 3206 1114 3289 loquutus
1167 3206 1380 3290 fuerat
1420 3204 1651 3271 Iebova
1691 3204 1778 3271 ad
1832 3204 2078 3270 domum
2123 3203 2350 3282 Israel,

408 3294 625 3361 omnia
667 3298 1005 3359 evenerunt.

580 3464 685 3529 20.
755 3460 1062 3528 Familiis
1122 3481 1261 3528 vero
1320 3461 1600 3543 filiorum
1667 3458 1926 3527 Gabath.
2030 3460 2170 3528 Our
2234 3482 2353 3545 per

404 3550 704 3635 singulas
747 3548 957 3617 tribus
1001 3547 1281 3632 dispergi
1317 3547 1680 3631 oportuerit
1702 3546 1988 3625 Levites,
2030 3555 2354 3630 quaerant

403 3635 685 3701 lectores
728 3631 901 3718 apud
946 3633 1195 3699 Mosen.
1261 3633 1445 3699 Haec
1488 3630 1750 3717 quidem
1794 3632 2099 3716 imposita
2128 3635 2353 3699 ‘fuerat

402 3741 618 3806 poena
684 3741 909 3786 eorum
977 3721 1149 3802 patri
1209 3718 1290 3784 ob
1349 3718 1685 3802 perfidiam
1746 3725 1815 3784 et
1876 3716 2351 3799 crudelitatem,

403 3827 606 3890 quam
672 3813 1053 3872 exercuerat
1114 3812 1347 3870 contra
1412 3803 1822 3871 Sichimit-as:
1902 3825 2131 3870 verum
2209 3804 2349 3869 loco

402 3889 1703 4059 ffiffiffl³⁶.2¹³{:325{:„{”⁵:.353²d22‘32
1732 3889 2350 4059 :ttgffiifffftff

402 4065 531 4144 bus
588 4027 914 4145 dispbsiti,
974 4062 1286 4146 populum
1330 4062 1402 4125 in
1442 4081 1604 4144 puro
1649 4059 1774 4125 Dei
1818 4060 2000 4127 cultu
2058 3997 2348 4127 ooffiine-

402 4157 576 4215 rent.
666 4148 972 4213 Fuerunt
1027 4145 1291 4231 quidem
1346 4146 1582 4229 ubique
1639 4146 1973 4229 inquilini:
2031 4145 2145 4212 sed
2198 4167 2346 4213 cum

404 4234 700 4301 maxima
743 4232 858 4298 illa
902 4231 1238 4317 dignitate,
1285 4242 1362 4297 ut
1394 4241 1710 4315 tanquam
1730 4231 1861 4297 Dei
1894 4239 2348 4316 procuratores

405 4340 449 4385 o
497 4341 672 4386 eram
740 4318 1005 4396 darent,
1072 4339 1156 4384 ne
1214 4318 1493 4401 populus
1550 4338 1589 4382 a
1641 4317 1881 4401 pietate
1944 4316 2343 4385 descisceret.

483 4425 594 4472 aec
649 4404 819 4470 ratio
875 4412 977 4470 est
1031 4424 1148 4471 cur
1199 4415 1335 4469 tam
1394 4403 1741 4488 diligenter
1798 4411 2133 4482 narretur,
2189 4414 2347 4487 quot

404 4513 495 4557 ex
553 4512 803 4574 quaque
860 4491 1036 4555 tribu
1092 4488 1225 4554 illis
1284 4489 1481 4555 urbes
1537 4488 1668 4555 obti
1717 4488 1923 4569 erint,
1988 4498 2064 4554 ut
2125 4496 2346 4554 essent

402 4575 647 4660 ubique
688 4576 758 4643 in
802 4575 1121 4655 excubiis,
1163 4575 1245 4639 ad
1287 4593 1650 4641 conservan
1696 4595 1802 4640 am
1847 4593 2179 4641 sacrorum
2222 4593 2344 4656 pu-

398 4662 690 4729 ritatem.

580 4746 686 4812 41.
758 4745 985 4812 Omnes
1059 4744 1242 4812 urbes
1306 4745 1690 4812 Levitaritm.
1796 4745 1929 4811 Hic
1999 4745 2346 4828 praecipue

401 4833 590 4899 locus
634 4831 823 4899 docet
863 4830 1033 4915 quod
1075 4832 1205 4896 iam
1242 4831 1583 4914 aliquoties
1619 4830 1826 4915 attigi,
1870 4832 2034 4897 fines
2071 4830 2346 4896 aliarum

400 4917 699 4985 tribuum
743 4938 873 4982 non
918 4917 1013 4982 ita
1053 4915 1252 4982 fuisse
1295 4917 1659 4997 restrictos,
1704 4917 1860 5000 quin
1905 4916 2099 5001 longe
2141 4917 2348 4981 maior

396 5003 605 5071 fuerit
638 5023 954 5069 numerus
987 5002 1269 5084 urbium,
1304 5023 1498 5085 quam
1533 5002 1732 5068 fuerit
1751 5002 2103 5086 expositus.
2174 5000 2350 5069 Satis

399 5099 639 5157 notum
698 5097 830 5167 est,
884 5087 1126 5154 tribum
1172 5088 1342 5154 Levi
1400 5088 1737 5154 minimam
1794 5089 1992 5155 fuisse
2035 5088 2346 5154 omnium.

399 5175 617 5244 Ouius
661 5193 818 5259 ergo
864 5174 1209 5258 aequitatis
1252 5174 1484 5240 fuisset
1524 5173 1889 5258 quadruplo
1934 5174 2142 5257 magis
2187 5171 2348 5239 dila—

398 5261 538 5328 tari
581 5282 776 5345 quam
824 5258 1064 5325 tribum
1110 5258 1405 5327 Zabulon
1423 5311 1438 5337 ,
1498 5280 1693 5344 quam
1751 5258 2034 5326 vidimus
2089 5268 2350 5325 conten-

398 5357 545 5415 tam
611 5346 811 5414 fuisse
867 5345 1202 5413 duodecim
1263 5344 1527 5412 urbibus
1544 5396 1560 5425 ,
1626 5366 1829 5429 quum
1894 5354 2115 5410 tamen
2182 5353 2352 5411 esset

1541 447 2281 518 COMMENTARIUS
2326 448 2426 515 IN
2471 448 2753 518 IOSUE
2798 448 2995 516 OAP.
3039 448 3274 515 XXII.

4261 447 4392 514 550

2451 636 2818 723 populosior
2831 635 2863 700 ‘I
2969 636 3209 703 Tribus
3273 636 3577 704 Issachar
3641 641 4075 702 numerantur
4131 641 4391 702 tantum

2450 723 2733 792 sedecim
2775 721 2988 790 urbes.
3068 722 3308 791 Tribus
3351 723 3414 788 N
3416 721 3712 807 ephthali
3753 721 4222 788 novemdecim.
4308 719 4391 786 In

2452 809 2632 875 tribu
2672 809 2845 876 Aser
2899 816 3158 875 tantum
3212 808 3454 892 viginti
3498 808 3663 874 duae
3707 808 4103 873 referuntur.
4194 804 4392 873 Certe

2450 895 2679 979 iniqua
2720 895 2950 961 fuisset
2992 893 3365 960 distributio
3411 892 3618 959 multo
3662 893 3881 977 plures
3925 892 4122 958 urbes
4162 893 4233 958 in
4277 890 4389 956 ha·

2451 980 2837 1049 bitationem
2882 978 3036 1045 dare
3080 978 3506 1063 paucioribus.
3595 976 3788 1045 Unde
3837 978 4194 1064 colligitur,
4253 998 4389 1042 non

2452 1073 2711 1133 tantum
2758 1064 2947 1132 villas
2966 1115 2981 1142 ,
3027 1085 3193 1148 quae
3236 1064 3345 1132 hic
3388 1072 3736 1131 censentur
3779 1063 4043 1129 urbium
4087 1065 4389 1142 accessio,

2450 1161 2636 1237 aptas
2680 1151 2879 1218 fuisse
2920 1150 3002 1216 ad
3046 1150 3508 1217 habitandum:
3554 1149 3671 1215 sed
3713 1149 3877 1215 alias
3909 1169 4161 1233 quoque
4196 1147 4391 1216 urbes

2448 1238 2649 1305 fuisse
2670 1236 3193 1322 comprehensas,
3229 1235 3310 1301 de
3344 1237 3577 1320 quibus
3612 1236 3781 1301 facta
3814 1255 3945 1301 non
3980 1236 4102 1301 fuit
4121 1235 4388 1301 mentio.

2448 1323 2754 1407 Denique
2795 1344 2882 1389 ex
2925 1330 3100 1388 sorte
3142 1322 3353 1389 tribus
3395 1321 3564 1388 Levi
3606 1320 3823 1404 palam
3876 1330 4148 1404 apparet
4190 1340 4391 1405 quam

2449 1411 2582 1475 lata
2624 1409 2823 1475 fuerit
2863 1416 2932 1473 et
2974 1407 3261 1491 amplam
3306 1406 3583 1472 aliarum
3634 1406 3809 1471 ditio.

2621 1495 2725 1561 43.
2790 1493 2985 1560 Dedit
3046 1494 3256 1575 itaque
3310 1491 3559 1558 Iehova.
3662 1491 3766 1556 De
3831 1491 4054 1576 requie
4120 1491 4177 1558 si
4243 1492 4391 1575 quis

2450 1590 2716 1647 moveat
2758 1579 3204 1663 quaestionem
3224 1629 3241 1659 ,
3299 1577 3507 1643 facilis
3559 1577 3794 1643 solutio
3853 1587 3986 1657 est,
4041 1578 4133 1643 ita
4189 1577 4391 1643 fuisse

2449 1667 2717 1733 territas
2760 1675 2827 1731 et
2868 1673 3049 1731 metu
3082 1664 3490 1730 exanimatas
3521 1672 3749 1747 gentes
3771 1662 4109 1741 chanaan,
4155 1671 4233 1728 ut
4266 1662 4393 1729 sibi

2451 1751 2618 1818 nihil
2640 1751 2852 1836 magis
2886 1749 3244 1817 conducere
3278 1756 3590 1832 putarent
3622 1769 3816 1833 quam
3850 1748 4179 1815 serviliter
4212 1746 4392 1814 blan·

2450 1836 2689 1904 diendo
2730 1857 2959 1921 pacem
3002 1833 3321 1901 redimere
3358 1855 3398 1899 a
3439 1835 3590 1900 filiis
3631 1833 3860 1900 Israel.
3925 1835 4132 1899 Plane
4174 1835 4389 1918 itaque

2451 1923 2721 1991 subacta
2764 1929 2908 1989 erat
2948 1921 3149 2006 regio,
3186 1928 3254 1985 et
3296 1919 3616 1985 habitatio
3659 1928 3904 2003 pacata,
3952 1940 4155 2003 quum
4197 1940 4390 1986 nemo

2451 2009 2556 2077 vel
2617 2009 2932 2075 molestus
2990 2015 3196 2085 esset,
3260 2005 3363 2072 vel
3419 2004 3773 2089 quidquam
3831 2006 4047 2072 moliri
4104 2004 4388 2083 auderet,

2449 2117 2652 2179 quum
2697 2093 2916 2160 nullae
2958 2093 3206 2171 minae,
3252 2090 3472 2157 nullae
3514 2090 3823 2168 insidiae,
3868 2091 4055 2156 nulla
4097 2091 4234 2171 vis,
4279 2100 4393 2157 aut

2450 2180 2978 2264 conspirationes.
3065 2177 3316 2243 Verum
3377 2176 3456 2242 de
3507 2176 3787 2242 secundo
3835 2176 4004 2243 amb·
4058 2177 4188 2242 ‘tur
4229 2197 4386 2261 quo·

2450 2265 2643 2332 modo
2676 2268 2746 2330 in
2781 2262 3188 2347 possessione
3223 2271 3436 2328 terrae
3471 2261 3598 2328 sibi
3631 2262 3987 2345 promissae
4047 2262 4219 2327 ocati
4253 2262 4392 2329 fue·

2450 2353 2590 2416 rint
2624 2351 2745 2417 filii
2766 2348 2994 2429 Israel,
3039 2358 3103 2414 et
3143 2369 3222 2415 ea
3254 2348 3448 2432 potiti
3490 2348 3643 2431 sint,
3687 2355 3762 2413 ut
3797 2348 3865 2412 in
3902 2347 4042 2413 eius
4082 2347 4391 2415 fruitione

2452 2458 2538 2503 ne
2580 2436 2833 2522 syllaba
2888 2435 3150 2519 quidem
3207 2455 3290 2500 ex
3333 2433 3463 2499 Dei
3517 2432 4061 2517 promissionibus
4116 2431 4389 2499 deesset.

2451 2522 2659 2606 Atqui
2718 2528 2874 2588 ante
2926 2520 3216 2587 vidimus
3272 2519 3515 2585 multos
3570 2519 3791 2585 hostes
3829 2518 4030 2584 fuisse
4073 2517 4204 2583 illis
4243 2540 4390 2603 per·

2453 2610 2712 2675 mixtos.
2800 2606 2931 2673 Dei
2981 2606 3309 2672 sententia
3350 2612 3520 2684 erat,
3567 2624 3652 2670 ne
3695 2604 3841 2688 quis
3884 2611 4212 2687 superstes
4254 2625 4393 2669 ma-

2453 2702 2671 2761 neret:
2716 2692 2959 2761 multos
3003 2713 3134 2758 non
3178 2690 3537 2775 expellunt,
3582 2690 3693 2756 sed
3738 2709 3850 2756 eos
3893 2688 4254 2755 admittunt
4295 2691 4392 2755 vi-

2454 2781 2653 2859 cinos,
2694 2800 2770 2845 ac
2811 2778 2871 2844 si
2911 2776 3278 2846 communis
3311 2777 3394 2843 iis
3428 2790 3601 2842 esset
3636 2774 4033 2854 haereditas,
4078 2795 4227 2842 cum
4263 2774 4394 2841 illis

2454 2866 2656 2931 etiam
2697 2865 3150 2948 paciscuntur:
3194 2861 3513 2947 quomodo
3555 2861 3718 2929 haec
3753 2861 3947 2927 simul
3980 2860 4396 2937 convenient,

2455 2952 2694 3029 Deum,
2730 2950 2919 3017 sicuti
2942 2949 3346 3033 promiserat,
3383 2955 3595 3013 terrae
3631 2947 4102 3030 possessionem
4142 2945 4394 3013 dedisse

2455 3036 2727 3120 populo,
2772 3036 2881 3119 qui
2924 3042 3146 3101 tamen
3191 3033 3478 3100 hostium
3524 3033 3810 3111 viribus,
3870 3041 3985 3098 aut
4037 3032 4396 3115 pertinacia

2454 3122 2586 3189 fuit
2619 3121 2925 3188 exclusus
2961 3118 3043 3185 ab
3077 3120 3293 3204 aliqua
3324 3117 3557 3203 parte?
3615 3118 3710 3185 Ut
3743 3118 3991 3203 species
4028 3137 4394 3203 repugnan-

2454 3208 2588 3274 tiae
2631 3206 2919 3285 tollatur,
2968 3205 3336 3272 discernere
3377 3204 3684 3271 convenit
3725 3204 3899 3269 inter
3941 3211 4205 3283 certam,
4250 3225 4397 3288 per·

2455 3295 2750 3378 spicuam
2807 3300 2873 3357 et
2927 3290 3225 3357 stabilem
3283 3290 3412 3356 Dei
3463 3288 3658 3356 fidem
3717 3291 3788 3354 in
3842 3290 4186 3356 servandis
4243 3308 4395 3373 pro-

2454 3378 2706 3459 missis,
2760 3386 2829 3444 et
2870 3377 3045 3443 inter
3086 3376 3312 3461 populi
3355 3374 3694 3441 mollitiem
3738 3395 3812 3442 ao
3870 3374 4207 3453 inertiam,
4266 3396 4397 3458 qua

2455 3464 2704 3531 factum
2748 3471 2867 3542 est,
2912 3470 2987 3528 ut
3023 3462 3153 3529 Dei
3196 3460 3583 3528 beneficium
3627 3462 3813 3544 quasi
3859 3480 3897 3526 e
3937 3460 4238 3526 manibus
4282 3460 4395 3527 de-

2454 3551 2707 3616 flueret.
2755 3546 3205 3632 Quodcunque
3240 3547 3482 3614 bellum
3516 3547 3805 3630 suscepit
3837 3547 4132 3630 populus,
4167 3566 4394 3630 quam-

2453 3654 2711 3720 cunque
2752 3634 2824 3700 in
2867 3643 3121 3718 partem
3166 3633 3359 3719 signa
3391 3633 3614 3710 movit,
3657 3639 3887 3715 parata
3928 3631 4055 3698 fuit
4098 3631 4389 3713 victoria,

2455 3742 2576 3788 nec
2619 3720 2799 3787 aliud
2845 3740 3137 3786 remorae
3181 3719 3307 3785 fuit
3349 3717 3457 3785 vel
3500 3717 3813 3784 obstaculi
3830 3769 3844 3794 ‚
3890 3718 4238 3802 quominus
4280 3739 4395 3784 ex·

2454 3806 2888 3873 terminarent
2932 3826 3159 3872 omnes
3202 3804 3443 3885 hostes,
3484 3823 3681 3887 quam
3726 3802 4132 3869 voluntarius
4167 3824 4396 3870 eorum

2455 3900 2696 3976 torpor.
2801 3890 3024 3974 Quare
3089 3890 3215 3957 etsi
3281 3912 3410 3956 non
3478 3909 3706 3955 omnes
3768 3888 4207 3973 profligarunt
4267 3910 4394 3974 quo

2454 4000 2662 4045 vacua
2704 3980 2892 4045 fieret
2935 3976 3030 4043 eis
3073 3976 3424 4060 possessio:
3469 3976 3596 4041 Dei
3639 3982 3857 4040 tamen
3901 3974 4147 4042 veritas
4182 3975 4390 4041 mani-

2452 4063 2622 4130 festa
2664 4063 2929 4130 emersit
2971 4068 3166 4146 atque
3215 4061 3501 4141 exstitit,
3556 4061 3707 4144 quia
3766 4059 3932 4125 nihil
3974 4059 4104 4127 illis
4148 4060 4390 4146 negotii

2452 4149 2682 4217 fuisset
2713 4148 2968 4233 reliqua
3001 4149 3327 4232 consequi,
3371 4148 3428 4213 si
3462 4145 3712 4213 oblatas
3745 4145 4055 4213 victorias
4089 4147 4390 4231 amplecti

2450 4234 2711 4302 libitum
2749 4244 2937 4301 esset.
3006 4233 3285 4301 Summa
3316 4233 3449 4300 huc
3481 4231 3667 4310 redit,
3713 4232 3976 4298 nonnisi
4011 4252 4129 4316 per
4164 4253 4389 4298 eorum

2450 4321 2785 4406 ignaviam
2851 4320 3109 4386 stetisse
3174 4320 3519 4403 quominus
3597 4316 3979 4384 fruerentur
4056 4318 4261 4385 solido
4326 4328 4392 4383 et

2447 4406 2708 4561 {noeggo
2732 4404 2860 4472 Dei
2896 4404 3240 4473 beneficio:
3278 4404 3448 4489 quod
3484 4425 3568 4471 ex
3601 4403 3903 4487 proximo
3925 4404 4133 4488 capite
4154 4403 4390 4469 melius

2476 4493 2624 4577 ‘que
2668 4493 2737 4559 it.

3132 4831 3437 4900 OAPU'I'
3481 4829 3719 4897 XXII.

2626 5003 2681 5068 1.
2749 5004 2926 5071 Tunc
2977 5003 3300 5070 accersivit
3357 5004 3547 5070 Iosue
3590 5000 3939 5068 Rubenitas
3993 5006 4050 5067 et
4121 5001 4393 5069 Gaditas

2451 5109 2528 5157 ao
2581 5088 2914 5156 dimidiam
2970 5087 3201 5155 tribum
3255 5089 3580 5167 Menasse,
3653 5088 3713 5153 2.
3759 5086 4067 5169 Dixitque
4131 5088 4217 5153 ad
4256 5108 4392 5154 eos.-

2450 5194 2558 5240 vos
2576 5176 2931 5242 custodistis
2963 5176 3176 5242 omnia
3209 5196 3367 5258 quae
3397 5175 3718 5257 praecepit
3750 5171 3921 5236 vobis
3945 5170 4153 5239 Moses
4173 5194 4393 5240 servus

2454 5259 2747 5340 Iehovae,
2806 5267 2865 5328 et
2916 5261 3205 5329 obedistis
3244 5261 3375 5327 voci
3411 5281 3583 5326 meae
3624 5260 3695 5324 in
3738 5257 3971 5323 cunctis
4011 5278 4173 5339 quae
4202 5281 4392 5343 prae-

2405 5346 2411 5427 l
2452 5347 2586 5430 cepi
2652 5346 2842 5417 vobis.
2930 5347 2992 5414 3.
3047 5347 3193 5413 Non
3263 5345 3625 5413 deseruistis
3681 5344 4206 5499 fratregfflvesstrffi
4259 5346 4390 5413 iam
4477 5450 4483 5456 α
