5017 6142
624 452 751 518 523

797 640 856 705 7.
908 636 1465 723 Quadraqenarius
1505 654 1698 703 eram.
1787 632 2072 700 Videtur
2112 633 2305 718 paulo
2350 632 2564 715 splen-

625 724 842 791 didius
899 743 1094 807 quam
1152 724 1332 808 pium
1390 730 1457 789 et
1512 721 1874 788 modestum
1928 720 2259 785 hominem
2319 718 2561 795 deceat,

622 811 934 877 virtutem
979 829 1164 875 suam
1206 810 1466 875 iactare.
1534 808 1786 874 Verum
1819 805 2315 872 meminerimus
2358 824 2563 887 quum

623 917 730 962 res
770 915 890 979 per
933 916 1004 961 se
1047 894 1268 961 odiosa
1310 903 1483 961 esset
1523 892 1874 976 multisque
1928 891 2207 976 querelis
2261 889 2561 967 obnoxia,

622 979 1058 1047 necessariam
1123 979 1323 1046 fuisse
1388 999 1605 1044 raram
1672 976 2296 1045 commendationem
2313 1026 2330 1054 ,
2397 995 2563 1058 quae

621 1065 943 1134 invidiam
975 1064 1269 1131 dilueret.
1338 1065 1827 1133 Commemorat
1867 1064 2067 1147 igitur
2109 1083 2180 1129 se
2222 1061 2393 1127 bona
2435 1060 2563 1126 fide

623 1151 925 1218 retulisse
964 1150 1135 1234 quod
1187 1159 1580 1236 cognoverat
1623 1150 1702 1216 de
1745 1158 1940 1216 terra.
2027 1148 2200 1213 Nam
2243 1146 2369 1212 hac
2411 1166 2562 1229 parÎ‡

624 1237 858 1305 ticula:
907 1235 1114 1304 Sicuti
1156 1245 1299 1302 erat
1331 1238 1404 1303 in
1442 1236 1632 1302 corde
1668 1256 1829 1315 meo,
1868 1234 2310 1302 sinceritatem
2346 1231 2562 1297 notari

623 1335 876 1390 certum
929 1328 1060 1389 est:
1115 1329 1310 1405 atque
1368 1323 1462 1387 ita
1504 1319 1844 1388 fallacibus
1889 1319 2106 1385 verbis
2148 1339 2257 1385 cor
2298 1317 2560 1401 opponi.

623 1407 1006 1475 Ridiculum
1049 1408 1226 1472 enim
1269 1416 1711 1474 commentum
1754 1414 1886 1485 cst,
1944 1404 2186 1470 dixisse
2229 1404 2296 1468 iu
2347 1401 2561 1482 corde,

623 1495 777 1578 quia
820 1493 889 1557 in
932 1493 1167 1558 itinere
1209 1492 1379 1558 nihil
1422 1492 1557 1559 tale
1599 1492 1890 1576 proferre
1933 1510 2134 1557 ausus
2176 1490 2419 1568 fuerat,
2478 1509 2560 1553 ne

625 1599 666 1645 a
706 1578 1052 1647 comitibus
1093 1578 1509 1645 occideretur.
1574 1577 1758 1643 Nihil
1794 1597 1948 1662 ergo
1992 1575 2171 1643 aliud
2215 1574 2559 1659 significat,

622 1685 823 1748 quam
866 1686 936 1730 se
980 1662 1222 1747 absque
1267 1664 1410 1731 fuco
1452 1671 1520 1730 et
1561 1662 1970 1731 simulatione
2011 1661 2211 1745 probe
2259 1659 2560 1744 perfunc-

544 1752 552 1761 '
622 1757 767 1815 tum
831 1768 973 1815 esse
1033 1749 1359 1815 mandatis
1423 1748 1549 1816 sibi
1612 1750 1939 1817 iniunctis.
2042 1746 2339 1813 Laudem
2405 1764 2561 1811 suae

621 1834 1020 1920 integritatis
1075 1835 1457 1918 amplificat,
1514 1835 1684 1919 quod
1739 1856 1940 1919 quum
1984 1853 2211 1898 omnes
2260 1830 2563 1915 collegas,

623 1928 896 2003 excepto
937 1918 1149 1999 Iosue,
1195 1919 1466 1987 haberet
1506 1920 1941 2000 adversarios,
1987 1938 2122 1984 non
2164 1924 2384 1983 tamen
2424 1936 2563 1983 ces-

618 2007 783 2073 serit
818 2025 1044 2072 eorum
1079 2006 1383 2085 malitiae,
1428 2028 1548 2073 nec
1584 2005 1857 2072 scelesta
1891 2004 2368 2088 conspiratione
2402 2002 2565 2068 frac-

621 2099 732 2157 tus
782 2090 1012 2170 fuerit,
1071 2090 1186 2158 sed
1242 2099 1618 2158 constanter
1756 2090 2029 2158 rstiterit
2080 2090 2150 2154 in
2210 2088 2562 2173 proposito.

622 2176 730 2242 Ad
773 2174 1051 2242 verbum
1094 2175 1365 2261 legitur:
1410 2176 1696 2262 Implevi
1738 2178 1837 2243 ire
1877 2184 2025 2260 post
2059 2174 2275 2240 Deum
2321 2193 2563 2239 meum.

622 2262 877 2328 Sensus
921 2268 1141 2327 tamen
1184 2261 1401 2329 clarus
1453 2271 1552 2330 est
1567 2314 1584 2342 ,
1643 2284 1779 2329 non
1832 2263 2034 2329 fuisse
2088 2258 2437 2326 abductum
2482 2258 2564 2324 ab

629 2347 829 2414 officii
890 2345 1019 2412 fide
1082 2367 1286 2431 prava
1350 2348 1827 2416 machinatione
1901 2348 2123 2414 decem
2201 2345 2565 2424 hominum,

629 2452 829 2517 quam
894 2430 1155 2498 difficile
1219 2441 1361 2499 erat
1423 2435 1745 2500 sustinere
1761 2481 1776 2512 ,
1847 2454 1922 2499 eo
1988 2430 2158 2516 quod
2223 2429 2566 2496 inflexibili

628 2518 1117 2602 perseverantia
1138 2518 1356 2585 Deum
1392 2526 1702 2603 sequutus
1737 2519 1842 2585 sit.
1908 2518 2161 2601 Nempe
2203 2518 2355 2600 quia
2389 2522 2567 2582 certo

630 2622 983 2688 persuasus
1025 2611 1202 2683 erat,
1247 2603 1462 2670 Deum
1508 2604 1939 2689 expeditionis
1983 2623 2125 2669 esse
2169 2610 2486 2683 autorem,
2529 2621 2569 2666 a

631 2710 758 2773 quo
800 2686 1030 2772 perfidi
1072 2688 1171 2753 illi
1214 2689 1527 2774 populum
1570 2689 1902 2757 retrahere
1952 2686 2313 2755 tentabant.
2403 2685 2570 2752 Cae-

629 2784 846 2840 terum
891 2773 1214 2840 discamus
1259 2794 1344 2839 ex
1382 2775 1506 2841 hoc
1541 2773 1698 2855 loco,
1744 2777 1870 2841 nisi
1910 2774 2143 2841 ultima
2185 2772 2417 2856 primis
2467 2793 2570 2837 re-

631 2857 1027 2943 spondeant,
1071 2859 1243 2925 bona
1284 2860 1607 2944 principia
1647 2880 2066 2927 evanescere:
2122 2856 2355 2924 deinde
2399 2857 2572 2923 hanc

632 2946 897 3043 demum
933 2946 1368 3011 constantiam
1411 2945 1605 3012 laude
1648 2966 1789 3013 esse
1844 2945 2107 3030 dignam
2122 2995 2138 3024 ,
2199 2943 2309 3010 ubi
2353 2943 2572 3009 Deum

632 3050 984 3115 sequimur.

804 3115 864 3181 9.
917 3114 1091 3182 Tunc
1130 3115 1370 3181 iwravit
1411 3115 1640 3183 Moses.
1726 3116 1858 3184 Hic
1901 3116 2037 3182 iam
2088 3137 2262 3182 unus
2318 3114 2574 3181 fructus

632 3200 978 3285 legationis
1013 3199 1209 3284 probe
1243 3211 1310 3267 et
1342 3200 1624 3268 fideliter
1655 3203 1886 3282 obitas,
1925 3199 2324 3268 haereditate
2359 3199 2572 3284 potiri,

634 3306 765 3369 qua
820 3286 1119 3370 privatur
1176 3294 1353 3353 totus
1412 3287 1706 3371 populus.
1794 3288 1941 3354 Etsi
1999 3289 2175 3352 enim
2227 3286 2403 3351 inter
2446 3284 2575 3351 Dei

634 3371 947 3438 beneficia
967 3372 1112 3436 iure
1144 3379 1450 3438 censetur
1482 3374 1662 3439 vitae
1697 3374 2122 3440 diuturnitas:
2168 3371 2317 3438 finis
2352 3380 2574 3436 tamen

634 3456 745 3522 hic
788 3458 1189 3534 annectitur,
1250 3466 1325 3522 ut
1378 3456 1847 3525 haereditatem
1901 3479 2069 3542 quae
2112 3457 2257 3523 aliis
2299 3463 2576 3541 negatur

633 3540 925 3607 obtineat
945 3540 1175 3608 Caleb:
1212 3542 1382 3625 quod
1418 3565 1552 3609 non
1573 3544 1867 3627 vulgaris
1902 3544 2028 3609 fuit
2061 3543 2573 3628 praerogativae.

631 3627 899 3693 Exinde
938 3626 1225 3692 celebrat
1267 3628 1392 3694 Dei
1434 3628 1630 3694 fidem
1646 3681 1663 3709 ,
1719 3630 1871 3714 quia
1925 3630 2048 3696 sibi
2104 3630 2306 3695 vitam
2350 3648 2574 3712 proro-

632 3712 921 3798 gaverit:
965 3732 1176 3797 neque
1219 3712 1287 3777 id
1330 3713 1539 3793 modo,
1584 3714 1700 3780 sed
1741 3716 2037 3800 vigorem
2081 3721 2149 3779 et
2192 3711 2390 3778 robur
2424 3733 2576 3779 con-

631 3796 873 3877 tulerit,
909 3804 984 3862 ut
1004 3799 1415 3884 octogenario
1439 3799 1662 3881 maior,
1707 3800 1916 3866 nihilo
1952 3799 2224 3866 debilior
2256 3798 2344 3865 sit
2376 3818 2573 3881 quam

634 3884 707 3948 in
736 3885 899 3948 flore
934 3883 1184 3949 aetatis.
1253 3884 1554 3951 Aliorum
1591 3885 1785 3950 etiam
1820 3884 2053 3952 viridis
2087 3884 2218 3951 fuit
2251 3894 2573 3964 senectuS,

635 3968 751 4034 sed
796 3987 1184 4051 paucorum:
1230 3968 1464 4036 deinde
1508 3970 1589 4035 ad
1631 3970 1808 4038 hunc
1842 3971 2244 4055 aequabilem
2280 3978 2573 4036 tenorem

632 4073 769 4120 non
827 4054 1131 4133 accessit,
1196 4062 1272 4119 ut
1324 4057 1718 4139 octogesimo
1765 4058 1995 4141 quinto
2051 4076 2223 4121 anno
2276 4060 2576 4121 maneret

635 4138 828 4204 virile
890 4138 1093 4205 robur
1147 4160 1412 4223 prorsus
1453 4142 1805 4227 integrum.
1894 4142 2124 4225 Neque
2168 4142 2344 4206 enim
2392 4139 2574 4207 ducis

634 4225 829 4291 modo
892 4225 1197 4309 peritiam
1261 4226 1384 4292 sibi
1450 4235 1517 4292 et
1580 4226 2028 4294 fortitudinem
2095 4234 2389 4311 arrogat,
2458 4225 2573 4291 sed

634 4309 921 4375 militare
972 4308 1190 4376 robur.
1279 4311 1487 4377 Addit
1537 4312 1668 4379 alia
1719 4334 1974 4397 quoque
2016 4311 2243 4378 munia
2287 4320 2353 4377 et
2396 4311 2573 4377 vitae

636 4395 945 4462 actiones.
1011 4395 1072 4461 N
1076 4416 1183 4461 am
1225 4395 1483 4482 ingredi
1525 4405 1593 4464 et
1625 4400 1807 4465 exire
1841 4398 2230 4464 tantundem
2252 4395 2575 4463 Hebraeis

635 4479 835 4561 valet,
877 4488 1073 4563 atque
1113 4502 1428 4566 peragere
1471 4489 1538 4548 et
1569 4484 1837 4568 exsequi
1871 4504 2098 4550 omnes
2133 4481 2331 4550 officii
2366 4483 2574 4548 nostri

635 4574 874 4653 partes.
981 4566 1083 4632 Re
1134 4568 1155 4631 i
1204 4586 1278 4632 sa
1334 4578 1557 4634 autem
1599 4567 1670 4634 id
1723 4570 2069 4636 confirmat
2125 4568 2359 4647 Caleb,
2421 4567 2577 4634 dum

637 4652 763 4719 sibi
806 4652 1105 4737 gigantes
1195 4653 1438 4737 eposcit
1494 4674 1655 4736 quos
1697 4655 2120 4741 aggrediatur
2162 4661 2230 4719 et
2270 4653 2576 4737 expellat.

637 4738 870 4821 Neque
911 4746 1134 4803 tamen
1176 4737 1409 4804 stolido
1444 4738 1615 4804 fastu
1652 4740 1919 4806 effertur
1952 4741 2033 4808 ad
2069 4740 2377 4809 victoriae
2411 4738 2579 4805 fidu-

639 4824 841 4889 ciam:
878 4823 995 4889 sed
1030 4844 1414 4907 prosperum
1449 4832 1756 4891 eventum
1792 4833 2009 4909 sperat
2044 4846 2126 4890 ex
2147 4826 2278 4891 Dei
2314 4824 2577 4891 auxilio.

637 4907 922 4974 Videtur
985 4908 1248 4992 quidem
1327 4908 1608 4976 absurda
1684 4930 1826 4976 esse
1903 4910 2325 4976 dubitationis
2401 4920 2578 4988 nota,

639 4993 871 5059 Forte:
919 5014 995 5061 ac
1037 4996 1093 5061 si
1136 4995 1405 5061 fortuito
1442 5015 1511 5060 se
1546 4995 1628 5060 ad
1663 5015 1953 5079 pugnam
1991 4997 2375 5080 accingeret.
2445 4994 2579 5078 Qui

638 5078 996 5145 modestiae
1039 5101 1236 5147 causa
1278 5087 1513 5163 putant
1553 5081 1768 5165 ipsum
1812 5080 1934 5148 sibi
1970 5081 2280 5161 diffidere,
2323 5091 2390 5148 et
2423 5102 2581 5147 con-

642 5161 934 5232 siderare
998 5187 1184 5232 suam
1252 5166 1731 5246 infirmitatem,
1809 5186 2023 5250 neque
2086 5178 2292 5232 totum
2371 5188 2582 5251 neque

641 5250 813 5316 nihil
857 5251 1101 5318 dicunt.
1190 5251 1385 5319 Certe
1427 5254 1737 5318 omittunt
1785 5251 1952 5336 quod
1998 5253 2416 5336 praecipuum
2461 5261 2581 5332 est,

643 5337 872 5401 referri
906 5336 1079 5403 istud
1104 5336 1324 5418 Forte,
1361 5338 1443 5405 ad
1480 5358 1891 5406 communem
1926 5335 2263 5403 hominum
2299 5359 2583 5420 sensum,

1719 445 2461 516 COMMENTARIUS
2507 447 2608 512 IN
2650 442 2931 512 IOSUE
2977 444 3173 511 CAP.
3220 445 3410 511 XIV.

4470 442 4596 508 524

2664 631 2873 715 qualis
2917 651 3001 696 ex
3042 631 3404 714 praesentis
3446 630 3540 697 rei
3586 638 3757 696 statu
3801 633 4050 716 concipi
4106 638 4372 716 poterat.
4463 630 4593 698 Sed

2664 718 2734 782 in
2788 716 3017 801 primis
3075 715 3443 801 expendere
3500 717 3805 783 convenit
3859 720 4000 785 eius
4057 717 4417 784 consilium.
4521 715 4595 784 Si

2664 813 2952 869 montem
2997 802 3117 868 sibi
3164 802 3306 868 dari
3348 803 3670 886 pet-iisset,
3728 803 3800 868 in
3844 825 3968 888 quo
4011 802 4382 888 occupando
4432 802 4594 867 nihil

2663 889 2893 956 fuisset
2925 887 3202 971 negotii:
3245 886 3575 955 difficilius
3610 898 3751 954 erat
3783 889 4152 974 impetrare.
4209 888 4406 954 Nunc
4441 909 4596 955 vero

2666 975 2762 1040 rei
2806 973 3186 1040 difficultate
3231 976 3578 1057 proposita,
3622 975 3744 1040 sibi
3789 976 3965 1061 apud
4007 976 4201 1042 Iosue
4243 983 4310 1041 et
4351 976 4595 1059 princi-

2664 1081 2779 1144 pes
2821 1060 3112 1126 favorem
3146 1058 3483 1125 conciliat:
3524 1060 3677 1144 quia
3710 1062 3823 1127 ubi
3858 1063 4001 1127 eius
4039 1071 4188 1128 voto
4223 1060 4595 1139 annuerint,

2665 1145 2834 1211 nihil
2892 1154 3113 1210 tamen
3167 1145 3557 1227 concedent,
3615 1146 3742 1211 nisi
3799 1147 4109 1221 arduum,
4176 1145 4480 1227 dubium,
4534 1155 4599 1212 et

2664 1231 3101 1315 periculosum
3166 1239 3499 1297 certamen
3563 1229 3772 1297 obeat.
3876 1231 4101 1315 Quum
4165 1252 4321 1316 ergo
4384 1233 4597 1312 sciret,

2664 1316 2996 1401 trepidare
3033 1327 3100 1381 et
3140 1336 3575 1399 expavescere
3632 1317 3799 1384 filios
3843 1317 4050 1383 Israel
4094 1317 4175 1383 ad
4219 1320 4458 1383 famam
4502 1318 4597 1402 gi-

2663 1411 2938 1487 gantum
2961 1453 2976 1483 ,
3030 1423 3112 1467 ex
3173 1422 3397 1468 eorum
3451 1424 3489 1467 o
3534 1403 3753 1469 inione
3805 1402 4125 1487 loquitur,
4179 1403 4362 1487 quasi
4406 1402 4487 1467 de
4530 1425 4599 1469 re

2663 1487 2974 1572 perplexa
3015 1494 3084 1553 et
3126 1485 3417 1554 confusa.
3484 1424 3679 1570 &uod
3724 1489 3804 1555 ad
3847 1491 4060 1573 ipsum
4102 1491 4355 1567 attinet,
4402 1488 4600 1555 verba

2662 1574 2839 1642 clare
2883 1573 3350 1653 demonstrant,
3393 1593 3588 1657 quam
3630 1595 3761 1641 nou
3805 1576 4053 1641 incerto
4097 1584 4212 1640 aut
4253 1573 4601 1640 vacillante

2665 1659 2883 1726 auimo
2958 1658 3128 1742 quod
3208 1658 3332 1724 sibi
3409 1659 3655 1726 dictum
3734 1661 3945 1727 fuerat
3966 1713 3982 1740 â€š
4064 1660 4595 1744 praesumpserit.

2665 1744 3041 1830 Expellam,
3108 1745 3353 1827 inquit,
3420 1767 3529 1812 eos
3588 1746 3759 1812 sicut
3813 1745 4272 1831 pronunciavit
4335 1744 4598 1811 Iehova.

2669 1830 3065 1896 Dicemusne
3108 1829 3217 1895 ubi
3264 1828 3390 1895 Dei
3437 1832 3831 1897 sententiam
3875 1833 4156 1916 profert,
4204 1852 4353 1897 eum
4399 1831 4600 1897 ambi-

2669 1937 2841 2000 gere,
2885 1937 2968 1981 an
3010 1916 3068 1980 si
3108 1913 3279 2000 quod
3316 1917 3614 1999 promisit
3642 1917 3935 1984 facturus
3970 1920 4056 1985 sit
4090 1915 4341 1983 necne?
4409 1916 4600 1982 Certe

2669 2010 2881 2085 patet,
2925 2021 3051 2084 quo
3095 2000 3304 2067 maior
3348 2012 3516 2067 esset
3557 2003 3952 2086 impetrandi
3995 2003 4296 2083 facilitas,
4344 2009 4598 2067 tantum

2671 2087 3000 2153 monuisse
3044 2087 3274 2169 quanti
3317 2085 3713 2154 discriminis
3749 2098 3919 2155 esset
3954 2088 4308 2173 negotium.
4376 2085 4601 2170 Quan-

2669 2194 2863 2257 quam
2903 2170 3225 2238 Hebraeis
3268 2192 3516 2240 novum
3560 2195 3691 2239 non
3735 2185 3854 2254 est,
3899 2175 4024 2242 hac
4070 2194 4223 2241 voce
4268 2173 4603 2239 difficulta-

2668 2269 2801 2361 tem
2832 2260 2984 2359 â€™sim
3013 2258 3246 2358 â€˜liciter
3270 2268 3594 2360 â€˜notareg
3626 2267 3953 2344 utcunque
4006 2260 4190 2326 nulla
4246 2259 4603 2357 diffidentia

2667 2351 3786 2515 ffissss'ilet'issfflerssnffgffiffltsstÎ‡02
3819 2345 4392 2512 ffizzffitzgssffi.
4415 2345 4602 2497 :0333

2670 2518 2877 2601 gitur,
2956 2515 3127 2599 quod
3193 2536 3325 2581 non
3389 2517 3516 2581 nisi
3583 2526 3842 2584 mortuo
3907 2516 4170 2583 demum
4230 2516 4428 2583 Iosue
4498 2535 4602 2581 eos

2671 2599 2941 2685 aggredi
2982 2621 3179 2666 ausus
3221 2609 3321 2666 est
3362 2600 3582 2669 Caleb.

2846 2687 2948 2751 13.
3010 2684 3354 2752 Benediccit
3414 2688 3489 2754 ei.
3593 2687 3698 2753 Ita
3759 2689 3926 2756 bene
3988 2696 4291 2772 precatus
4349 2694 4478 2766 est,
4533 2694 4605 2752 ut

2673 2772 2867 2840 simul
2911 2771 3369 2857 gratularetur.
3458 2772 3630 2839 Nam
3688 2774 3771 2840 ad
3819 2773 4191 2856 exemplum
4246 2773 4370 2838 fuit
4428 2771 4600 2851 utile,

2673 2857 2935 2943 publice
2988 2858 3128 2922 eius
3175 2857 3490 2924 virtutem
3547 2859 3865 2926 celebrari
3880 2910 3895 2941 â€š
3954 2879 4079 2943 qua
4133 2859 4247 2924 alii
4290 2856 4370 2924 ad
4414 2877 4604 2941 supeÎ‡

2675 2943 2916 3010 randos
2980 2961 3206 3008 omnes
3268 2950 3484 3010 metus
3545 2944 3996 3011 incitarentur.
4095 2944 4380 3011 Perinde
4435 2943 4605 3009 enim

2675 3029 2824 3110 fuit,
2859 3049 2936 3095 ac
2969 3029 3023 3095 si
3059 3029 3358 3113 gigantes
3392 3051 3477 3095 ex
3512 3030 3777 3098 sublimi
3812 3030 4186 3114 despiceret.
4231 3028 4606 3096 Benedictio

2675 3112 3655 3268 lfflburegfflrqtlarldtllffimvglbalze
3693 3118 4016 3267 coffitiffite,
4064 3114 4606 3269 3816á½¼á½½á¾¶á½²á½·á¿‡-

3625 3253 3639 3267 Î‡
4591 3246 4606 3278 s

2677 3307 2916 3353 nomen
2959 3284 3231 3351 Hebron
3265 3284 3469 3352 fuisse
3512 3286 4000 3354 Ciriath-Arba.
4187 3289 4209 3352 i
4251 3286 4606 3352 notandum

2679 3379 2812 3452 est,
2872 3393 3004 3436 non
3062 3378 3352 3436 montem
3416 3372 3633 3455 ipsum
3690 3374 4002 3459 intelligi,
4062 3371 4177 3439 sed
4233 3372 4608 3457 primariam

2676 3458 2924 3536 urbem,
2961 3457 3146 3523 cuius
3168 3456 3544 3540 frequenter
3575 3459 3858 3525 occurrit
3889 3459 4131 3525 mentio
4163 3460 4236 3524 in
4272 3459 4606 3542 scriptura.

2677 3542 2792 3611 Sic
2825 3551 3039 3610 autem
3079 3541 3317 3608 dicitur
3350 3542 3547 3610 fuisse
3581 3545 4037 3629 cognominata
4069 3564 4109 3609 a
4143 3544 4430 3610 famosae
4462 3564 4608 3628 proÎ‡

2676 3629 2962 3696 ceritatis
3014 3629 3315 3713 gigante:
3378 3650 3503 3712 quo
3541 3630 3864 3697 refellitur
3904 3651 4129 3696 eorum
4173 3640 4607 3696 commentum

2677 3714 2791 3801 qui
2832 3736 2872 3781 a
2915 3723 3197 3797 quatuor
3252 3714 3645 3798 patriarchis
3701 3716 3836 3784 illic
3889 3715 4163 3801 sepultis
4220 3715 4316 3781 sic
4372 3713 4608 3782 dictam

2676 3800 2937 3880 volunt,
2992 3797 3206 3865 Adam
3224 3851 3240 3878 ,
3303 3799 3635 3867 Abraham
3653 3852 3670 3880 ,
3728 3801 3946 3882 Isaac,
4007 3809 4075 3867 et
4115 3800 4332 3868 Iacob.
4422 3801 4610 3866 Patet

2675 3896 2892 3952 autem
2929 3885 3130 3952 Caleb
3172 3884 3444 3951 minime
3486 3887 3892 3954 consuluisse
3934 3887 4266 3971 praesenti
4307 3886 4464 3966 otio,
4504 3885 4608 3952 vel

2677 3971 3063 4038 domesticae
3116 3971 3420 4050 utilitati,
3480 3973 3738 4056 quando
3795 3972 3878 4039 ad
3931 3973 4143 4039 locum
4203 3972 4327 4039 sibi
4386 3971 4605 4038 datum

2676 4057 2904 4123 multis
2962 4065 3111 4141 post
3166 4056 3358 4122 anuis
3414 4079 3549 4124 non
3602 4059 3865 4142 aspirat.
3953 4057 4177 4141 Quare
4216 4078 4348 4124 non
4394 4058 4610 4123 minus

2675 4143 2875 4209 totius
2908 4141 3128 4227 populi
3162 4142 3484 4221 interfuit,
3519 4163 3713 4227 quam
3747 4145 3945 4210 unius
3979 4145 4274 4229 privatae
4305 4142 4610 4222 familiae,

2675 4249 2795 4313 pro
2829 4227 3150 4313 singulari
3184 4228 3496 4295 beneflcio
3531 4229 3745 4309 tribui,
3792 4229 3961 4314 quod
3999 4229 4214 4297 adhuc
4247 4228 4330 4294 ab
4364 4230 4612 4295 incom-

2677 4313 3108 4414 prehensibili
3141 4311 3269 4378 Dei
3323 4315 3540 4414 gratia
3595 4314 3915 4416 pen-debat
3932 4366 3947 4391 ,
4012 4323 4088 4416 etÎ‡
4134 4323 4288 4416 eratÎ‡
4317 4316 4387 4380 in
4433 4335 4612 4380 mera

2678 4399 3588 4567 &32:32â°?Â¹Â²0â€˜Â¹211â¶3?Â¹Î‡.ff2333â¸
3597 4400 4148 4554 ..2223035312331
4185 4400 4613 4552 á¼™Î¾á¿—á¿—á¿‘Î¹Î¶á¿—á½²

2678 4579 2863 4638 ratus
2902 4592 3034 4637 non
3078 4569 3325 4636 fuisset.
3411 4572 3722 4638 Nascitur
3767 4581 3984 4638 tamen
4028 4572 4321 4655 quaestio
4341 4622 4357 4653 ,
4416 4593 4613 4657 quum

2678 4657 2952 4723 Hebron
3006 4678 3137 4721 non
3196 4663 3456 4722 tantum
3499 4656 3756 4724 Levitis
3810 4658 4078 4725 cesserit
4117 4658 4186 4724 in
4228 4657 4612 4742 portionem,

2681 4741 2797 4807 sed
2840 4762 2974 4808 una
3015 4743 3215 4808 fuerit
3255 4762 3339 4808 ex
3389 4741 3662 4810 urbibus
3718 4743 3987 4826 refugii,
4049 4742 4368 4828 quomodo
4424 4746 4614 4812 firma

2681 4828 2940 4893 steterit
3003 4827 3282 4894 donatio.
3392 4826 3469 4895 Si
3532 4828 3824 4896 dicamus
3889 4828 4089 4895 Caleb
4150 4828 4296 4896 aliis
4359 4829 4612 4913 oppidis

2682 4921 3088 4992 contentum,
3146 4914 3252 4981 ius
3305 4934 3500 4979 suum
3545 4915 3802 4987 Levitis
3859 4917 4255 4999 resignasse,
4319 4914 4611 4981 nondum

2681 4999 2875 5082 plane
2931 4998 3208 5065 solvitur
3263 4998 3505 5077 nodus,
3562 5001 3715 5083 quia
3757 4999 3997 5067 diserte
4039 5000 4459 5067 constituitur
4502 5000 4612 5067 do-

2682 5083 2901 5150 minus
2951 5083 3129 5150 illius
3184 5084 3385 5150 urbis.
3471 5086 3721 5152 Verum
3774 5086 3832 5151 si
3883 5095 4295 5169 reputamus,
4357 5094 4610 5152 tantum

2682 5170 2787 5235 ius
2830 5169 3252 5237 habitationis
3294 5171 3366 5235 in
3401 5169 3671 5237 urbibus
3695 5170 3955 5239 Levitis
3987 5191 4363 5239 concessum
4399 5173 4609 5251 fuisse,

2684 5255 2870 5321 nulla
2924 5257 3051 5322 erit
3101 5256 3556 5339 repugnantia.
3643 5256 3909 5323 Interea
3967 5270 4187 5323 tamen
4233 5278 4364 5322 non
4410 5278 4608 5341 parva

2685 5341 2876 5409 laude
2919 5341 3118 5428 digna
3157 5342 3283 5408 fuit
3325 5341 3680 5409 moderatio
3726 5342 3948 5425 Caleb,
3993 5344 4107 5429 qui
4148 5345 4219 5409 in
4263 5352 4450 5427 parte
4489 5342 4604 5409 sibi
