5017 6142
596 448 740 517 ,351

615 636 861 707 mundo
927 633 1248 718 migrare,
1320 627 1474 713 quia
1540 626 1611 693 in
1677 625 1856 693 hunc
1920 626 2121 691 finem
2184 636 2382 691 natus
2447 633 2570 694 est.

617 722 837 793 Simul
887 728 1114 786 tamen
1165 723 1431 781 notatur
1489 712 1839 779 discrimen
1893 712 2070 777 inter
2113 709 2460 777 hominum
2503 719 2573 778 et

617 813 965 878 brutorum
1002 801 1382 872 animalium
1422 807 1723 881 mortem,
1765 796 1942 864 unde
1983 797 2282 864 nascitur
2322 797 2574 884 optima

617 894 1011 967 consolatio:
1085 891 1237 974 quia
1309 887 1366 953 si
1447 906 1624 952 mors
1698 891 1927 951 nostra
1999 890 2334 950 extremus
2398 892 2574 951 esset

618 983 962 1060 interitus,
1041 997 1178 1042 non
1243 972 1610 1039 diceremur
1675 991 1826 1038 cum
1891 968 2185 1054 patribus
2264 968 2569 1036 dormire.

608 1072 759 1139 Cur
801 1062 1218 1135 scortationis
1259 1058 1522 1126 nomine
1579 1054 2016 1123 idololatriam
2077 1054 2379 1141 designet
2442 1056 2573 1139 spi·

534 1206 541 1211 -
618 1157 806 1234 ritus,
853 1151 1011 1219 alibi
1053 1149 1274 1215 visum
1315 1146 1459 1224 fuit,
1503 1143 1701 1210 simul
1745 1163 1865 1208 cur
1906 1141 2102 1208 falsos
2145 1162 2372 1208 omnes
2416 1139 2571 1208 deos

619 1249 810 1311 vocet
853 1236 1067 1313 alieni,
1113 1233 1219 1300 vel
1263 1232 1656 1297 alienorum:
1702 1246 1940 1312 nempe
1984 1227 2137 1312 quia
2171 1227 2362 1294 sicuti
2386 1227 2572 1294 Deus

616 1325 878 1397 volebat
910 1343 1082 1389 unus
1117 1320 1242 1388 coli
1275 1320 1349 1383 in
1368 1316 1634 1395 Israele‚
1655 1315 1749 1380 ita
1785 1314 1910 1382 hoc
1945 1312 2238 1396 epitheto
2272 1335 2343 1381 se
2364 1314 2573 1398 insig-

617 1415 860 1493 nierat,
905 1407 1078 1494 quod
1135 1417 1310 1472 esset
1349 1404 1537 1470 Deus
1581 1401 1865 1468 Israelis.
1955 1399 2225 1467 Crimen
2287 1399 2570 1484 amplifi-

612 1507 837 1578 catur,
895 1493 1067 1580 quod
1135 1511 1270 1557 non
1329 1498 1585 1555 tantum
1640 1508 1872 1554 rursus
1931 1484 2014 1550 ad
2071 1485 2571 1569 superstitiones

616 1588 915 1652 ferentur
959 1599 1123 1664 quas
1166 1576 1532 1643 didicerant
1585 1573 1657 1638 in
1698 1576 2035 1658 Aegypto,
2092 1572 2206 1638 sed
2266 1571 2571 1655 inquina-

617 1670 861 1738 mentis
919 1676 1133 1731 terrae
1180 1662 1499 1731 Chanaan
1548 1681 1619 1726 se
1673 1659 1995 1744 polluent:
2053 1656 2289 1742 quibus
2349 1666 2571 1724 tamen

616 1778 768 1824 eam
805 1752 1063 1821 volebat
1087 1749 1271 1816 Deus
1294 1749 1583 1831 ipsorum
1605 1765 1806 1811 manu
1839 1744 2130 1829 purgari.
2177 1742 2571 1827 Emphatice

618 1863 777 1928 ergo
821 1840 987 1906 haec
1028 1834 1308 1922 legenda
1362 1840 1551 1899 sunt:
1612 1830 2027 1898 scortabitur
2082 1830 2367 1913 populus
2421 1836 2574 1913 post

620 1928 775 1995 deos
820 1937 1033 1991 terrae
1076 1921 1160 1987 ad
1202 1941 1395 2004 quam
1443 1916 1796 1997 descendit,
1841 1925 1910 1982 et
1952 1916 2215 2000 quidem
2250 1916 2322 1981 in
2357 1915 2573 1982 medio

620 2014 793 2080 eius:
828 2012 958 2077 fuit
991 2009 1170 2074 enim
1205 2008 1398 2091 longe
1431 2004 1786 2089 indignius,
1825 2001 2021 2068 falsos
2058 2000 2213 2068 deos
2249 2000 2576 2084 amplecti,

620 2118 898 2184 quorum
933 2098 1214 2162 victores
1251 2101 1317 2157 et
1349 2090 1597 2157 iudices
1630 2090 1912 2168 fuerant,
1960 2108 2155 2170 quam
2194 2109 2365 2153 nova
2400 2087 2577 2154 idola

622 2184 749 2252 sibi
793 2185 1060 2266 fingere.
1132 2179 1361 2244 Altera
1405 2176 1750 2243 subiicitur
1793 2175 2089 2241 criminis
2132 2173 2575 2258 exaggeratio,

618 2269 793 2356 quod
816 2270 1053 2347 Deum,
1089 2286 1129 2330 a
1151 2285 1276 2347 quo
1311 2265 1574 2330 fuerant
1607 2261 1893 2345 cooptati
1923 2260 1993 2325 in
2032 2259 2219 2340 filios,
2255 2259 2574 2338 deserent,

622 2367 689 2424 et
733 2354 931 2438 impie
975 2351 1334 2418 desciscent
1377 2350 1458 2416 ab
1498 2349 1641 2414 eius
1676 2346 1966 2414 foedere:
2014 2366 2223 2429 neque
2258 2347 2435 2411 enim
2472 2367 2575 2411 er-

628 2462 843 2509 rorem
886 2439 1048 2523 ipsis
1091 2435 1445 2502 obtendere
1486 2434 1691 2513 licuit,
1736 2454 1935 2517 quum
1982 2432 2177 2498 toties
2221 2438 2355 2497 tam
2401 2432 2576 2498 clare

622 2539 689 2595 et
722 2537 858 2592 tam
893 2526 1186 2610 graviter
1221 2519 1541 2588 admoniti
1577 2520 1875 2585 fuissent.
1940 2518 2209 2584 Interea
2243 2516 2577 2585 discamus

624 2634 711 2678 ex
753 2613 876 2678 hoc
919 2610 1079 2687 loco,
1125 2606 1496 2691 quicunque
1530 2604 1886 2672 deflectunt
1919 2603 2005 2670 ad
2041 2604 2309 2669 vitiosos
2343 2604 2573 2684 cultus,

624 2719 766 2766 esse
810 2695 1236 2779 foedifragos,
1281 2701 1477 2776 atque
1519 2693 1612 2758 ita
1653 2692 1886 2757 inanes
1929 2711 2074 2757 esse
2119 2711 2343 2755 eorum
2388 2711 2577 2773 prae·

623 2791 844 2851 textus
886 2783 1000 2867 qui
1044 2801 1115 2845 se
1159 2801 1292 2846 una
1335 2799 1484 2846 cum
1527 2776 1717 2843 idolis
1759 2797 2091 2842 summum
2114 2773 2333 2842 Deum
2369 2775 2582 2842 colere

624 2869 959 2938 simulant.

799 2955 901 3020 17.
940 2953 1166 3032 ltaque
1192 2951 1517 3016 irascetur.
1588 2947 1874 3015 Poenam
1912 2945 2367 3015 denunciando
2402 2946 2582 3013 haud

625 3041 820 3108 dubie
862 3040 1162 3105 fraenum
1203 3036 1469 3102 iniicere
1502 3033 1688 3101 Deus
1732 3034 1942 3103 voluit
1981 3033 2062 3100 ad
2105 3032 2583 3119 prohibendam

623 3126 847 3212 populi
892 3125 1258 3191 vesaniam:
1304 3120 1419 3188 sed
1461 3121 1617 3204 quia
1652 3121 1722 3187 id
1755 3120 1953 3187 fiebat
1988 3122 2231 3205 absque
2267 3121 2579 3203 profectu,

625 3213 757 3279 alia
819 3211 949 3276 fuit
1014 3209 1212 3275 huius
1278 3206 1615 3273 doctrinae
1674 3208 1957 3288 utilitas,
2034 3215 2110 3273 ut
2170 3228 2397 3273 severe
2460 3227 2580 3289 pro

625 3298 863 3364 merito
905 3318 1025 3362 suo
1074 3294 1407 3378 castigati,
1468 3295 1770 3376 quamvis
1814 3313 1996 3372 sero,
2042 3293 2307 3359 demum
2355 3302 2580 3357 tamen

626 3383 1107 3467 resipiscerent,
1145 3380 1383 3462 alioqui
1419 3379 1664 3445 frustra
1686 3381 1976 3446 inflictae
1997 3379 2275 3446 fuissent
2299 3399 2576 3462 poenae:

624 3489 840 3553 neque
884 3487 1172 3550 unquam
1217 3466 1286 3529 in
1332 3476 1617 3531 mentem
1682 3466 2000 3546 venisset,
2052 3465 2299 3531 iustam
2354 3465 2578 3549 ingra-

626 3555 893 3622 titudini
938 3562 1004 3618 et
1061 3550 1373 3635 perfidiae
1427 3571 1584 3617 suae
1639 3550 2005 3617 mercedem
2066 3549 2355 3634 rependi.
2444 3549 2579 3618 Hic

625 3640 886 3727 quidem
931 3642 1184 3723 primus
1228 3648 1401 3702 esset
1444 3636 1688 3721 gradus
1730 3636 2137 3719 prudentiae,
2183 3646 2416 3720 sponte
2460 3636 2580 3701 eli-

625 3748 780 3813 gere
817 3725 985 3810 quod
1030 3731 1282 3789 rectum
1327 3732 1445 3799 est,
1491 3720 1818 3788 secundus
1864 3744 2036 3801 vero,
2081 3723 2309 3788 audita
2352 3720 2577 3788 admo-

625 3813 893 3889 nitione,
940 3831 1172 3876 cavere
1213 3819 1279 3874 ct
1322 3807 1495 3873 malo
1531 3808 1625 3873 ire
1660 3808 1940 3875 obviam.
2010 3808 2260 3874 Verum
2297 3809 2352 3874 si
2387 3829 2577 3876 eous-

625 3921 751 3983 que
796 3913 1181 3964 excaecatae
1226 3901 1383 3960 sunt
1416 3900 1690 3974 mentes,
1735 3904 1809 3959 ut
1853 3894 2021 3959 nihil
2064 3895 2317 3978 prosint
2358 3894 2575 3960 obiur-

625 3983 923 4070 gationes
969 3982 1072 4048 vel
1117 3981 1367 4059 minae,
1426 3990 1729 4065 superest
1791 3981 1917 4047 hoc
1976 3981 2279 4061 tertium,
2335 3987 2413 4046 ut
2466 3980 2578 4064 qui

624 4069 822 4135 rebus
881 4067 1097 4133 adbuc
1154 4065 1528 4151 tranquillis
1582 4066 1854 4132 fuerunt
1907 4065 2243 4144 socordes,
2311 4064 2576 4132 tandem

626 4155 873 4222 sentire
916 4154 1235 4236 incipiant
1277 4174 1347 4218 se
1391 4152 1518 4217 Dei
1560 4172 1761 4218 manu
1807 4152 2087 4235 percuti,
2132 4163 2331 4236 atque
2372 4153 2465 4218 ita
2506 4152 2576 4218 in

628 4262 668 4307 a
715 4241 1029 4305 nitionem
1063 4237 1294 4323 culpae
1332 4236 1696 4303 trahantur.
1755 4238 1938 4323 Ergo
1960 4239 2260 4322 quamvis
2295 4236 2580 4321 simplex

627 4262 1006 4403 admonitio,
1054 4324 1365 4407 quamdiu
1402 4324 1639 4391 effectu
1674 4325 1953 4403 carebat,
1999 4332 2223 4409 spreta
2267 4324 2462 4389 fuerit
2496 4323 2579 4388 ab

625 4411 976 4479 Israelitis:
1036 4432 1120 4474 ex
1163 4430 1288 4493 quo
1334 4418 1556 4475 tamen
1599 4419 1838 4477 eventu
1882 4418 1946 4476 et
1991 4409 2395 4492 experientia
2438 4411 2578 4476 fue·

625 4507 784 4565 runt
826 4496 1057 4575 edocti,
1104 4495 1385 4562 fructum
1432 4517 1624 4562 suum
1667 4495 1993 4580 produxit.
2065 4497 2155 4563 Et
2187 4497 2374 4562 nobis
2422 4517 2580 4579 quo-

627 4584 785 4656 tidie
829 4581 1005 4647 idem
1057 4603 1180 4647 usu
1223 4583 1438 4648 venit:
1501 4583 1617 4648 vix
1664 4582 1951 4649 decimus
1996 4582 2272 4667 quisque
2316 4581 2579 4665 piorum

625 4669 1011 4754 quantisper
1042 4688 1290 4752 poenas
1313 4668 1496 4734 Dcus
1532 4667 1770 4747 differt,
1814 4669 2098 4736 occurrit
2133 4669 2274 4734 eius
2308 4667 2580 4734 iudicio:

627 4758 737 4841 qui
780 4775 940 4821 vero
985 4753 1423 4839 expergefacti
1454 4762 1617 4819 sunt
1650 4774 1689 4818 a
1722 4774 1843 4820 suo
1879 4764 2159 4839 torpore,
2201 4776 2363 4839 quas
2397 4754 2583 4839 prius

626 4863 854 4909 secure
921 4841 1397 4924 praeterierant
1460 4839 1705 4919 minas,
1785 4841 1957 4906 serio
2025 4840 2440 4924 expendunt,
2506 4848 2584 4905 ut

627 4927 911 4995 convicti
945 4947 1015 4992 se
1048 4928 1221 5011 ipsos
1266 4924 1600 4991 damnent.
1690 4925 1820 4990 Per
1864 4947 2099 4993 nomen
2144 4940 2259 4994 ’ΒΝ
2323 4927 2582 4993 vultum

673 5014 850 5080 otius
915 5013 1024 5079 hic
1090 5011 1389 5096 intelligo
1455 5032 1654 5095 quam
1721 5011 2362 5079 excandescentiam:
2426 5013 2580 5095 quia

654 5099 924 5184 oquutio
959 5098 1194 5166 melius
1238 5098 1573 5164 convenit:
1621 5095 1857 5163 deinde
1901 5098 2205 5164 effectum
2249 5099 2387 5164 irae
2423 5119 2580 5164 suae

628 5184 945 5265 ostendit,
1011 5185 1182 5270 quod
1222 5183 1468 5250 auxilio
1525 5182 1856 5264 destituti,
1918 5183 2356 5267 corripientur
2399 5185 2583 5250 omni

631 5292 871 5354 genere
936 5272 1255 5338 malorum
1273 5323 1287 5348 ,
1356 5269 1561 5337 donec
1625 5277 2101 5337 consumantur
2165 5281 2231 5336 et
2287 5278 2579 5355 pereant.

634 5356 736 5424 Ad
770 5356 951 5438 haec,
987 5357 1312 5443 angustiis
1334 5356 1760 5424 constrictum
1796 5356 1880 5420 iri
1914 5356 2201 5422 affirmat
2235 5376 2400 5440 quae
2434 5377 2583 5425 con-

2010 436 2421 506 REDITUS
2468 438 2599 506 AD
2642 436 3195 506 HISTORIAM.
3299 484 3306 490 -

4491 441 4614 510 352

2674 625 3023 694 sessionem
3080 632 3549 709 extorqueant,
3615 625 3914 693 miserias
3967 625 4117 694 illas
4159 647 4324 711 quas
4367 629 4612 713 patien-

2674 722 2800 794 tur,
2843 713 3035 797 signa
3076 731 3221 779 esse
3263 711 3534 777 alienati
3568 712 3713 779 Dei.
3780 711 3989 778 Addit
4031 712 4304 778 tandem
4346 733 4418 781 se
4462 726 4612 784 tunc

2718 819 2929 882 noque
2983 819 3116 863 non
3173 796 3315 864 fore
3372 797 3505 863 illis
3563 797 3979 866 exorabilem.
4067 796 4417 866 Caeterum
4464 799 4614 870 hinc

2673 819 3001 964 docemur,
3047 883 3243 949 sicuti
3278 906 3320 950 a
3360 892 3637 967 paterno
3670 881 3800 951 Dei
3843 885 4068 952 favore
4108 884 4354 968 pendet
4396 895 4618 955 nostra

2676 969 2985 1050 felicitas,
3029 970 3128 1035 ita
3171 969 3340 1035 nihil
3389 970 3578 1036 nobis
3624 990 3768 1036 esse
3805 968 4099 1036 deterius
4132 991 4329 1055 quam
4363 972 4445 1039 ab
4483 973 4616 1057 ipso

2676 1055 2975 1140 relinqui,
3021 1076 3097 1122 ac
3139 1057 3195 1123 si
3233 1056 3486 1122 nullam
3521 1055 3805 1141 amplius
3840 1057 4049 1122 nostri
4084 1078 4312 1123 curam
4344 1068 4617 1143 gereret.

2676 1141 2870 1208 Unde
2937 1140 3316 1209 discendum
3394 1150 3529 1223 est,
3612 1142 3779 1208 nihil
3848 1163 3991 1208 esse
4056 1163 4125 1208 m
4213 1142 4271 1209 is
4336 1144 4616 1228 optabile

2676 1249 2870 1311 quam
2924 1235 3002 1294 ut
3054 1249 3173 1295 nos
3227 1236 3496 1312 aspectu
3552 1248 3671 1294 suo
3729 1228 4056 1313 dignetur.
4228 1251 4264 1295 e
4319 1230 4616 1298 omnibus

2676 1313 2995 1380 creaturis
3052 1314 3336 1399 legimus
3389 1314 3454 1378 in
3501 1314 3768 1381 Psalmo
3822 1313 4011 1402 (104,
4055 1314 4204 1402 29),
4262 1315 4516 1381 turbari
4564 1317 4618 1383 si

2675 1398 2862 1466 Deus
2906 1399 3260 1466 abscondat
3305 1399 3538 1468 faciem
3597 1421 3817 1467 suam:
3879 1401 3993 1467 sed
4039 1400 4146 1468 hic
4188 1401 4434 1467 clarius
4477 1424 4618 1486 per-

2674 1487 2967 1570 spicitur,
3012 1485 3126 1552 ubi
3167 1485 3546 1569 iniquitates
3588 1495 3855 1552 nostrae
3890 1486 4131 1553 nubem
4166 1485 4416 1554 dissidii
4449 1488 4620 1556 inter

2675 1570 2896 1637 Deum
2920 1580 2987 1638 et
3009 1592 3129 1638 nos
3162 1580 3515 1656 opponunt,
3553 1580 3619 1637 et
3652 1579 3918 1656 peccata
3953 1579 4181 1638 nostra
4217 1572 4620 1640 abscondunt

2675 1657 2910 1725 faciem
2976 1658 3117 1724 eius
3173 1679 3213 1723 a
3278 1656 3495 1733 nobis,
3552 1677 3876 1742 auresque
3940 1657 4282 1737 obturant,
4350 1669 4428 1724 ut
4493 1682 4619 1726 non

2678 1744 3020 1824 exaudiat,
3076 1742 3618 1827 quemadmodum
3662 1744 3821 1810 dicit
3864 1743 4075 1810 Isaiae
4118 1742 4263 1830 (59,
4306 1744 4395 1832 2),
4454 1746 4621 1811 nihil

2678 1829 2863 1895 nobis
2913 1829 3075 1915 fingi
3129 1850 3322 1914 posse
3378 1830 3726 1897 infelicius.
3830 1830 4040 1896 Porro
4109 1832 4244 1897 iam
4301 1831 4621 1898 malorum

2677 1917 2990 1999 exprimit
3048 1915 3605 2000 magnitudinem,
3671 1914 3779 1982 ubi
3843 1915 4151 1983 fatebitur
4207 1919 4491 2001 populus
4555 1939 4622 1984 se

2677 2001 2824 2068 ideo
2867 2012 3002 2067 tam
3048 2001 3301 2068 duriter
3360 2002 3596 2086 affligi,
3654 2002 3807 2086 quia
3846 2000 4031 2069 Deus
4075 2002 4159 2068 ab
4200 2004 4340 2086 ipso
4384 2002 4621 2070 disces-

2679 2087 2856 2153 serit.
2946 2087 3175 2171 Neque
3219 2088 3392 2154 enim
3444 2087 3699 2154 levibus
3743 2088 3972 2171 poenis
4014 2088 4099 2154 ad
4141 2088 4316 2155 hunc
4359 2108 4623 2156 sensum

2680 2172 2941 2241 adducti
2998 2175 3214 2241 forent
3230 2225 3245 2254 ,
3303 2174 3684 2257 praesertim
3735 2175 3809 2239 in
3867 2181 4055 2240 tanta
4097 2174 4338 2241 duritie
4395 2174 4623 2255 cordis,

2680 2268 2748 2326 et
2790 2280 2983 2327 caeca
3025 2260 3477 2326 obstinatione.
3572 2257 3887 2343 Sequitur
3923 2281 4081 2345 ergo
4122 2281 4352 2328 saevas
4411 2263 4625 2327 notari

2678 2367 2957 2429 poenas,
3012 2367 3177 2430 quae
3237 2347 3482 2413 invitos
3540 2354 3778 2430 cogant
3831 2345 3915 2411 ad
3968 2347 4401 2431 reputandam
4459 2348 4626 2413 iram

2681 2432 2829 2511 Dei,
2876 2452 3068 2515 quam
3115 2440 3271 2498 ante
3313 2454 3429 2516 pro
3473 2432 3680 2498 nihilo
3723 2431 4067 2498 duxerant.
4135 2433 4364 2516 Neque
4409 2441 4626 2499 tamen

2682 2517 3000 2584 confessio
3066 2518 3228 2586 haec
3292 2518 3563 2601 ponitur
3618 2518 3808 2602 quasi
3857 2520 4141 2598 fructus,
4199 2518 4307 2584 vel
4366 2520 4628 2604 signum

2683 2604 2891 2670 seriae
2947 2605 3418 2688 poenitentiae:
3476 2604 3627 2688 quia
3682 2603 3741 2669 si
3794 2604 4044 2671 sincere
4086 2604 4166 2670 ad
4210 2603 4433 2671 Deum
4477 2626 4627 2672 con-

2685 2690 2893 2774 fugiat
2934 2697 3268 2774 peccator,
3316 2690 3607 2757 vicissim
3649 2700 3948 2757 occurret
3989 2688 4175 2758 Deus
4216 2690 4372 2775 ipsi,
4416 2701 4493 2757 ut
4535 2699 4630 2758 est

2684 2775 2765 2840 ad
2812 2775 3320 2842 misericordiam
3365 2796 3744 2861 propensus.
3833 2777 4037 2860 Atqui
4084 2777 4209 2843 hoc
4249 2776 4393 2843 loco
4436 2786 4632 2861 negat

2686 2883 2755 2927 se
2798 2862 3158 2945 propitium
3199 2862 3330 2928 illis
3376 2863 3541 2940 fore,
3588 2861 3703 2929 scd
3748 2882 4126 2945 passurum,
4182 2874 4256 2929 ut
4299 2862 4632 2930 tabescant

2686 2950 2755 3013 in
2801 2949 2935 3014 suis
2979 2949 3202 3014 malis:
3248 2969 3405 3015 nam
3429 2948 3848 3016 Abscondere
3883 2950 4114 3015 faciem
4160 2968 4351 3014 suam
4395 2949 4632 3015 dicitur

2687 3033 2869 3100 Deus
2906 3055 3105 3101 versu
3139 3034 3391 3101 decimo
3426 3044 3674 3112 octavo,
3719 3057 3852 3100 non
3895 3035 4278 3120 simpliciter
4316 3042 4393 3101 ut
4433 3034 4632 3119 paulo

2685 3133 2871 3187 ante:
2950 3120 3066 3186 sed
3145 3122 3297 3203 quia
3362 3121 3647 3205 gemitus
3712 3128 3779 3187 et
3843 3122 4341 3187 lamentationes
4406 3141 4633 3187 eorum

2684 3206 3095 3290 praeterierit
3137 3227 3211 3272 ac
3257 3206 3563 3293 negliget,
3608 3215 3674 3272 et
3716 3206 3860 3291 ipsa
3897 3227 4256 3290 poenarum
4291 3207 4630 3274 continua-

2684 3294 2862 3358 tione
2906 3291 3206 3359 ostendet
3242 3303 3640 3377 quantopere
3681 3295 3770 3359 sit
3807 3291 3940 3359 illis
3983 3293 4278 3359 infestus.

2858 3379 2960 3445 19.
3036 3378 3223 3446 Nunc
3285 3380 3497 3461 itaque
3557 3379 3820 3445 scribite.
3930 3378 4212 3445 Videtur
4272 3377 4633 3446 absurdum

2684 3485 2855 3546 esse,
2909 3464 3137 3533 morbo
3193 3463 3541 3530 incurabili
3594 3463 3888 3532 adhiberi
3948 3464 4183 3531 inutile
4248 3462 4630 3531 remedium.

2684 3550 2823 3618 Cur
2865 3572 3000 3616 non
3042 3571 3268 3617 eorum
3313 3550 3707 3635 pravitatem
3749 3550 4019 3634 corrigit
4060 3549 4278 3634 potius
4322 3550 4528 3631 Deus,
4570 3556 4634 3615 et

2682 3637 2917 3720 spiritu
2961 3657 3077 3702 suo
3120 3635 3317 3703 corda
3345 3657 3572 3702 eorum
3607 3637 3680 3702 in
3714 3634 4098 3721 obsequium
4133 3636 4392 3715 format,
4485 3656 4633 3709 uam

2681 3722 2930 3788 frustra
2974 3721 3147 3805 apud
3190 3722 3427 3789 surdos
3470 3723 3669 3790 verba
3714 3721 4103 3806 profundit?
4189 3720 4420 3806 Itaque
4599 3742 4635 3787 c

2682 3808 2921 3894 agendi
2964 3809 3287 3874 rationem
3331 3808 3741 3875 subsannant
3797 3809 4056 3892 profani
4101 3815 4168 3873 et
4210 3807 4476 3892 superbi
4516 3807 4633 3873 ho·

2681 3895 2925 3975 mines,
2968 3914 3045 3960 ac
3089 3895 3143 3960 si
3192 3894 3378 3960 Deus
3422 3915 3688 3978 operam
3732 3893 4002 3974 ludens,
4049 3895 4303 3960 miseris
4347 3892 4633 3959 homini·

2682 3981 2805 4047 bus
2846 3980 3173 4047 illuderet.
3260 3980 3470 4064 Atqui
3513 3979 3871 4046 tenendum
3915 3987 4035 4060 est,
4083 3978 4637 4064 praedicationem

2682 4066 3036 4145 sermonis,
3097 4066 3400 4150 quamvis
3453 4066 3736 4132 exitialis
3789 4068 3875 4132 sit
3914 4064 4075 4131 odor
4116 4066 4190 4131 in
4229 4072 4507 4131 mortem
4550 4065 4634 4130 iis

2681 4154 2790 4237 qui
2828 4167 3124 4236 pereunt,
3169 4152 3555 4219 sacrificium
3597 4159 3817 4218 tamen
3851 4172 3994 4218 esse
4027 4151 4186 4218 boni
4218 4150 4434 4218 odoris
4455 4151 4635 4217 Deo:

2682 4258 2803 4305 nec
2847 4259 3003 4305 vero
3039 4237 3407 4322 putandum
3443 4252 3544 4304 est
3578 4238 3833 4304 irritam
3869 4258 4031 4316 esse,
4077 4236 4184 4305 vel
4218 4236 4427 4316 nihili,
4475 4237 4634 4303 dum

2681 4325 2916 4408 impios
2974 4325 3186 4408 magis
3242 4346 3318 4389 ac
3373 4324 3584 4408 magis
3641 4324 3969 4409 coarguit,
4034 4330 4111 4389 ut
4172 4344 4441 4407 prorsus
4501 4323 4636 4389 sint

2683 4410 3178 4477 inexcusabiles.
3245 4409 3462 4492 Atque
3498 4410 3677 4476 hunc
3715 4430 3908 4476 usum
3941 4407 4081 4475 fore
4115 4410 4356 4476 cantici
4390 4408 4634 4475 diserte

2683 4496 2915 4563 asserit
2952 4497 3155 4575 Deus,
3197 4507 3270 4561 ut
3314 4497 3401 4562 sit
3432 4496 3502 4561 in
3547 4503 3781 4562 testem
3825 4504 4054 4563 contra
4095 4515 4208 4562 eos
4249 4496 4322 4562 in
4357 4514 4636 4579 qnorum

2684 4604 2795 4649 ore
2853 4581 3245 4666 personabit.
3334 4579 3598 4648 Profuit
3644 4580 3908 4666 quidem
3966 4581 4303 4648 nonnullis
4345 4582 4415 4646 in
4459 4581 4636 4648 salu-

2685 4675 2847 4734 tem:
2894 4670 3047 4751 quia
3089 4667 3319 4733 ferulis
3361 4665 3616 4734 subacti
3635 4718 3650 4748 ,
3708 4667 3973 4734 tandem
4017 4689 4102 4734 ex
4144 4688 4222 4733 eo
4265 4665 4638 4734 didicerunt

2684 4755 2932 4821 scelera
2975 4775 3096 4820 sua
3137 4754 3458 4819 malorum
3518 4754 3812 4820 omnium
3869 4754 4121 4819 fontem
4176 4774 4318 4820 esse
4364 4775 4439 4820 ac
4480 4774 4637 4820 cau-

2684 4860 2857 4907 sam:
2925 4841 3350 4923 quantumvis
3414 4840 3591 4906 enim
3656 4840 3825 4907 ictus
3891 4839 4301 4925 flagellorum
4366 4860 4637 4905 suorum

2683 4927 3051 5012 ingeminet
3094 4926 3308 5002 Deus,
3365 4923 3688 4992 increduli
3742 4934 3964 4991 tamen
4022 4926 4136 4993 ubi
4189 4923 4484 4992 doctrina
4524 4946 4637 4993 ca·

2684 5021 2860 5093 rent,
2927 5011 3093 5078 nihil
3154 5011 3517 5095 proficiunt.
3618 5010 3727 5077 Ita
3789 5013 4121 5078 canticum
4182 5009 4310 5078 hoc
4374 5010 4635 5092 electos,

2686 5119 2885 5164 manu
2909 5096 3036 5164 Dei
3071 5117 3410 5182 percussos
3445 5096 3527 5163 ad
3563 5096 3856 5165 studium
3892 5097 4317 5181 resipiscendi
4359 5095 4634 5164 adiuvit.

2686 5185 3039 5251 Caeterum
3083 5184 3384 5269 quamvis
3429 5183 3694 5251 nonnisi
3734 5185 3934 5250 morti
3989 5182 4250 5250 addicat
4304 5182 4636 5250 auditores

2686 5291 2899 5338 sermo
2941 5270 3105 5351 Dei,
3161 5269 3448 5336 sufficiat
3506 5277 3723 5337 tamen
3743 5320 3761 5348 ,
3821 5289 4044 5338 coram
4102 5271 4242 5355 ipso
4297 5270 4508 5337 bonae
4567 5275 4635 5335 et

2684 5359 2905 5425 suavis
2962 5377 3103 5423 esse
3167 5354 3586 5442 fragrantiae.
3694 5355 3964 5422 Rationi
4027 5364 4289 5424 nostrae
4364 5354 4638 5422 minime
