5017 6142
432 461 556 527 401
1842 460 2248 530 REDI'I'US
2290 461 2421 528 AD
2463 460 3009 529 HISTORIAM.
4314 464 4445 529 402

433 659 533 717 est
576 651 683 717 hic
722 652 954 717 Mosen
999 652 1200 718 statui
1242 652 1311 717 in
1370 651 1718 735 praecipuo
1775 652 1985 736 gradu
2005 704 2021 731 ,
2079 660 2154 718 ut
2208 652 2382 717 inter

433 759 659 804 omnes
702 738 1055 821 prophetas
1099 738 1407 803 emineat:
1454 737 1650 803 sicuti
1693 738 1889 804 etiam
1936 746 2224 806 veterem
2268 757 2380 820 po-

432 825 661 908 pulum
705 823 1008 889 hortatur
1043 822 1405 890 Malachiae
1445 822 1542 909 (4,
1587 823 1688 910 4),
1751 832 1830 888 ut
1870 824 1941 888 in
1985 824 2131 909 lege
2175 823 2383 889 Mosis

434 911 820 993 acquiescat.
909 909 1060 975 Duo
1106 919 1326 975 autem
1372 910 1477 976 hic
1524 910 1902 975 referuntur
1944 909 2384 993 praestantiae

434 996 654 1081 ὤμ’
690 994 1221 1147 {sufflamus
1239 995 1638 1146 h⁰⁰³¹¹i¹⁵isss0
1658 995 2022 1147 8ᾍέἭο
2040 995 2386 1145 ’Ἢῖξῖξ

432 1103 801 1252 ἔῃῗᾷᾙᾳιιίιε
864 1103 1233 1251 prophetis,
1290 1100 1724 1252 {ffiffifafflffi
1782 1103 1949 1233 fgoie
2010 1102 2093 1233 ἒεῗ
2155 1104 2385 1235 faciem

648 5484 868 5541 Caluini
900 5499 1085 5554 opera.
1164 5484 1280 5540 Vol.
1315 5484 1504 5539 XXV.

2485 670 2635 717 cum
2680 671 2757 715 eo
2801 650 3112 734 loquutus
3156 660 3344 717 esset.
3434 650 3607 716 Nam
3644 652 3769 718 etsi
3816 651 3988 719 idem
4037 651 4117 718 de
4154 673 4224 718 se
4258 673 4447 737 prae-

2487 735 2661 803 dicat
2722 735 2951 815 Iacob,
3035 736 3277 803 scimus
3343 748 3567 803 tamen
3633 736 3853 803 Deum
3932 738 4202 822 propius
4267 739 4442 805 Mosi

2484 821 2749 889 tandem
2791 822 3042 899 fuissse*
3081 823 3509 906 patefactum:
3573 843 3705 888 non
3746 823 3920 908 quod
3980 825 4256 908 gloriam
4300 827 4443 891 eius

2484 907 2556 973 in
2616 907 2897 974 solidum
2957 910 3401 991 conspexerit,
3461 909 3574 975 sed
3620 909 3776 992 quia
3831 910 4281 993 comparative
4326 932 4441 976 ex-

2485 993 2710 1060 celluit
2766 995 2940 1060 inter
2983 994 3161 1060 alios.
3252 993 3591 1074 Quantum
3635 995 3717 1060 ad
3762 995 4078 1063 miracula
4135 997 4440 1079 pertinet,

2487 1079 2582 1146 sic
2616 1079 2698 1145 ab
2734 1080 2883 1145 aliis
2916 1080 3093 1146 edita
3127 1080 3411 1160 fuerunt,
3455 1092 3529 1145 ut
3564 1080 3792 1147 nullus
3828 1089 4048 1147 tamen
4086 1082 4169 1146 ad
4205 1082 4442 1149 Mosen

2488 1167 2848 1233 accesserit.

3968 5489 4042 5543 26
