<?xml version="1.0" encoding="UTF-8"?>
<!DOCTYPE html PUBLIC "-//W3C//DTD XHTML 1.0 Transitional//EN"
    "http://www.w3.org/TR/xhtml1/DTD/xhtml1-transitional.dtd">
<html xmlns="http://www.w3.org/1999/xhtml" xml:lang="en" lang="en">
 <head>
  <title>
</title>
<meta http-equiv="Content-Type" content="text/html;charset=utf-8" />
  <meta name='ocr-system' content='tesseract 3.04.00' />
  <meta name='ocr-capabilities' content='ocr_page ocr_carea ocr_par ocr_line ocrx_word'/>
</head>
<body>
  <div class='ocr_page' id='page_1' title='image "./ioanniscalvinio06unkngoog_0255.png"; bbox 0 0 5017 6142; ppageno 0'>
   <div class='ocr_carea' id='block_1_1' title="bbox 1803 0 4199 24">
    <p class='ocr_par' dir='ltr' id='par_1_1' title="bbox 1803 0 4199 24">
     <span class='ocr_line' id='line_1_1' title="bbox 1803 0 4199 24; baseline 0 0"><span class='ocrx_word' id='word_1_1' title='bbox 1803 0 4199 24; x_wconf 95' lang='lat' dir='ltr'><strong> </strong></span> 
     </span>
    </p>
   </div>
   <div class='ocr_carea' id='block_1_2' title="bbox 391 456 521 523">
    <p class='ocr_par' dir='ltr' id='par_1_2' title="bbox 391 456 521 523">
     <span class='ocr_line' id='line_1_2' title="bbox 391 456 521 523; baseline 0 -1"><span class='ocrx_word' id='word_1_2' title='bbox 391 456 521 523; x_wconf 84' lang='lat'><strong>485</strong></span> 
     </span>
    </p>
   </div>
   <div class='ocr_carea' id='block_1_3' title="bbox 362 645 2327 5454">
    <p class='ocr_par' dir='ltr' id='par_1_3' title="bbox 388 645 2325 799">
     <span class='ocr_line' id='line_1_3' title="bbox 388 645 2325 733; baseline 0.001 -19"><span class='ocrx_word' id='word_1_3' title='bbox 388 645 515 714; x_wconf 87' lang='lat' dir='ltr'><strong>sub</strong></span> <span class='ocrx_word' id='word_1_4' title='bbox 556 645 791 713; x_wconf 89' lang='lat' dir='ltr'><strong>umbra</strong></span> <span class='ocrx_word' id='word_1_5' title='bbox 824 645 1080 712; x_wconf 78' lang='lat' dir='ltr'><strong>vicinae</strong></span> <span class='ocrx_word' id='word_1_6' title='bbox 1121 645 1306 715; x_wconf 88' lang='lat' dir='ltr'><strong>urbis</strong></span> <span class='ocrx_word' id='word_1_7' title='bbox 1340 665 1504 730; x_wconf 89' lang='lat' dir='ltr'><strong>quae</strong></span> <span class='ocrx_word' id='word_1_8' title='bbox 1547 646 1741 733; x_wconf 84' lang='lat' dir='ltr'><strong>longe</strong></span> <span class='ocrx_word' id='word_1_9' title='bbox 1776 646 2134 717; x_wconf 88' lang='lat' dir='ltr'><strong>excellebat</strong></span> <span class='ocrx_word' id='word_1_10' title='bbox 2174 668 2325 716; x_wconf 90' lang='lat' dir='ltr'><strong>con-</strong></span> 
     </span>
     <span class='ocr_line' id='line_1_4' title="bbox 389 739 833 799; baseline -0.005 0"><span class='ocrx_word' id='word_1_11' title='bbox 389 739 833 799; x_wconf 77' lang='lat' dir='ltr'><strong>servarentur.</strong></span> 
     </span>
    </p>

    <p class='ocr_par' dir='ltr' id='par_1_4' title="bbox 382 815 2327 1844">
     <span class='ocr_line' id='line_1_5' title="bbox 564 815 2324 896; baseline 0.001 -14"><span class='ocrx_word' id='word_1_12' title='bbox 564 818 664 885; x_wconf 85' lang='lat'><strong>18.</strong></span> <span class='ocrx_word' id='word_1_13' title='bbox 731 816 923 884; x_wconf 71' lang='lat' dir='ltr'><strong>Dixit</strong></span> <span class='ocrx_word' id='word_1_14' title='bbox 964 820 1168 881; x_wconf 79' lang='lat' dir='ltr'><strong>autem</strong></span> <span class='ocrx_word' id='word_1_15' title='bbox 1210 815 1460 884; x_wconf 68' lang='lat' dir='ltr'><strong>Iahova.</strong></span> <span class='ocrx_word' id='word_1_16' title='bbox 1550 815 1758 884; x_wconf 90' lang='lat' dir='ltr'><strong>Docet</strong></span> <span class='ocrx_word' id='word_1_17' title='bbox 1800 818 1905 885; x_wconf 93' lang='lat' dir='ltr'><strong>hic</strong></span> <span class='ocrx_word' id='word_1_18' title='bbox 1944 817 2122 885; x_wconf 89' lang='lat' dir='ltr'><strong>locus</strong></span> <span class='ocrx_word' id='word_1_19' title='bbox 2141 869 2156 896; x_wconf 94' lang='lat'><strong><em>‚</em></strong></span> <span class='ocrx_word' id='word_1_20' title='bbox 2219 819 2324 885; x_wconf 83' lang='lat' dir='ltr'><strong>vel</strong></span> 
     </span>
     <span class='ocr_line' id='line_1_6' title="bbox 389 900 2327 986; baseline 0 -16"><span class='ocrx_word' id='word_1_21' title='bbox 389 924 542 970; x_wconf 90' lang='lat' dir='ltr'><strong>rara</strong></span> <span class='ocrx_word' id='word_1_22' title='bbox 581 902 763 970; x_wconf 86' lang='lat' dir='ltr'><strong>urbis</strong></span> <span class='ocrx_word' id='word_1_23' title='bbox 807 900 1204 981; x_wconf 90' lang='lat' dir='ltr'><strong>munitione,</strong></span> <span class='ocrx_word' id='word_1_24' title='bbox 1264 902 1369 968; x_wconf 78' lang='lat' dir='ltr'><strong>vel</strong></span> <span class='ocrx_word' id='word_1_25' title='bbox 1414 901 1681 971; x_wconf 81' lang='lat' dir='ltr'><strong>audacia</strong></span> <span class='ocrx_word' id='word_1_26' title='bbox 1721 902 1997 986; x_wconf 82' lang='lat' dir='ltr'><strong>civium,</strong></span> <span class='ocrx_word' id='word_1_27' title='bbox 2055 902 2159 970; x_wconf 80' lang='lat' dir='ltr'><strong>vel</strong></span> <span class='ocrx_word' id='word_1_28' title='bbox 2202 913 2327 970; x_wconf 87' lang='lat' dir='ltr'><strong>tre-</strong></span> 
     </span>
     <span class='ocr_line' id='line_1_7' title="bbox 388 986 2327 1075; baseline -0.001 -20"><span class='ocrx_word' id='word_1_29' title='bbox 388 990 717 1075; x_wconf 87' lang='lat' dir='ltr'><strong>pidatione</strong></span> <span class='ocrx_word' id='word_1_30' title='bbox 758 987 982 1073; x_wconf 88' lang='lat' dir='ltr'><strong>populi</strong></span> <span class='ocrx_word' id='word_1_31' title='bbox 1014 987 1347 1055; x_wconf 77' lang='lat' dir='ltr'><strong>israelitici</strong></span> <span class='ocrx_word' id='word_1_32' title='bbox 1387 986 1711 1055; x_wconf 81' lang='lat' dir='ltr'><strong>redditam</strong></span> <span class='ocrx_word' id='word_1_33' title='bbox 1752 989 1953 1057; x_wconf 82' lang='lat' dir='ltr'><strong>fuisse</strong></span> <span class='ocrx_word' id='word_1_34' title='bbox 1996 988 2327 1057; x_wconf 82' lang='lat' dir='ltr'><strong>difficilem</strong></span> 
     </span>
     <span class='ocr_line' id='line_1_8' title="bbox 386 1073 2326 1158; baseline -0.001 -14"><span class='ocrx_word' id='word_1_35' title='bbox 386 1076 764 1144; x_wconf 82' lang='lat' dir='ltr'><strong>victoriam:</strong></span> <span class='ocrx_word' id='word_1_36' title='bbox 843 1074 998 1158; x_wconf 88' lang='lat' dir='ltr'><strong>quia</strong></span> <span class='ocrx_word' id='word_1_37' title='bbox 1038 1073 1221 1141; x_wconf 90' lang='lat' dir='ltr'><strong>Deus</strong></span> <span class='ocrx_word' id='word_1_38' title='bbox 1283 1074 1512 1140; x_wconf 82' lang='lat' dir='ltr'><strong>hastae</strong></span> <span class='ocrx_word' id='word_1_39' title='bbox 1577 1073 1945 1141; x_wconf 80' lang='lat' dir='ltr'><strong>elevatione</strong></span> <span class='ocrx_word' id='word_1_40' title='bbox 2008 1097 2081 1143; x_wconf 90' lang='lat' dir='ltr'><strong>se</strong></span> <span class='ocrx_word' id='word_1_41' title='bbox 2143 1075 2326 1143; x_wconf 86' lang='lat' dir='ltr'><strong>urbis</strong></span> 
     </span>
     <span class='ocr_line' id='line_1_9' title="bbox 386 1159 2327 1245; baseline -0.001 -18"><span class='ocrx_word' id='word_1_42' title='bbox 386 1161 528 1229; x_wconf 83' lang='lat' dir='ltr'><strong>fore</strong></span> <span class='ocrx_word' id='word_1_43' title='bbox 583 1167 1101 1245; x_wconf 73' lang='lat' dir='ltr'><strong>expugnatorem</strong></span> <span class='ocrx_word' id='word_1_44' title='bbox 1147 1160 1488 1243; x_wconf 90' lang='lat' dir='ltr'><strong>promittit.</strong></span> <span class='ocrx_word' id='word_1_45' title='bbox 1576 1161 1786 1226; x_wconf 89' lang='lat' dir='ltr'><strong>Porro</strong></span> <span class='ocrx_word' id='word_1_46' title='bbox 1827 1162 1897 1227; x_wconf 89' lang='lat' dir='ltr'><strong>in</strong></span> <span class='ocrx_word' id='word_1_47' title='bbox 1942 1183 2014 1228; x_wconf 90' lang='lat' dir='ltr'><strong>re</strong></span> <span class='ocrx_word' id='word_1_48' title='bbox 2055 1159 2327 1227; x_wconf 89' lang='lat' dir='ltr'><strong>indubia</strong></span> 
     </span>
     <span class='ocr_line' id='line_1_10' title="bbox 385 1243 2326 1346; baseline -0.001 -31"><span class='ocrx_word' id='word_1_49' title='bbox 385 1264 865 1332; x_wconf 83' lang='lat' dir='ltr'><strong>supervacuum</strong></span> <span class='ocrx_word' id='word_1_50' title='bbox 890 1331 904 1346; x_wconf 29' lang='grc' dir='ltr'>ι</span> <span class='ocrx_word' id='word_1_51' title='bbox 920 1245 1157 1313; x_wconf 78' lang='lat' dir='ltr'><strong>fuisset</strong></span> <span class='ocrx_word' id='word_1_52' title='bbox 1190 1244 1599 1346; x_wconf 66' lang='lat' dir='ltr'><strong>symbolum.</strong></span> <span class='ocrx_word' id='word_1_53' title='bbox 1687 1243 2016 1314; x_wconf 87' lang='lat' dir='ltr'><strong>Sollicitos</strong></span> <span class='ocrx_word' id='word_1_54' title='bbox 2057 1266 2129 1313; x_wconf 89' lang='lat' dir='ltr'><strong>er</strong></span> <span class='ocrx_word' id='word_1_55' title='bbox 2173 1268 2213 1312; x_wconf 95' lang='lat' dir='ltr'><strong>o</strong></span> <span class='ocrx_word' id='word_1_56' title='bbox 2257 1254 2326 1313; x_wconf 88' lang='lat' dir='ltr'><strong>et</strong></span> 
     </span>
     <span class='ocr_line' id='line_1_11' title="bbox 386 1332 2323 1487; baseline -0.002 -1"><span class='ocrx_word' id='word_1_57' title='bbox 386 1333 1026 1486; x_wconf 52' lang='lat' dir='ltr'><strong>fflfflssessffiffi</strong></span> <span class='ocrx_word' id='word_1_58' title='bbox 1084 1332 2323 1487; x_wconf 52' lang='lat' dir='ltr'><strong>3ffl⁰30322120232tffi3⁰55⁶f2agss3</strong></span> 
     </span>
     <span class='ocr_line' id='line_1_12' title="bbox 384 1502 2324 1659; baseline -0.002 -2"><span class='ocrx_word' id='word_1_59' title='bbox 384 1505 830 1659; x_wconf 52' lang='lat' dir='ltr'><strong>ffissffissuffis</strong></span> <span class='ocrx_word' id='word_1_60' title='bbox 881 1502 1907 1658; x_wconf 53' lang='grc' dir='ltr'><strong>Ἓοιοξᾞοὲἕῗὲῗέεέἒῗέιῖξ</strong></span> <span class='ocrx_word' id='word_1_61' title='bbox 1960 1502 2324 1657; x_wconf 47' lang='grc' dir='ltr'><strong>ἶῗὶῖὶωὲἷ-’ἰ</strong></span> 
     </span>
     <span class='ocr_line' id='line_1_13' title="bbox 382 1640 2323 1760; baseline -0.003 -15"><span class='ocrx_word' id='word_1_62' title='bbox 382 1678 567 1745; x_wconf 85' lang='lat' dir='ltr'><strong>risse.</strong></span> <span class='ocrx_word' id='word_1_63' title='bbox 640 1640 850 1758; x_wconf 77' lang='lat' dir='ltr'><strong>&#39;Quod</strong></span> <span class='ocrx_word' id='word_1_64' title='bbox 914 1675 971 1742; x_wconf 89' lang='lat' dir='ltr'><strong>si</strong></span> <span class='ocrx_word' id='word_1_65' title='bbox 1032 1673 1199 1741; x_wconf 89' lang='lat' dir='ltr'><strong>illud</strong></span> <span class='ocrx_word' id='word_1_66' title='bbox 1262 1674 1574 1760; x_wconf 88' lang='lat' dir='ltr'><strong>surgendi</strong></span> <span class='ocrx_word' id='word_1_67' title='bbox 1637 1675 1901 1760; x_wconf 88' lang='lat' dir='ltr'><strong>signum</strong></span> <span class='ocrx_word' id='word_1_68' title='bbox 1920 1640 1938 1672; x_wconf 63' lang='lat'><strong><em>⁹</em></strong></span> <span class='ocrx_word' id='word_1_69' title='bbox 1962 1676 2125 1756; x_wconf 87' lang='lat' dir='ltr'><strong>fuit,</strong></span> <span class='ocrx_word' id='word_1_70' title='bbox 2189 1695 2323 1742; x_wconf 91' lang='lat' dir='ltr'><strong>non</strong></span> 
     </span>
     <span class='ocr_line' id='line_1_14' title="bbox 382 1761 2324 1844; baseline -0.003 -13"><span class='ocrx_word' id='word_1_71' title='bbox 382 1763 731 1832; x_wconf 82' lang='lat' dir='ltr'><strong>conveniet</strong></span> <span class='ocrx_word' id='word_1_72' title='bbox 746 1813 762 1844; x_wconf 91' lang='lat'><strong>,</strong></span> <span class='ocrx_word' id='word_1_73' title='bbox 823 1761 892 1827; x_wconf 91' lang='lat' dir='ltr'><strong>in</strong></span> <span class='ocrx_word' id='word_1_74' title='bbox 950 1761 1140 1827; x_wconf 86' lang='lat' dir='ltr'><strong>hasta</strong></span> <span class='ocrx_word' id='word_1_75' title='bbox 1193 1771 1523 1827; x_wconf 77' lang='lat' dir='ltr'><strong>ostensam</strong></span> <span class='ocrx_word' id='word_1_76' title='bbox 1566 1761 1772 1828; x_wconf 83' lang='lat' dir='ltr'><strong>fuisse</strong></span> <span class='ocrx_word' id='word_1_77' title='bbox 1815 1762 2148 1829; x_wconf 85' lang='lat' dir='ltr'><strong>victricem</strong></span> <span class='ocrx_word' id='word_1_78' title='bbox 2193 1761 2324 1827; x_wconf 92' lang='lat' dir='ltr'><strong>Dei</strong></span> 
     </span>
    </p>

    <p class='ocr_par' dir='ltr' id='par_1_5' title="bbox 365 1845 2326 5020">
     <span class='ocr_line' id='line_1_15' title="bbox 468 1845 2319 1931; baseline 0 -18"><span class='ocrx_word' id='word_1_79' title='bbox 468 1848 742 1913; x_wconf 88' lang='lat' dir='ltr'><strong>tentiam</strong></span> <span class='ocrx_word' id='word_1_80' title='bbox 759 1897 775 1925; x_wconf 92' lang='lat'><em>‚</em></span> <span class='ocrx_word' id='word_1_81' title='bbox 852 1867 1017 1931; x_wconf 84' lang='lat' dir='ltr'><strong>quac</strong></span> <span class='ocrx_word' id='word_1_82' title='bbox 1082 1845 1552 1915; x_wconf 78' lang='lat' dir='ltr'><strong>dubitationem</strong></span> <span class='ocrx_word' id='word_1_83' title='bbox 1618 1846 1921 1917; x_wconf 88' lang='lat' dir='ltr'><strong>omnibus</strong></span> <span class='ocrx_word' id='word_1_84' title='bbox 1986 1848 2319 1913; x_wconf 85' lang='lat' dir='ltr'><strong>eximeret.</strong></span> 
     </span>
     <span class='ocr_line' id='line_1_16' title="bbox 380 1871 2322 2017; baseline 0 -18"><span class='ocrx_word' id='word_1_85' title='bbox 380 1871 638 2000; x_wconf 42' lang='lat' dir='ltr'><strong>&amp;erum</strong></span> <span class='ocrx_word' id='word_1_86' title='bbox 689 1932 845 2017; x_wconf 89' lang='lat' dir='ltr'><strong>quia</strong></span> <span class='ocrx_word' id='word_1_87' title='bbox 884 1954 1018 1998; x_wconf 92' lang='lat' dir='ltr'><strong>non</strong></span> <span class='ocrx_word' id='word_1_88' title='bbox 1062 1933 1456 2016; x_wconf 84' lang='lat' dir='ltr'><strong>exprimitur</strong></span> <span class='ocrx_word' id='word_1_89' title='bbox 1470 1984 1486 2012; x_wconf 91' lang='lat'><strong>,</strong></span> <span class='ocrx_word' id='word_1_90' title='bbox 1554 1932 1871 1999; x_wconf 72' lang='lat' dir='ltr'><strong>militibus</strong></span> <span class='ocrx_word' id='word_1_91' title='bbox 1922 1933 2006 1999; x_wconf 91' lang='lat' dir='ltr'><strong>ad</strong></span> <span class='ocrx_word' id='word_1_92' title='bbox 2046 1932 2322 1999; x_wconf 86' lang='lat' dir='ltr'><strong>insidias</strong></span> 
     </span>
     <span class='ocr_line' id='line_1_17' title="bbox 381 2018 2321 2103; baseline -0.001 -17"><span class='ocrx_word' id='word_1_93' title='bbox 381 2019 712 2103; x_wconf 84' lang='lat' dir='ltr'><strong>dispositis</strong></span> <span class='ocrx_word' id='word_1_94' title='bbox 755 2039 1023 2087; x_wconf 89' lang='lat' dir='ltr'><strong>causam</strong></span> <span class='ocrx_word' id='word_1_95' title='bbox 1066 2018 1350 2085; x_wconf 81' lang='lat' dir='ltr'><strong>exeundi</strong></span> <span class='ocrx_word' id='word_1_96' title='bbox 1392 2019 1621 2098; x_wconf 87' lang='lat' dir='ltr'><strong>fuisse,</strong></span> <span class='ocrx_word' id='word_1_97' title='bbox 1691 2018 1861 2103; x_wconf 90' lang='lat' dir='ltr'><strong>quod</strong></span> <span class='ocrx_word' id='word_1_98' title='bbox 1918 2019 2177 2087; x_wconf 81' lang='lat' dir='ltr'><strong>hastam</strong></span> <span class='ocrx_word' id='word_1_99' title='bbox 2223 2019 2321 2084; x_wconf 79' lang='lat' dir='ltr'><strong>vi·</strong></span> 
     </span>
     <span class='ocr_line' id='line_1_18' title="bbox 380 2104 2319 2189; baseline -0.002 -17"><span class='ocrx_word' id='word_1_100' title='bbox 380 2106 630 2187; x_wconf 87' lang='lat' dir='ltr'><strong>derint,</strong></span> <span class='ocrx_word' id='word_1_101' title='bbox 694 2107 838 2171; x_wconf 90' lang='lat' dir='ltr'><strong>fieri</strong></span> <span class='ocrx_word' id='word_1_102' title='bbox 892 2111 1138 2188; x_wconf 89' lang='lat' dir='ltr'><strong>potest,</strong></span> <span class='ocrx_word' id='word_1_103' title='bbox 1204 2111 1283 2169; x_wconf 87' lang='lat' dir='ltr'><strong>ut</strong></span> <span class='ocrx_word' id='word_1_104' title='bbox 1323 2115 1554 2187; x_wconf 87' lang='lat' dir='ltr'><strong>sponte</strong></span> <span class='ocrx_word' id='word_1_105' title='bbox 1609 2105 1939 2189; x_wconf 81' lang='lat' dir='ltr'><strong>progressi</strong></span> <span class='ocrx_word' id='word_1_106' title='bbox 1981 2106 2145 2183; x_wconf 87' lang='lat' dir='ltr'><strong>sint,</strong></span> <span class='ocrx_word' id='word_1_107' title='bbox 2211 2104 2319 2170; x_wconf 84' lang='lat' dir='ltr'><strong>vel</strong></span> 
     </span>
     <span class='ocr_line' id='line_1_19' title="bbox 378 2190 2322 2276; baseline -0.002 -18"><span class='ocrx_word' id='word_1_108' title='bbox 378 2192 537 2276; x_wconf 90' lang='lat' dir='ltr'><strong>quia</strong></span> <span class='ocrx_word' id='word_1_109' title='bbox 577 2201 1014 2275; x_wconf 90' lang='lat' dir='ltr'><strong>opportunum</strong></span> <span class='ocrx_word' id='word_1_110' title='bbox 1048 2197 1190 2255; x_wconf 89' lang='lat' dir='ltr'><strong>erat</strong></span> <span class='ocrx_word' id='word_1_111' title='bbox 1246 2198 1537 2274; x_wconf 88' lang='lat' dir='ltr'><strong>tempus,</strong></span> <span class='ocrx_word' id='word_1_112' title='bbox 1604 2191 1707 2257; x_wconf 84' lang='lat' dir='ltr'><strong>vel</strong></span> <span class='ocrx_word' id='word_1_113' title='bbox 1764 2191 1919 2274; x_wconf 89' lang='lat' dir='ltr'><strong>quia</strong></span> <span class='ocrx_word' id='word_1_114' title='bbox 1970 2190 2214 2257; x_wconf 91' lang='lat' dir='ltr'><strong>clamor</strong></span> <span class='ocrx_word' id='word_1_115' title='bbox 2254 2196 2322 2255; x_wconf 91' lang='lat' dir='ltr'><strong>et</strong></span> 
     </span>
     <span class='ocr_line' id='line_1_20' title="bbox 379 2275 2317 2361; baseline -0.001 -18"><span class='ocrx_word' id='word_1_116' title='bbox 379 2278 694 2361; x_wconf 87' lang='lat' dir='ltr'><strong>strepitus</strong></span> <span class='ocrx_word' id='word_1_117' title='bbox 745 2275 1083 2343; x_wconf 86' lang='lat' dir='ltr'><strong>admonuit</strong></span> <span class='ocrx_word' id='word_1_118' title='bbox 1139 2275 1269 2341; x_wconf 86' lang='lat' dir='ltr'><strong>iam</strong></span> <span class='ocrx_word' id='word_1_119' title='bbox 1325 2277 1744 2343; x_wconf 89' lang='lat' dir='ltr'><strong>commissum</strong></span> <span class='ocrx_word' id='word_1_120' title='bbox 1793 2296 1936 2343; x_wconf 90' lang='lat' dir='ltr'><strong>esse</strong></span> <span class='ocrx_word' id='word_1_121' title='bbox 1976 2276 2317 2360; x_wconf 88' lang='lat' dir='ltr'><strong>proelium.</strong></span> 
     </span>
     <span class='ocr_line' id='line_1_21' title="bbox 375 2360 2322 2446; baseline -0.001 -17"><span class='ocrx_word' id='word_1_122' title='bbox 375 2362 443 2430; x_wconf 90' lang='lat' dir='ltr'>N</span> <span class='ocrx_word' id='word_1_123' title='bbox 444 2382 518 2428; x_wconf 86' lang='lat' dir='ltr'><strong>ec</strong></span> <span class='ocrx_word' id='word_1_124' title='bbox 560 2384 715 2429; x_wconf 83' lang='lat' dir='ltr'><strong>vero</strong></span> <span class='ocrx_word' id='word_1_125' title='bbox 757 2360 1065 2429; x_wconf 90' lang='lat' dir='ltr'><strong>credibile</strong></span> <span class='ocrx_word' id='word_1_126' title='bbox 1106 2368 1224 2439; x_wconf 90' lang='lat' dir='ltr'><strong>est,</strong></span> <span class='ocrx_word' id='word_1_127' title='bbox 1265 2360 1464 2446; x_wconf 85' lang='lat' dir='ltr'><strong>longo</strong></span> <span class='ocrx_word' id='word_1_128' title='bbox 1499 2362 1710 2445; x_wconf 89' lang='lat' dir='ltr'><strong>spatio</strong></span> <span class='ocrx_word' id='word_1_129' title='bbox 1744 2362 2131 2445; x_wconf 86' lang='lat' dir='ltr'><strong>interposito</strong></span> <span class='ocrx_word' id='word_1_130' title='bbox 2174 2383 2322 2428; x_wconf 90' lang='lat' dir='ltr'><strong>con·</strong></span> 
     </span>
     <span class='ocr_line' id='line_1_22' title="bbox 376 2445 2322 2533; baseline -0.002 -18"><span class='ocrx_word' id='word_1_131' title='bbox 376 2457 668 2533; x_wconf 88' lang='lat' dir='ltr'><strong>spectam</strong></span> <span class='ocrx_word' id='word_1_132' title='bbox 711 2447 795 2515; x_wconf 89' lang='lat' dir='ltr'><strong>ab</strong></span> <span class='ocrx_word' id='word_1_133' title='bbox 836 2446 966 2512; x_wconf 89' lang='lat' dir='ltr'><strong>illis</strong></span> <span class='ocrx_word' id='word_1_134' title='bbox 1008 2447 1210 2513; x_wconf 86' lang='lat' dir='ltr'><strong>fuisse</strong></span> <span class='ocrx_word' id='word_1_135' title='bbox 1254 2447 1546 2513; x_wconf 85' lang='lat' dir='ltr'><strong>hastam:</strong></span> <span class='ocrx_word' id='word_1_136' title='bbox 1597 2447 1983 2532; x_wconf 87' lang='lat' dir='ltr'><strong>praesertim</strong></span> <span class='ocrx_word' id='word_1_137' title='bbox 2025 2447 2177 2531; x_wconf 90' lang='lat' dir='ltr'><strong>quia</strong></span> <span class='ocrx_word' id='word_1_138' title='bbox 2220 2445 2322 2512; x_wconf 95' lang='lat' dir='ltr'><strong>Io-</strong></span> 
     </span>
     <span class='ocr_line' id='line_1_23' title="bbox 376 2532 2323 2615; baseline -0.002 -14"><span class='ocrx_word' id='word_1_139' title='bbox 376 2555 497 2601; x_wconf 89' lang='lat' dir='ltr'><strong>sue</strong></span> <span class='ocrx_word' id='word_1_140' title='bbox 537 2534 610 2600; x_wconf 91' lang='lat' dir='ltr'><strong>in</strong></span> <span class='ocrx_word' id='word_1_141' title='bbox 653 2532 826 2601; x_wconf 86' lang='lat' dir='ltr'><strong>valle</strong></span> <span class='ocrx_word' id='word_1_142' title='bbox 861 2533 1265 2600; x_wconf 75' lang='lat' dir='ltr'><strong>substiterat.</strong></span> <span class='ocrx_word' id='word_1_143' title='bbox 1330 2532 1436 2599; x_wconf 85' lang='lat' dir='ltr'><strong>Ad</strong></span> <span class='ocrx_word' id='word_1_144' title='bbox 1469 2532 1649 2615; x_wconf 86' lang='lat' dir='ltr'><strong>haec,</strong></span> <span class='ocrx_word' id='word_1_145' title='bbox 1693 2534 1752 2599; x_wconf 88' lang='lat' dir='ltr'><strong>si</strong></span> <span class='ocrx_word' id='word_1_146' title='bbox 1787 2532 2078 2601; x_wconf 87' lang='lat' dir='ltr'><strong>dicamus</strong></span> <span class='ocrx_word' id='word_1_147' title='bbox 2112 2533 2323 2601; x_wconf 80' lang='lat' dir='ltr'><strong>eleva·</strong></span> 
     </span>
     <span class='ocr_line' id='line_1_24' title="bbox 380 2617 2326 2702; baseline -0.001 -17"><span class='ocrx_word' id='word_1_148' title='bbox 380 2621 629 2686; x_wconf 87' lang='lat' dir='ltr'><strong>tionem</strong></span> <span class='ocrx_word' id='word_1_149' title='bbox 688 2618 953 2699; x_wconf 82' lang='lat' dir='ltr'><strong>hastae,</strong></span> <span class='ocrx_word' id='word_1_150' title='bbox 1019 2638 1187 2701; x_wconf 90' lang='lat' dir='ltr'><strong>quae</strong></span> <span class='ocrx_word' id='word_1_151' title='bbox 1253 2619 1380 2684; x_wconf 89' lang='lat' dir='ltr'><strong>alio</strong></span> <span class='ocrx_word' id='word_1_152' title='bbox 1444 2619 1808 2702; x_wconf 85' lang='lat' dir='ltr'><strong>spectabat,</strong></span> <span class='ocrx_word' id='word_1_153' title='bbox 1874 2617 2008 2684; x_wconf 87' lang='lat' dir='ltr'><strong>illis</strong></span> <span class='ocrx_word' id='word_1_154' title='bbox 2071 2638 2326 2702; x_wconf 89' lang='lat' dir='ltr'><strong>quoque</strong></span> 
     </span>
     <span class='ocr_line' id='line_1_25' title="bbox 374 2703 2321 2791; baseline -0.002 -19"><span class='ocrx_word' id='word_1_155' title='bbox 374 2705 733 2791; x_wconf 82' lang='lat' dir='ltr'><strong>profuisse,</strong></span> <span class='ocrx_word' id='word_1_156' title='bbox 797 2711 875 2771; x_wconf 93' lang='lat' dir='ltr'><strong>ut</strong></span> <span class='ocrx_word' id='word_1_157' title='bbox 926 2704 1138 2787; x_wconf 85' lang='lat' dir='ltr'><strong>magis</strong></span> <span class='ocrx_word' id='word_1_158' title='bbox 1195 2705 1676 2785; x_wconf 88' lang='lat' dir='ltr'><strong>animarentur,</strong></span> <span class='ocrx_word' id='word_1_159' title='bbox 1741 2705 1810 2769; x_wconf 90' lang='lat' dir='ltr'><strong>in</strong></span> <span class='ocrx_word' id='word_1_160' title='bbox 1867 2725 1943 2770; x_wconf 89' lang='lat' dir='ltr'><strong>eo</strong></span> <span class='ocrx_word' id='word_1_161' title='bbox 1985 2703 2153 2771; x_wconf 88' lang='lat' dir='ltr'><strong>nihil</strong></span> <span class='ocrx_word' id='word_1_162' title='bbox 2195 2704 2321 2770; x_wconf 92' lang='lat' dir='ltr'><strong>erit</strong></span> 
     </span>
     <span class='ocr_line' id='line_1_26' title="bbox 377 2787 2319 2873; baseline -0.003 -14"><span class='ocrx_word' id='word_1_163' title='bbox 377 2790 663 2859; x_wconf 88' lang='lat' dir='ltr'><strong>absurdi.</strong></span> <span class='ocrx_word' id='word_1_164' title='bbox 748 2791 895 2857; x_wconf 89' lang='lat' dir='ltr'><strong>Hoc</strong></span> <span class='ocrx_word' id='word_1_165' title='bbox 935 2787 1197 2873; x_wconf 89' lang='lat' dir='ltr'><strong>quidem</strong></span> <span class='ocrx_word' id='word_1_166' title='bbox 1239 2791 1446 2857; x_wconf 86' lang='lat' dir='ltr'><strong>fixum</strong></span> <span class='ocrx_word' id='word_1_167' title='bbox 1489 2810 1756 2856; x_wconf 88' lang='lat' dir='ltr'><strong>manere</strong></span> <span class='ocrx_word' id='word_1_168' title='bbox 1799 2789 2021 2871; x_wconf 89' lang='lat' dir='ltr'><strong>debet,</strong></span> <span class='ocrx_word' id='word_1_169' title='bbox 2063 2790 2319 2856; x_wconf 91' lang='lat' dir='ltr'><strong>solenni</strong></span> 
     </span>
     <span class='ocr_line' id='line_1_27' title="bbox 375 2874 2319 2959; baseline -0.001 -15"><span class='ocrx_word' id='word_1_170' title='bbox 375 2888 627 2944; x_wconf 86' lang='lat' dir='ltr'><strong>tessera</strong></span> <span class='ocrx_word' id='word_1_171' title='bbox 704 2878 1013 2944; x_wconf 85' lang='lat' dir='ltr'><strong>certiores</strong></span> <span class='ocrx_word' id='word_1_172' title='bbox 1077 2874 1161 2942; x_wconf 89' lang='lat' dir='ltr'><strong>de</strong></span> <span class='ocrx_word' id='word_1_173' title='bbox 1248 2875 1420 2942; x_wconf 86' lang='lat' dir='ltr'><strong>felici</strong></span> <span class='ocrx_word' id='word_1_174' title='bbox 1500 2875 1726 2959; x_wconf 87' lang='lat' dir='ltr'><strong>proclii</strong></span> <span class='ocrx_word' id='word_1_175' title='bbox 1812 2882 2054 2942; x_wconf 84' lang='lat' dir='ltr'><strong>eventu</strong></span> <span class='ocrx_word' id='word_1_176' title='bbox 2116 2875 2319 2945; x_wconf 87' lang='lat' dir='ltr'><strong>fuisse</strong></span> 
     </span>
     <span class='ocr_line' id='line_1_28' title="bbox 372 2958 2318 3043; baseline -0.002 -13"><span class='ocrx_word' id='word_1_177' title='bbox 372 2963 699 3031; x_wconf 87' lang='lat' dir='ltr'><strong>redditos:</strong></span> <span class='ocrx_word' id='word_1_178' title='bbox 766 2960 1000 3028; x_wconf 90' lang='lat' dir='ltr'><strong>deinde</strong></span> <span class='ocrx_word' id='word_1_179' title='bbox 1051 2982 1187 3028; x_wconf 85' lang='lat' dir='ltr'><strong>non</strong></span> <span class='ocrx_word' id='word_1_180' title='bbox 1241 2958 1420 3027; x_wconf 85' lang='lat' dir='ltr'><strong>aliud</strong></span> <span class='ocrx_word' id='word_1_181' title='bbox 1469 2961 1670 3028; x_wconf 76' lang='lat' dir='ltr'><strong>fuisse</strong></span> <span class='ocrx_word' id='word_1_182' title='bbox 1710 2961 1906 3028; x_wconf 90' lang='lat' dir='ltr'><strong>Iosue</strong></span> <span class='ocrx_word' id='word_1_183' title='bbox 1949 2961 2318 3043; x_wconf 84' lang='lat' dir='ltr'><strong>consilium,</strong></span> 
     </span>
     <span class='ocr_line' id='line_1_29' title="bbox 371 3045 2316 3135; baseline -0.002 -18"><span class='ocrx_word' id='word_1_184' title='bbox 371 3071 571 3135; x_wconf 89' lang='lat' dir='ltr'><strong>quam</strong></span> <span class='ocrx_word' id='word_1_185' title='bbox 611 3069 762 3115; x_wconf 89' lang='lat' dir='ltr'><strong>suos</strong></span> <span class='ocrx_word' id='word_1_186' title='bbox 801 3068 884 3114; x_wconf 88' lang='lat' dir='ltr'><strong>ex</strong></span> <span class='ocrx_word' id='word_1_187' title='bbox 918 3048 1047 3114; x_wconf 91' lang='lat' dir='ltr'><strong>Dei</strong></span> <span class='ocrx_word' id='word_1_188' title='bbox 1081 3045 1393 3113; x_wconf 83' lang='lat' dir='ltr'><strong>mandato</strong></span> <span class='ocrx_word' id='word_1_189' title='bbox 1422 3046 1717 3115; x_wconf 87' lang='lat' dir='ltr'><strong>incitare.</strong></span> <span class='ocrx_word' id='word_1_190' title='bbox 1785 3047 2104 3130; x_wconf 83' lang='lat' dir='ltr'><strong>Sequitur</strong></span> <span class='ocrx_word' id='word_1_191' title='bbox 2139 3047 2316 3114; x_wconf 87' lang='lat' dir='ltr'><strong>enim</strong></span> 
     </span>
     <span class='ocr_line' id='line_1_30' title="bbox 372 3131 2317 3213; baseline -0.001 -11"><span class='ocrx_word' id='word_1_192' title='bbox 372 3134 641 3203; x_wconf 88' lang='lat' dir='ltr'><strong>tandem</strong></span> <span class='ocrx_word' id='word_1_193' title='bbox 660 3186 675 3213; x_wconf 90' lang='lat'><strong>,</strong></span> <span class='ocrx_word' id='word_1_194' title='bbox 751 3134 949 3200; x_wconf 90' lang='lat' dir='ltr'><strong>Iosue</strong></span> <span class='ocrx_word' id='word_1_195' title='bbox 1011 3153 1143 3199; x_wconf 90' lang='lat' dir='ltr'><strong>non</strong></span> <span class='ocrx_word' id='word_1_196' title='bbox 1209 3133 1563 3201; x_wconf 81' lang='lat' dir='ltr'><strong>retraxisse</strong></span> <span class='ocrx_word' id='word_1_197' title='bbox 1627 3152 1898 3199; x_wconf 90' lang='lat' dir='ltr'><strong>manum</strong></span> <span class='ocrx_word' id='word_1_198' title='bbox 1962 3133 2091 3198; x_wconf 90' lang='lat' dir='ltr'><strong>nisi</strong></span> <span class='ocrx_word' id='word_1_199' title='bbox 2157 3131 2317 3200; x_wconf 89' lang='lat' dir='ltr'><strong>urbe</strong></span> 
     </span>
     <span class='ocr_line' id='line_1_31' title="bbox 370 3217 2315 3306; baseline -0.001 -19"><span class='ocrx_word' id='word_1_200' title='bbox 370 3228 596 3306; x_wconf 86' lang='lat' dir='ltr'><strong>capta,</strong></span> <span class='ocrx_word' id='word_1_201' title='bbox 654 3219 949 3287; x_wconf 83' lang='lat' dir='ltr'><strong>hostibus</strong></span> <span class='ocrx_word' id='word_1_202' title='bbox 991 3217 1235 3302; x_wconf 91' lang='lat' dir='ltr'><strong>ubique</strong></span> <span class='ocrx_word' id='word_1_203' title='bbox 1278 3217 1506 3285; x_wconf 85' lang='lat' dir='ltr'><strong>deletis</strong></span> <span class='ocrx_word' id='word_1_204' title='bbox 1521 3270 1536 3297; x_wconf 92' lang='lat'><strong>,</strong></span> <span class='ocrx_word' id='word_1_205' title='bbox 1596 3217 1896 3304; x_wconf 91' lang='lat' dir='ltr'><strong>belloque</strong></span> <span class='ocrx_word' id='word_1_206' title='bbox 1938 3218 2051 3286; x_wconf 87' lang='lat' dir='ltr'><strong>illo</strong></span> <span class='ocrx_word' id='word_1_207' title='bbox 2093 3220 2315 3303; x_wconf 87' lang='lat' dir='ltr'><strong>profli-</strong></span> 
     </span>
     <span class='ocr_line' id='line_1_32' title="bbox 371 3302 2315 3394; baseline -0.002 -20"><span class='ocrx_word' id='word_1_208' title='bbox 371 3316 549 3394; x_wconf 78' lang='lat' dir='ltr'><strong>gato.</strong></span> <span class='ocrx_word' id='word_1_209' title='bbox 644 3305 833 3373; x_wconf 88' lang='lat' dir='ltr'><strong>Unde</strong></span> <span class='ocrx_word' id='word_1_210' title='bbox 896 3312 1167 3389; x_wconf 87' lang='lat' dir='ltr'><strong>apparet</strong></span> <span class='ocrx_word' id='word_1_211' title='bbox 1181 3352 1198 3380; x_wconf 91' lang='lat'>‚</span> <span class='ocrx_word' id='word_1_212' title='bbox 1260 3304 1331 3371; x_wconf 89' lang='lat' dir='ltr'><strong>in</strong></span> <span class='ocrx_word' id='word_1_213' title='bbox 1390 3302 1603 3372; x_wconf 85' lang='lat' dir='ltr'><strong>medio</strong></span> <span class='ocrx_word' id='word_1_214' title='bbox 1661 3303 1969 3373; x_wconf 85' lang='lat' dir='ltr'><strong>conflictu</strong></span> <span class='ocrx_word' id='word_1_215' title='bbox 2025 3312 2315 3389; x_wconf 83' lang='lat' dir='ltr'><strong>gestasse</strong></span> 
     </span>
     <span class='ocr_line' id='line_1_33' title="bbox 371 3389 2315 3479; baseline -0.003 -18"><span class='ocrx_word' id='word_1_216' title='bbox 371 3394 565 3479; x_wconf 89' lang='lat' dir='ltr'><strong>quasi</strong></span> <span class='ocrx_word' id='word_1_217' title='bbox 620 3392 879 3476; x_wconf 79' lang='lat' dir='ltr'><strong>insigne</strong></span> <span class='ocrx_word' id='word_1_218' title='bbox 931 3389 1285 3474; x_wconf 85' lang='lat' dir='ltr'><strong>triumphi,</strong></span> <span class='ocrx_word' id='word_1_219' title='bbox 1351 3410 1437 3457; x_wconf 91' lang='lat' dir='ltr'><strong>ne</strong></span> <span class='ocrx_word' id='word_1_220' title='bbox 1495 3390 1579 3456; x_wconf 88' lang='lat' dir='ltr'><strong>de</strong></span> <span class='ocrx_word' id='word_1_221' title='bbox 1625 3410 1931 3458; x_wconf 84' lang='lat' dir='ltr'><strong>successu</strong></span> <span class='ocrx_word' id='word_1_222' title='bbox 1973 3390 2315 3457; x_wconf 87' lang='lat' dir='ltr'><strong>Israelitae</strong></span> 
     </span>
     <span class='ocr_line' id='line_1_34' title="bbox 373 3475 2313 3565; baseline -0.002 -18"><span class='ocrx_word' id='word_1_223' title='bbox 373 3480 802 3565; x_wconf 86' lang='lat' dir='ltr'><strong>ambigerent.</strong></span> <span class='ocrx_word' id='word_1_224' title='bbox 891 3475 1219 3558; x_wconf 76' lang='lat' dir='ltr'><strong>Quamvis</strong></span> <span class='ocrx_word' id='word_1_225' title='bbox 1296 3475 1473 3542; x_wconf 90' lang='lat' dir='ltr'><strong>enim</strong></span> <span class='ocrx_word' id='word_1_226' title='bbox 1552 3494 1662 3545; x_wconf 89' lang='lat' dir='ltr'><strong>eos</strong></span> <span class='ocrx_word' id='word_1_227' title='bbox 1728 3476 1987 3543; x_wconf 88' lang='lat' dir='ltr'><strong>iuberet</strong></span> <span class='ocrx_word' id='word_1_228' title='bbox 2076 3496 2313 3543; x_wconf 89' lang='lat' dir='ltr'><strong>manus</strong></span> 
     </span>
     <span class='ocr_line' id='line_1_35' title="bbox 370 3561 2315 3644; baseline -0.002 -12"><span class='ocrx_word' id='word_1_229' title='bbox 370 3585 717 3632; x_wconf 82' lang='lat' dir='ltr'><strong>conserere</strong></span> <span class='ocrx_word' id='word_1_230' title='bbox 733 3615 751 3644; x_wconf 92' lang='lat'><strong>,</strong></span> <span class='ocrx_word' id='word_1_231' title='bbox 813 3571 879 3630; x_wconf 93' lang='lat' dir='ltr'><strong>et</strong></span> <span class='ocrx_word' id='word_1_232' title='bbox 922 3562 1125 3629; x_wconf 83' lang='lat' dir='ltr'><strong>armis</strong></span> <span class='ocrx_word' id='word_1_233' title='bbox 1163 3561 1423 3627; x_wconf 85' lang='lat' dir='ltr'><strong>fortiter</strong></span> <span class='ocrx_word' id='word_1_234' title='bbox 1464 3563 1562 3627; x_wconf 90' lang='lat' dir='ltr'><strong>uti</strong></span> <span class='ocrx_word' id='word_1_235' title='bbox 1576 3612 1593 3640; x_wconf 90' lang='lat'><strong>,</strong></span> <span class='ocrx_word' id='word_1_236' title='bbox 1639 3561 1831 3628; x_wconf 87' lang='lat' dir='ltr'><strong>simul</strong></span> <span class='ocrx_word' id='word_1_237' title='bbox 1877 3571 2095 3629; x_wconf 87' lang='lat' dir='ltr'><strong>tamen</strong></span> <span class='ocrx_word' id='word_1_238' title='bbox 2140 3563 2315 3630; x_wconf 89' lang='lat' dir='ltr'><strong>clare</strong></span> 
     </span>
     <span class='ocr_line' id='line_1_36' title="bbox 372 3646 2313 3719; baseline -0.003 0"><span class='ocrx_word' id='word_1_239' title='bbox 372 3651 814 3719; x_wconf 75' lang='lat' dir='ltr'><strong>denunciabat</strong></span> <span class='ocrx_word' id='word_1_240' title='bbox 867 3669 979 3715; x_wconf 92' lang='lat' dir='ltr'><strong>eos</strong></span> <span class='ocrx_word' id='word_1_241' title='bbox 1019 3649 1153 3715; x_wconf 88' lang='lat' dir='ltr'><strong>iam</strong></span> <span class='ocrx_word' id='word_1_242' title='bbox 1202 3647 1455 3715; x_wconf 85' lang='lat' dir='ltr'><strong>vicisse.</strong></span> <span class='ocrx_word' id='word_1_243' title='bbox 1545 3648 1693 3715; x_wconf 85' lang='lat' dir='ltr'><strong>Etsi</strong></span> <span class='ocrx_word' id='word_1_244' title='bbox 1735 3669 1894 3715; x_wconf 80' lang='lat' dir='ltr'><strong>vero</strong></span> <span class='ocrx_word' id='word_1_245' title='bbox 1937 3647 2174 3715; x_wconf 89' lang='lat' dir='ltr'><strong>seriem</strong></span> <span class='ocrx_word' id='word_1_246' title='bbox 2217 3646 2313 3714; x_wconf 91' lang='lat' dir='ltr'><strong>rei</strong></span> 
     </span>
     <span class='ocr_line' id='line_1_37' title="bbox 372 3731 2310 3824; baseline -0.003 -19"><span class='ocrx_word' id='word_1_247' title='bbox 372 3746 596 3824; x_wconf 88' lang='lat' dir='ltr'><strong>gestae</strong></span> <span class='ocrx_word' id='word_1_248' title='bbox 640 3734 945 3803; x_wconf 91' lang='lat' dir='ltr'><strong>nonnihil</strong></span> <span class='ocrx_word' id='word_1_249' title='bbox 985 3733 1321 3815; x_wconf 87' lang='lat' dir='ltr'><strong>obscurat,</strong></span> <span class='ocrx_word' id='word_1_250' title='bbox 1386 3731 1557 3818; x_wconf 88' lang='lat' dir='ltr'><strong>quod</strong></span> <span class='ocrx_word' id='word_1_251' title='bbox 1601 3732 1702 3801; x_wconf 89' lang='lat' dir='ltr'><strong>bis</strong></span> <span class='ocrx_word' id='word_1_252' title='bbox 1743 3733 1918 3801; x_wconf 91' lang='lat' dir='ltr'><strong>idem</strong></span> <span class='ocrx_word' id='word_1_253' title='bbox 1961 3733 2310 3818; x_wconf 88' lang='lat' dir='ltr'><strong>repetitur:</strong></span> 
     </span>
     <span class='ocr_line' id='line_1_38' title="bbox 369 3819 2317 3904; baseline -0.003 -13"><span class='ocrx_word' id='word_1_254' title='bbox 369 3844 632 3892; x_wconf 85' lang='lat' dir='ltr'><strong>summa</strong></span> <span class='ocrx_word' id='word_1_255' title='bbox 671 3830 894 3888; x_wconf 86' lang='lat' dir='ltr'><strong>tamen</strong></span> <span class='ocrx_word' id='word_1_256' title='bbox 934 3822 1095 3887; x_wconf 88' lang='lat' dir='ltr'><strong>satis</strong></span> <span class='ocrx_word' id='word_1_257' title='bbox 1134 3819 1372 3904; x_wconf 87' lang='lat' dir='ltr'><strong>liquet:</strong></span> <span class='ocrx_word' id='word_1_258' title='bbox 1415 3819 1586 3886; x_wconf 90' lang='lat' dir='ltr'><strong>filios</strong></span> <span class='ocrx_word' id='word_1_259' title='bbox 1620 3819 1829 3887; x_wconf 91' lang='lat' dir='ltr'><strong>Israel</strong></span> <span class='ocrx_word' id='word_1_260' title='bbox 1872 3821 2317 3887; x_wconf 88' lang='lat' dir='ltr'><strong>retrocessisse</strong></span> 
     </span>
     <span class='ocr_line' id='line_1_39' title="bbox 369 3903 2317 3994; baseline -0.003 -17"><span class='ocrx_word' id='word_1_261' title='bbox 369 3916 622 3977; x_wconf 89' lang='lat' dir='ltr'><strong>metum</strong></span> <span class='ocrx_word' id='word_1_262' title='bbox 677 3906 1021 3994; x_wconf 88' lang='lat' dir='ltr'><strong>fingendo,</strong></span> <span class='ocrx_word' id='word_1_263' title='bbox 1084 3926 1208 3975; x_wconf 89' lang='lat' dir='ltr'><strong>nec</strong></span> <span class='ocrx_word' id='word_1_264' title='bbox 1264 3912 1420 3973; x_wconf 86' lang='lat' dir='ltr'><strong>ante</strong></span> <span class='ocrx_word' id='word_1_265' title='bbox 1474 3906 1737 3973; x_wconf 89' lang='lat' dir='ltr'><strong>initium</strong></span> <span class='ocrx_word' id='word_1_266' title='bbox 1792 3903 2130 3991; x_wconf 88' lang='lat' dir='ltr'><strong>pugnandi</strong></span> <span class='ocrx_word' id='word_1_267' title='bbox 2173 3925 2317 3971; x_wconf 87' lang='lat' dir='ltr'><strong>esse</strong></span> 
     </span>
     <span class='ocr_line' id='line_1_40' title="bbox 370 3989 2317 4078; baseline -0.004 -16"><span class='ocrx_word' id='word_1_268' title='bbox 370 3997 616 4062; x_wconf 85' lang='lat' dir='ltr'><strong>factum</strong></span> <span class='ocrx_word' id='word_1_269' title='bbox 660 4015 855 4078; x_wconf 89' lang='lat' dir='ltr'><strong>quam</strong></span> <span class='ocrx_word' id='word_1_270' title='bbox 889 3993 1066 4060; x_wconf 85' lang='lat' dir='ltr'><strong>cives</strong></span> <span class='ocrx_word' id='word_1_271' title='bbox 1109 3992 1195 4058; x_wconf 76' lang='grc' dir='ltr'><strong>Αἰ</strong></span> <span class='ocrx_word' id='word_1_272' title='bbox 1235 4013 1275 4058; x_wconf 91' lang='lat' dir='ltr'><strong>a</strong></span> <span class='ocrx_word' id='word_1_273' title='bbox 1317 3991 1532 4059; x_wconf 90' lang='lat' dir='ltr'><strong>reditu</strong></span> <span class='ocrx_word' id='word_1_274' title='bbox 1572 4000 1642 4057; x_wconf 91' lang='lat' dir='ltr'><strong>et</strong></span> <span class='ocrx_word' id='word_1_275' title='bbox 1684 3992 1865 4059; x_wconf 88' lang='lat' dir='ltr'><strong>urbis</strong></span> <span class='ocrx_word' id='word_1_276' title='bbox 1899 4011 2056 4059; x_wconf 89' lang='lat' dir='ltr'><strong>suae</strong></span> <span class='ocrx_word' id='word_1_277' title='bbox 2099 3989 2317 4056; x_wconf 81' lang='lat' dir='ltr'><strong>defen·</strong></span> 
     </span>
     <span class='ocr_line' id='line_1_41' title="bbox 370 4076 2314 4161; baseline -0.003 -13"><span class='ocrx_word' id='word_1_278' title='bbox 370 4082 557 4148; x_wconf 89' lang='lat' dir='ltr'><strong>sione</strong></span> <span class='ocrx_word' id='word_1_279' title='bbox 635 4079 884 4146; x_wconf 90' lang='lat' dir='ltr'><strong>exclusi</strong></span> <span class='ocrx_word' id='word_1_280' title='bbox 962 4085 1215 4145; x_wconf 88' lang='lat' dir='ltr'><strong>essent:</strong></span> <span class='ocrx_word' id='word_1_281' title='bbox 1304 4085 1644 4161; x_wconf 85' lang='lat' dir='ltr'><strong>postquam</strong></span> <span class='ocrx_word' id='word_1_282' title='bbox 1733 4097 1893 4145; x_wconf 81' lang='lat' dir='ltr'><strong>vero</strong></span> <span class='ocrx_word' id='word_1_283' title='bbox 1967 4076 2158 4145; x_wconf 89' lang='lat' dir='ltr'><strong>confli</strong></span> <span class='ocrx_word' id='word_1_284' title='bbox 2206 4097 2314 4143; x_wconf 88' lang='lat' dir='ltr'><strong>ere</strong></span> 
     </span>
     <span class='ocr_line' id='line_1_42' title="bbox 371 4162 2312 4252; baseline -0.004 -18"><span class='ocrx_word' id='word_1_285' title='bbox 371 4176 720 4252; x_wconf 89' lang='lat' dir='ltr'><strong>coeperant</strong></span> <span class='ocrx_word' id='word_1_286' title='bbox 754 4166 883 4232; x_wconf 92' lang='lat' dir='ltr'><strong>duo</strong></span> <span class='ocrx_word' id='word_1_287' title='bbox 918 4165 1264 4243; x_wconf 88' lang='lat' dir='ltr'><strong>exercitus,</strong></span> <span class='ocrx_word' id='word_1_288' title='bbox 1311 4162 1472 4229; x_wconf 86' lang='lat' dir='ltr'><strong>alios</strong></span> <span class='ocrx_word' id='word_1_289' title='bbox 1506 4162 1869 4230; x_wconf 86' lang='lat' dir='ltr'><strong>surrexisse</strong></span> <span class='ocrx_word' id='word_1_290' title='bbox 1904 4184 1988 4229; x_wconf 91' lang='lat' dir='ltr'><strong>ex</strong></span> <span class='ocrx_word' id='word_1_291' title='bbox 2021 4162 2152 4229; x_wconf 87' lang='lat' dir='ltr'><strong>insi</strong></span> <span class='ocrx_word' id='word_1_292' title='bbox 2203 4162 2312 4229; x_wconf 77' lang='lat' dir='ltr'><strong>&#39;isz</strong></span> 
     </span>
     <span class='ocr_line' id='line_1_43' title="bbox 372 4248 2314 4337; baseline -0.003 -17"><span class='ocrx_word' id='word_1_293' title='bbox 372 4264 753 4337; x_wconf 86' lang='lat' dir='ltr'><strong>tantamque</strong></span> <span class='ocrx_word' id='word_1_294' title='bbox 775 4250 977 4318; x_wconf 79' lang='lat' dir='ltr'><strong>fuisse</strong></span> <span class='ocrx_word' id='word_1_295' title='bbox 998 4249 1497 4329; x_wconf 83' lang='lat' dir='ltr'><strong>festinationem,</strong></span> <span class='ocrx_word' id='word_1_296' title='bbox 1528 4258 1605 4315; x_wconf 91' lang='lat' dir='ltr'><strong>ut</strong></span> <span class='ocrx_word' id='word_1_297' title='bbox 1620 4248 1886 4316; x_wconf 87' lang='lat' dir='ltr'><strong>flamma</strong></span> <span class='ocrx_word' id='word_1_298' title='bbox 1906 4270 1992 4315; x_wconf 84' lang='lat' dir='ltr'><strong>ex</strong></span> <span class='ocrx_word' id='word_1_299' title='bbox 2014 4248 2314 4316; x_wconf 88' lang='lat' dir='ltr'><strong>incendio</strong></span> 
     </span>
     <span class='ocr_line' id='line_1_44' title="bbox 370 4334 2313 4423; baseline -0.002 -18"><span class='ocrx_word' id='word_1_300' title='bbox 370 4347 777 4423; x_wconf 89' lang='lat' dir='ltr'><strong>erumperet,</strong></span> <span class='ocrx_word' id='word_1_301' title='bbox 857 4358 1057 4421; x_wconf 89' lang='lat' dir='ltr'><strong>quum</strong></span> <span class='ocrx_word' id='word_1_302' title='bbox 1124 4344 1311 4420; x_wconf 86' lang='lat' dir='ltr'><strong>terga</strong></span> <span class='ocrx_word' id='word_1_303' title='bbox 1389 4342 1730 4403; x_wconf 87' lang='lat' dir='ltr'><strong>verterunt</strong></span> <span class='ocrx_word' id='word_1_304' title='bbox 1803 4334 2058 4402; x_wconf 89' lang='lat' dir='ltr'><strong>hostes:</strong></span> <span class='ocrx_word' id='word_1_305' title='bbox 2139 4334 2313 4402; x_wconf 85' lang='lat' dir='ltr'><strong>unde</strong></span> 
     </span>
     <span class='ocr_line' id='line_1_45' title="bbox 370 4418 2311 4504; baseline -0.004 -11"><span class='ocrx_word' id='word_1_306' title='bbox 370 4425 694 4493; x_wconf 89' lang='lat' dir='ltr'><strong>coniicere</strong></span> <span class='ocrx_word' id='word_1_307' title='bbox 726 4423 929 4502; x_wconf 87' lang='lat' dir='ltr'><strong>licuit,</strong></span> <span class='ocrx_word' id='word_1_308' title='bbox 966 4422 1195 4489; x_wconf 90' lang='lat' dir='ltr'><strong>urbem</strong></span> <span class='ocrx_word' id='word_1_309' title='bbox 1224 4421 1307 4488; x_wconf 88' lang='lat' dir='ltr'><strong>ab</strong></span> <span class='ocrx_word' id='word_1_310' title='bbox 1341 4418 1658 4487; x_wconf 85' lang='lat' dir='ltr'><strong>Israelitis</strong></span> <span class='ocrx_word' id='word_1_311' title='bbox 1688 4420 1926 4487; x_wconf 88' lang='lat' dir='ltr'><strong>teneri:</strong></span> <span class='ocrx_word' id='word_1_312' title='bbox 1971 4418 2088 4487; x_wconf 90' lang='lat' dir='ltr'><strong>sed</strong></span> <span class='ocrx_word' id='word_1_313' title='bbox 2124 4441 2311 4504; x_wconf 89' lang='lat' dir='ltr'><strong>prae·</strong></span> 
     </span>
     <span class='ocr_line' id='line_1_46' title="bbox 369 4504 2313 4597; baseline -0.003 -19"><span class='ocrx_word' id='word_1_314' title='bbox 369 4512 633 4597; x_wconf 84' lang='lat' dir='ltr'><strong>cipuam</strong></span> <span class='ocrx_word' id='word_1_315' title='bbox 653 4516 938 4595; x_wconf 85' lang='lat' dir='ltr'><strong>stragem</strong></span> <span class='ocrx_word' id='word_1_316' title='bbox 961 4508 1161 4575; x_wconf 84' lang='lat' dir='ltr'><strong>fuisse</strong></span> <span class='ocrx_word' id='word_1_317' title='bbox 1181 4507 1444 4585; x_wconf 90' lang='lat' dir='ltr'><strong>editam,</strong></span> <span class='ocrx_word' id='word_1_318' title='bbox 1465 4506 1577 4573; x_wconf 90' lang='lat' dir='ltr'><strong>ubi</strong></span> <span class='ocrx_word' id='word_1_319' title='bbox 1602 4507 1674 4572; x_wconf 90' lang='lat' dir='ltr'><strong>in</strong></span> <span class='ocrx_word' id='word_1_320' title='bbox 1699 4526 2039 4575; x_wconf 88' lang='lat' dir='ltr'><strong>occursum</strong></span> <span class='ocrx_word' id='word_1_321' title='bbox 2060 4504 2313 4591; x_wconf 89' lang='lat' dir='ltr'><strong>prodie-</strong></span> 
     </span>
     <span class='ocr_line' id='line_1_47' title="bbox 370 4591 2308 4680; baseline -0.004 -17"><span class='ocrx_word' id='word_1_322' title='bbox 370 4604 531 4664; x_wconf 91' lang='lat' dir='ltr'><strong>runt</strong></span> <span class='ocrx_word' id='word_1_323' title='bbox 566 4597 676 4680; x_wconf 89' lang='lat' dir='ltr'><strong>qui</strong></span> <span class='ocrx_word' id='word_1_324' title='bbox 711 4595 786 4661; x_wconf 90' lang='lat' dir='ltr'><strong>in</strong></span> <span class='ocrx_word' id='word_1_325' title='bbox 812 4595 977 4662; x_wconf 91' lang='lat' dir='ltr'><strong>urbe</strong></span> <span class='ocrx_word' id='word_1_326' title='bbox 998 4601 1219 4661; x_wconf 90' lang='lat' dir='ltr'><strong>erant:</strong></span> <span class='ocrx_word' id='word_1_327' title='bbox 1256 4593 1410 4676; x_wconf 89' lang='lat' dir='ltr'><strong>quia</strong></span> <span class='ocrx_word' id='word_1_328' title='bbox 1432 4600 1590 4659; x_wconf 90' lang='lat' dir='ltr'><strong>tunc</strong></span> <span class='ocrx_word' id='word_1_329' title='bbox 1612 4591 1896 4676; x_wconf 89' lang='lat' dir='ltr'><strong>undique</strong></span> <span class='ocrx_word' id='word_1_330' title='bbox 1919 4591 2308 4677; x_wconf 88' lang='lat' dir='ltr'><strong>deprehensi</strong></span> 
     </span>
     <span class='ocr_line' id='line_1_48' title="bbox 367 4676 2309 4766; baseline -0.004 -17"><span class='ocrx_word' id='word_1_331' title='bbox 367 4683 538 4750; x_wconf 85' lang='lat' dir='ltr'><strong>nihil</strong></span> <span class='ocrx_word' id='word_1_332' title='bbox 571 4682 853 4766; x_wconf 84' lang='lat' dir='ltr'><strong>amplius</strong></span> <span class='ocrx_word' id='word_1_333' title='bbox 882 4700 1182 4747; x_wconf 87' lang='lat' dir='ltr'><strong>remorae</strong></span> <span class='ocrx_word' id='word_1_334' title='bbox 1236 4679 1598 4746; x_wconf 89' lang='lat' dir='ltr'><strong>attulerunt</strong></span> <span class='ocrx_word' id='word_1_335' title='bbox 1631 4678 1735 4745; x_wconf 83' lang='lat' dir='ltr'><strong>vel</strong></span> <span class='ocrx_word' id='word_1_336' title='bbox 1781 4676 2160 4757; x_wconf 89' lang='lat' dir='ltr'><strong>resistendo,</strong></span> <span class='ocrx_word' id='word_1_337' title='bbox 2208 4677 2309 4745; x_wconf 88' lang='lat' dir='ltr'><strong>vel</strong></span> 
     </span>
     <span class='ocr_line' id='line_1_49' title="bbox 368 4762 2308 4855; baseline -0.003 -20"><span class='ocrx_word' id='word_1_338' title='bbox 368 4768 696 4855; x_wconf 82' lang='lat' dir='ltr'><strong>fugiendo.</strong></span> <span class='ocrx_word' id='word_1_339' title='bbox 783 4767 964 4851; x_wconf 85' lang='lat' dir='ltr'><strong>Ergo</strong></span> <span class='ocrx_word' id='word_1_340' title='bbox 1005 4765 1454 4851; x_wconf 85' lang='lat' dir='ltr'><strong>desperatione</strong></span> <span class='ocrx_word' id='word_1_341' title='bbox 1496 4764 1851 4842; x_wconf 90' lang='lat' dir='ltr'><strong>exanimes,</strong></span> <span class='ocrx_word' id='word_1_342' title='bbox 1895 4773 1962 4829; x_wconf 92' lang='lat' dir='ltr'><strong>et</strong></span> <span class='ocrx_word' id='word_1_343' title='bbox 2001 4762 2195 4830; x_wconf 90' lang='lat' dir='ltr'><strong>simul</strong></span> <span class='ocrx_word' id='word_1_344' title='bbox 2238 4763 2308 4829; x_wconf 89' lang='lat' dir='ltr'><strong>in</strong></span> 
     </span>
     <span class='ocr_line' id='line_1_50' title="bbox 365 4848 2308 5020; baseline -0.006 -11"><span class='ocrx_word' id='word_1_345' title='bbox 365 4855 711 5009; x_wconf 53' lang='lat' dir='ltr'><strong>33:ss:</strong></span> <span class='ocrx_word' id='word_1_346' title='bbox 744 4848 2308 5020; x_wconf 48' lang='lat' dir='ltr'><strong>:3:⁰30::⁸⁸.¹3:.::0⁵}.{::.‘⁰13‘2.51}:⁰;t:22?3</strong></span> 
     </span>
     <span class='ocr_line' id='line_1_51' title="bbox 2288 4983 2307 5014; baseline 0 0"><span class='ocrx_word' id='word_1_347' title='bbox 2288 4983 2307 5014; x_wconf 69' lang='lat'><em>5</em></span> 
     </span>
    </p>

    <p class='ocr_par' dir='ltr' id='par_1_6' title="bbox 362 5020 2308 5454">
     <span class='ocr_line' id='line_1_52' title="bbox 365 5020 2307 5113; baseline -0.005 -19"><span class='ocrx_word' id='word_1_348' title='bbox 365 5048 565 5113; x_wconf 90' lang='lat' dir='ltr'><strong>quam</strong></span> <span class='ocrx_word' id='word_1_349' title='bbox 608 5026 857 5093; x_wconf 73' lang='lat' dir='ltr'><strong>reversi</strong></span> <span class='ocrx_word' id='word_1_350' title='bbox 898 5032 1056 5091; x_wconf 91' lang='lat' dir='ltr'><strong>sunt</strong></span> <span class='ocrx_word' id='word_1_351' title='bbox 1097 5025 1208 5110; x_wconf 89' lang='lat' dir='ltr'><strong>qui</strong></span> <span class='ocrx_word' id='word_1_352' title='bbox 1250 5024 1321 5090; x_wconf 87' lang='lat' dir='ltr'><strong>fu</strong></span> <span class='ocrx_word' id='word_1_353' title='bbox 1370 5044 1476 5090; x_wconf 90' lang='lat' dir='ltr'><strong>am</strong></span> <span class='ocrx_word' id='word_1_354' title='bbox 1519 5022 2023 5103; x_wconf 84' lang='lat' dir='ltr'><strong>simulaverant,</strong></span> <span class='ocrx_word' id='word_1_355' title='bbox 2064 5022 2162 5087; x_wconf 87' lang='lat' dir='ltr'><strong>ita</strong></span> <span class='ocrx_word' id='word_1_356' title='bbox 2203 5020 2307 5085; x_wconf 89' lang='lat' dir='ltr'><strong>in-</strong></span> 
     </span>
     <span class='ocr_line' id='line_1_53' title="bbox 367 5105 2308 5198; baseline -0.004 -18"><span class='ocrx_word' id='word_1_357' title='bbox 367 5120 730 5198; x_wconf 89' lang='lat' dir='ltr'><strong>terpretor,</strong></span> <span class='ocrx_word' id='word_1_358' title='bbox 796 5110 1159 5179; x_wconf 88' lang='lat' dir='ltr'><strong>coniunctis</strong></span> <span class='ocrx_word' id='word_1_359' title='bbox 1204 5110 1332 5177; x_wconf 84' lang='lat' dir='ltr'><strong>viri</strong></span> <span class='ocrx_word' id='word_1_360' title='bbox 1377 5132 1455 5177; x_wconf 92' lang='lat' dir='ltr'><strong>us</strong></span> <span class='ocrx_word' id='word_1_361' title='bbox 1508 5109 1818 5193; x_wconf 84' lang='lat' dir='ltr'><strong>irrupisse</strong></span> <span class='ocrx_word' id='word_1_362' title='bbox 1834 5157 1850 5188; x_wconf 89' lang='lat'><strong>,</strong></span> <span class='ocrx_word' id='word_1_363' title='bbox 1914 5116 1990 5173; x_wconf 90' lang='lat' dir='ltr'><strong>ut</strong></span> <span class='ocrx_word' id='word_1_364' title='bbox 2038 5105 2308 5174; x_wconf 88' lang='lat' dir='ltr'><strong>collecta</strong></span> 
     </span>
     <span class='ocr_line' id='line_1_54' title="bbox 365 5190 2303 5285; baseline -0.005 -19"><span class='ocrx_word' id='word_1_365' title='bbox 365 5198 615 5285; x_wconf 89' lang='lat' dir='ltr'><strong>praeda</strong></span> <span class='ocrx_word' id='word_1_366' title='bbox 676 5197 1045 5264; x_wconf 90' lang='lat' dir='ltr'><strong>occiderent</strong></span> <span class='ocrx_word' id='word_1_367' title='bbox 1108 5196 1480 5282; x_wconf 88' lang='lat' dir='ltr'><strong>quicunque</strong></span> <span class='ocrx_word' id='word_1_368' title='bbox 1537 5193 1750 5262; x_wconf 87' lang='lat' dir='ltr'><strong>adhuc</strong></span> <span class='ocrx_word' id='word_1_369' title='bbox 1807 5202 1991 5260; x_wconf 88' lang='lat' dir='ltr'><strong>erant</strong></span> <span class='ocrx_word' id='word_1_370' title='bbox 2040 5190 2303 5258; x_wconf 88' lang='lat' dir='ltr'><strong>residui.</strong></span> 
     </span>
     <span class='ocr_line' id='line_1_55' title="bbox 367 5279 2303 5369; baseline -0.004 -18"><span class='ocrx_word' id='word_1_371' title='bbox 367 5286 445 5352; x_wconf 80' lang='lat' dir='ltr'><strong>Si</strong></span> <span class='ocrx_word' id='word_1_372' title='bbox 512 5285 657 5369; x_wconf 90' lang='lat' dir='ltr'><strong>quis</strong></span> <span class='ocrx_word' id='word_1_373' title='bbox 722 5283 1033 5367; x_wconf 87' lang='lat' dir='ltr'><strong>excipiat,</strong></span> <span class='ocrx_word' id='word_1_374' title='bbox 1119 5304 1324 5368; x_wconf 89' lang='lat' dir='ltr'><strong>quum</strong></span> <span class='ocrx_word' id='word_1_375' title='bbox 1387 5282 1706 5367; x_wconf 86' lang='lat' dir='ltr'><strong>proelium</strong></span> <span class='ocrx_word' id='word_1_376' title='bbox 1770 5279 2303 5356; x_wconf 89' lang='lat' dir='ltr'><strong>committeretur,</strong></span> 
     </span>
     <span class='ocr_line' id='line_1_56' title="bbox 362 5363 2307 5454; baseline -0.003 -17"><span class='ocrx_word' id='word_1_377' title='bbox 362 5371 567 5439; x_wconf 87' lang='lat' dir='ltr'><strong>fuisse</strong></span> <span class='ocrx_word' id='word_1_378' title='bbox 632 5378 963 5437; x_wconf 87' lang='lat' dir='ltr'><strong>exustam:</strong></span> <span class='ocrx_word' id='word_1_379' title='bbox 1031 5369 1421 5454; x_wconf 83' lang='lat' dir='ltr'><strong>respondeo,</strong></span> <span class='ocrx_word' id='word_1_380' title='bbox 1492 5369 1717 5453; x_wconf 84' lang='lat' dir='ltr'><strong>ignem</strong></span> <span class='ocrx_word' id='word_1_381' title='bbox 1778 5365 2039 5451; x_wconf 88' lang='lat' dir='ltr'><strong>quidem</strong></span> <span class='ocrx_word' id='word_1_382' title='bbox 2103 5363 2307 5432; x_wconf 86' lang='lat' dir='ltr'><strong>fuisse</strong></span> 
     </span>
    </p>
   </div>
   <div class='ocr_carea' id='block_1_4' title="bbox 1552 457 3240 533">
    <p class='ocr_par' dir='ltr' id='par_1_7' title="bbox 1552 457 3240 533">
     <span class='ocr_line' id='line_1_57' title="bbox 1552 457 3240 533; baseline 0.004 -7"><span class='ocrx_word' id='word_1_383' title='bbox 1552 457 2290 529; x_wconf 79' lang='lat' dir='ltr'><strong>COMMENTARIUS</strong></span> <span class='ocrx_word' id='word_1_384' title='bbox 2335 461 2436 530; x_wconf 90' lang='lat' dir='ltr'><strong>IN</strong></span> <span class='ocrx_word' id='word_1_385' title='bbox 2475 462 2756 532; x_wconf 84' lang='lat' dir='ltr'><strong>IOSUE</strong></span> <span class='ocrx_word' id='word_1_386' title='bbox 2803 464 3001 533; x_wconf 82' lang='lat' dir='ltr'><strong>OAP.</strong></span> <span class='ocrx_word' id='word_1_387' title='bbox 3047 465 3240 533; x_wconf 89' lang='lat' dir='ltr'><strong>VIII.</strong></span> 
     </span>
    </p>
   </div>
   <div class='ocr_carea' id='block_1_5' title="bbox 2353 679 2387 5442">
    <p class='ocr_par' dir='ltr' id='par_1_8' title="bbox 2353 679 2387 5442">
     <span class='ocr_line' id='line_1_58' title="bbox 2353 679 2387 5442; baseline 0 0"><span class='ocrx_word' id='word_1_388' title='bbox 2353 679 2387 5442; x_wconf 95' lang='lat' dir='ltr'><strong> </strong></span> 
     </span>
    </p>
   </div>
   <div class='ocr_carea' id='block_1_6' title="bbox 4245 467 4374 536">
    <p class='ocr_par' dir='ltr' id='par_1_9' title="bbox 4245 467 4374 536">
     <span class='ocr_line' id='line_1_59' title="bbox 4245 467 4374 536; baseline 0.023 -3"><span class='ocrx_word' id='word_1_389' title='bbox 4245 467 4374 536; x_wconf 88' lang='grc'><strong>486</strong></span> 
     </span>
    </p>
   </div>
   <div class='ocr_carea' id='block_1_7' title="bbox 2421 651 4376 2792">
    <p class='ocr_par' dir='ltr' id='par_1_10' title="bbox 2421 651 4376 2792">
     <span class='ocr_line' id='line_1_60' title="bbox 2427 651 4376 739; baseline 0.003 -22"><span class='ocrx_word' id='word_1_390' title='bbox 2427 651 2858 736; x_wconf 88' lang='lat' dir='ltr'><strong>suppositum,</strong></span> <span class='ocrx_word' id='word_1_391' title='bbox 2902 659 2978 718; x_wconf 91' lang='lat' dir='ltr'><strong>ut</strong></span> <span class='ocrx_word' id='word_1_392' title='bbox 3016 661 3433 738; x_wconf 86' lang='lat' dir='ltr'><strong>cognosceret</strong></span> <span class='ocrx_word' id='word_1_393' title='bbox 3467 660 3740 739; x_wconf 90' lang='lat' dir='ltr'><strong>uterque</strong></span> <span class='ocrx_word' id='word_1_394' title='bbox 3771 653 4117 735; x_wconf 84' lang='lat' dir='ltr'><strong>exercitus,</strong></span> <span class='ocrx_word' id='word_1_395' title='bbox 4161 654 4376 723; x_wconf 89' lang='lat' dir='ltr'><strong>Israe-</strong></span> 
     </span>
     <span class='ocr_line' id='line_1_61' title="bbox 2429 736 4371 841; baseline 0.003 -38"><span class='ocrx_word' id='word_1_396' title='bbox 2429 736 2582 803; x_wconf 88' lang='lat' dir='ltr'><strong>litas</strong></span> <span class='ocrx_word' id='word_1_397' title='bbox 2625 757 2703 803; x_wconf 89' lang='lat' dir='ltr'><strong>ea</strong></span> <span class='ocrx_word' id='word_1_398' title='bbox 2744 738 2975 822; x_wconf 90' lang='lat' dir='ltr'><strong>potiri:</strong></span> <span class='ocrx_word' id='word_1_399' title='bbox 3041 739 3153 806; x_wconf 88' lang='lat' dir='ltr'><strong>sed</strong></span> <span class='ocrx_word' id='word_1_400' title='bbox 3198 760 3331 805; x_wconf 93' lang='lat' dir='ltr'><strong>non</strong></span> <span class='ocrx_word' id='word_1_401' title='bbox 3385 740 3584 809; x_wconf 80' lang='lat' dir='ltr'><strong>fuisse</strong></span> <span class='ocrx_word' id='word_1_402' title='bbox 3640 748 4090 841; x_wconf 79' lang='lat' dir='ltr'><strong>consumptam</strong></span> <span class='ocrx_word' id='word_1_403' title='bbox 4146 740 4371 808; x_wconf 90' lang='lat' dir='ltr'><strong>incen-</strong></span> 
     </span>
     <span class='ocr_line' id='line_1_62' title="bbox 2428 820 4371 911; baseline 0.003 -23"><span class='ocrx_word' id='word_1_404' title='bbox 2428 820 2554 889; x_wconf 92' lang='lat' dir='ltr'><strong>dio.</strong></span> <span class='ocrx_word' id='word_1_405' title='bbox 2671 824 2900 907; x_wconf 88' lang='lat' dir='ltr'><strong>Neque</strong></span> <span class='ocrx_word' id='word_1_406' title='bbox 2981 825 3158 891; x_wconf 90' lang='lat' dir='ltr'><strong>enim</strong></span> <span class='ocrx_word' id='word_1_407' title='bbox 3244 834 3578 892; x_wconf 89' lang='lat' dir='ltr'><strong>momento</strong></span> <span class='ocrx_word' id='word_1_408' title='bbox 3664 834 3975 910; x_wconf 81' lang='lat' dir='ltr'><strong>temporis</strong></span> <span class='ocrx_word' id='word_1_409' title='bbox 4057 826 4371 911; x_wconf 84' lang='lat' dir='ltr'><strong>praedam</strong></span> 
     </span>
     <span class='ocr_line' id='line_1_63' title="bbox 2427 909 4370 994; baseline 0.004 -22"><span class='ocrx_word' id='word_1_410' title='bbox 2427 926 2658 990; x_wconf 89' lang='lat' dir='ltr'><strong>rapere</strong></span> <span class='ocrx_word' id='word_1_411' title='bbox 2713 918 2781 975; x_wconf 91' lang='lat' dir='ltr'><strong>et</strong></span> <span class='ocrx_word' id='word_1_412' title='bbox 2837 909 3096 994; x_wconf 86' lang='lat' dir='ltr'><strong>abigere</strong></span> <span class='ocrx_word' id='word_1_413' title='bbox 3139 919 3512 994; x_wconf 88' lang='lat' dir='ltr'><strong>promptum</strong></span> <span class='ocrx_word' id='word_1_414' title='bbox 3555 910 3718 989; x_wconf 86' lang='lat' dir='ltr'><strong>fuit,</strong></span> <span class='ocrx_word' id='word_1_415' title='bbox 3773 913 3904 978; x_wconf 91' lang='lat' dir='ltr'><strong>imo</strong></span> <span class='ocrx_word' id='word_1_416' title='bbox 3945 932 4106 978; x_wconf 80' lang='lat' dir='ltr'><strong>vasa</strong></span> <span class='ocrx_word' id='word_1_417' title='bbox 4147 919 4216 978; x_wconf 92' lang='lat' dir='ltr'><strong>et</strong></span> <span class='ocrx_word' id='word_1_418' title='bbox 4257 912 4370 979; x_wconf 91' lang='lat' dir='ltr'><strong>bo·</strong></span> 
     </span>
     <span class='ocr_line' id='line_1_64' title="bbox 2427 994 4369 1079; baseline 0.003 -20"><span class='ocrx_word' id='word_1_419' title='bbox 2427 1014 2583 1059; x_wconf 90' lang='lat' dir='ltr'><strong>nam</strong></span> <span class='ocrx_word' id='word_1_420' title='bbox 2625 995 2880 1077; x_wconf 88' lang='lat' dir='ltr'><strong>copiam</strong></span> <span class='ocrx_word' id='word_1_421' title='bbox 2922 994 3387 1079; x_wconf 86' lang='lat' dir='ltr'><strong>suppellectilis</strong></span> <span class='ocrx_word' id='word_1_422' title='bbox 3444 1005 3631 1062; x_wconf 84' lang='lat' dir='ltr'><strong>extra</strong></span> <span class='ocrx_word' id='word_1_423' title='bbox 3684 997 3947 1064; x_wconf 84' lang='lat' dir='ltr'><strong>efferre:</strong></span> <span class='ocrx_word' id='word_1_424' title='bbox 4014 996 4369 1064; x_wconf 86' lang='lat' dir='ltr'><strong>absurdum</strong></span> 
     </span>
     <span class='ocr_line' id='line_1_65' title="bbox 2429 1078 4367 1165; baseline 0.002 -20"><span class='ocrx_word' id='word_1_425' title='bbox 2429 1099 2590 1145; x_wconf 80' lang='lat' dir='ltr'><strong>vero</strong></span> <span class='ocrx_word' id='word_1_426' title='bbox 2645 1078 2872 1147; x_wconf 78' lang='lat' dir='ltr'><strong>fuisset</strong></span> <span class='ocrx_word' id='word_1_427' title='bbox 2887 1130 2904 1161; x_wconf 90' lang='lat'><strong>,</strong></span> <span class='ocrx_word' id='word_1_428' title='bbox 2967 1101 3134 1165; x_wconf 90' lang='lat' dir='ltr'><strong>quae</strong></span> <span class='ocrx_word' id='word_1_429' title='bbox 3188 1079 3373 1149; x_wconf 88' lang='lat' dir='ltr'><strong>Deus</strong></span> <span class='ocrx_word' id='word_1_430' title='bbox 3425 1082 3626 1165; x_wconf 87' lang='lat' dir='ltr'><strong>spolia</strong></span> <span class='ocrx_word' id='word_1_431' title='bbox 3685 1090 4122 1163; x_wconf 87' lang='lat' dir='ltr'><strong>concesserat,</strong></span> <span class='ocrx_word' id='word_1_432' title='bbox 4189 1084 4367 1149; x_wconf 88' lang='lat' dir='ltr'><strong>ultro</strong></span> 
     </span>
     <span class='ocr_line' id='line_1_66' title="bbox 2428 1162 4368 1253; baseline 0.004 -24"><span class='ocrx_word' id='word_1_433' title='bbox 2428 1162 2722 1248; x_wconf 86' lang='lat' dir='ltr'><strong>perdere.</strong></span> <span class='ocrx_word' id='word_1_434' title='bbox 2809 1164 3128 1234; x_wconf 90' lang='lat' dir='ltr'><strong>Videmus</strong></span> <span class='ocrx_word' id='word_1_435' title='bbox 3183 1185 3341 1250; x_wconf 90' lang='lat' dir='ltr'><strong>ergo</strong></span> <span class='ocrx_word' id='word_1_436' title='bbox 3394 1168 3679 1251; x_wconf 88' lang='lat' dir='ltr'><strong>primum</strong></span> <span class='ocrx_word' id='word_1_437' title='bbox 3736 1169 3954 1253; x_wconf 90' lang='lat' dir='ltr'><strong>ignem</strong></span> <span class='ocrx_word' id='word_1_438' title='bbox 3969 1219 3987 1249; x_wconf 94' lang='lat'><strong>,</strong></span> <span class='ocrx_word' id='word_1_439' title='bbox 4053 1166 4368 1236; x_wconf 88' lang='lat' dir='ltr'><strong>delendae</strong></span> 
     </span>
     <span class='ocr_line' id='line_1_67' title="bbox 2428 1249 4370 1338; baseline 0.004 -24"><span class='ocrx_word' id='word_1_440' title='bbox 2428 1249 2636 1316; x_wconf 89' lang='lat' dir='ltr'><strong>totius</strong></span> <span class='ocrx_word' id='word_1_441' title='bbox 2692 1251 2875 1318; x_wconf 90' lang='lat' dir='ltr'><strong>urbis</strong></span> <span class='ocrx_word' id='word_1_442' title='bbox 2931 1271 3127 1319; x_wconf 88' lang='lat' dir='ltr'><strong>causa</strong></span> <span class='ocrx_word' id='word_1_443' title='bbox 3180 1272 3313 1318; x_wconf 91' lang='lat' dir='ltr'><strong>non</strong></span> <span class='ocrx_word' id='word_1_444' title='bbox 3356 1253 3557 1320; x_wconf 86' lang='lat' dir='ltr'><strong>fuisse</strong></span> <span class='ocrx_word' id='word_1_445' title='bbox 3611 1274 3986 1334; x_wconf 86' lang='lat' dir='ltr'><strong>accensum,</strong></span> <span class='ocrx_word' id='word_1_446' title='bbox 4053 1252 4170 1320; x_wconf 88' lang='lat' dir='ltr'><strong>sed</strong></span> <span class='ocrx_word' id='word_1_447' title='bbox 4217 1254 4370 1338; x_wconf 90' lang='lat' dir='ltr'><strong>quia</strong></span> 
     </span>
     <span class='ocr_line' id='line_1_68' title="bbox 2427 1336 4366 1424; baseline 0.002 -24"><span class='ocrx_word' id='word_1_448' title='bbox 2427 1355 2585 1417; x_wconf 88' lang='lat' dir='ltr'><strong>pars</strong></span> <span class='ocrx_word' id='word_1_449' title='bbox 2625 1336 2810 1403; x_wconf 87' lang='lat' dir='ltr'><strong>urbis</strong></span> <span class='ocrx_word' id='word_1_450' title='bbox 2849 1336 3201 1421; x_wconf 88' lang='lat' dir='ltr'><strong>flagrabat,</strong></span> <span class='ocrx_word' id='word_1_451' title='bbox 3243 1336 3561 1405; x_wconf 85' lang='lat' dir='ltr'><strong>indicium</strong></span> <span class='ocrx_word' id='word_1_452' title='bbox 3593 1339 3795 1406; x_wconf 90' lang='lat' dir='ltr'><strong>fuisse</strong></span> <span class='ocrx_word' id='word_1_453' title='bbox 3829 1339 4366 1424; x_wconf 86' lang='lat' dir='ltr'><strong>expugnationis:</strong></span> 
     </span>
     <span class='ocr_line' id='line_1_69' title="bbox 2427 1422 4371 1509; baseline 0.003 -23"><span class='ocrx_word' id='word_1_454' title='bbox 2427 1441 2802 1504; x_wconf 87' lang='lat' dir='ltr'><strong>quanquam</strong></span> <span class='ocrx_word' id='word_1_455' title='bbox 2856 1422 3098 1507; x_wconf 88' lang='lat' dir='ltr'><strong>absque</strong></span> <span class='ocrx_word' id='word_1_456' title='bbox 3154 1425 3476 1507; x_wconf 90' lang='lat' dir='ltr'><strong>sanguine</strong></span> <span class='ocrx_word' id='word_1_457' title='bbox 3534 1433 3604 1492; x_wconf 90' lang='lat' dir='ltr'><strong>et</strong></span> <span class='ocrx_word' id='word_1_458' title='bbox 3662 1424 3896 1491; x_wconf 92' lang='lat' dir='ltr'><strong>sudore</strong></span> <span class='ocrx_word' id='word_1_459' title='bbox 3937 1445 4055 1509; x_wconf 89' lang='lat' dir='ltr'><strong>per</strong></span> <span class='ocrx_word' id='word_1_460' title='bbox 4110 1433 4371 1509; x_wconf 88' lang='lat' dir='ltr'><strong>apertas</strong></span> 
     </span>
     <span class='ocr_line' id='line_1_70' title="bbox 2426 1506 3171 1590; baseline 0.004 -19"><span class='ocrx_word' id='word_1_461' title='bbox 2426 1515 2650 1590; x_wconf 86' lang='lat' dir='ltr'><strong>portas</strong></span> <span class='ocrx_word' id='word_1_462' title='bbox 2701 1506 3041 1575; x_wconf 87' lang='lat' dir='ltr'><strong>Israelitae</strong></span> <span class='ocrx_word' id='word_1_463' title='bbox 3103 1510 3171 1574; x_wconf 91' lang='lat' dir='ltr'><strong>in</strong></span> 
     </span>
     <span class='ocr_line' id='line_1_71' title="bbox 2428 1592 3089 1674; baseline 0.005 -17"><span class='ocrx_word' id='word_1_464' title='bbox 2428 1594 2854 1660; x_wconf 87' lang='lat' dir='ltr'><strong>confirmatur</strong></span> <span class='ocrx_word' id='word_1_465' title='bbox 2869 1644 2889 1674; x_wconf 87' lang='lat'><strong>,</strong></span> <span class='ocrx_word' id='word_1_466' title='bbox 2932 1592 3089 1660; x_wconf 90' lang='lat' dir='ltr'><strong>dum</strong></span> 
     </span>
     <span class='ocr_line' id='line_1_72' title="bbox 2426 1679 4370 1767; baseline 0.003 -24"><span class='ocrx_word' id='word_1_467' title='bbox 2426 1698 2560 1744; x_wconf 92' lang='lat' dir='ltr'><strong>non</strong></span> <span class='ocrx_word' id='word_1_468' title='bbox 2612 1686 2871 1745; x_wconf 87' lang='lat' dir='ltr'><strong>tantum</strong></span> <span class='ocrx_word' id='word_1_469' title='bbox 2928 1680 3084 1763; x_wconf 89' lang='lat' dir='ltr'><strong>quia</strong></span> <span class='ocrx_word' id='word_1_470' title='bbox 3138 1681 3280 1747; x_wconf 90' lang='lat' dir='ltr'><strong>eius</strong></span> <span class='ocrx_word' id='word_1_471' title='bbox 3325 1680 3522 1748; x_wconf 91' lang='lat' dir='ltr'><strong>ductu</strong></span> <span class='ocrx_word' id='word_1_472' title='bbox 3577 1679 3734 1747; x_wconf 89' lang='lat' dir='ltr'><strong>urbs</strong></span> <span class='ocrx_word' id='word_1_473' title='bbox 3778 1681 3900 1747; x_wconf 87' lang='lat' dir='ltr'><strong>fuit</strong></span> <span class='ocrx_word' id='word_1_474' title='bbox 3945 1687 4212 1762; x_wconf 87' lang='lat' dir='ltr'><strong>exusta,</strong></span> <span class='ocrx_word' id='word_1_475' title='bbox 4254 1681 4370 1767; x_wconf 87' lang='lat' dir='ltr'><strong>sed</strong></span> 
     </span>
     <span class='ocr_line' id='line_1_73' title="bbox 2424 1762 4366 1849; baseline 0.002 -20"><span class='ocrx_word' id='word_1_476' title='bbox 2424 1762 2581 1847; x_wconf 89' lang='lat' dir='ltr'><strong>quia</strong></span> <span class='ocrx_word' id='word_1_477' title='bbox 2622 1784 2929 1833; x_wconf 87' lang='lat' dir='ltr'><strong>reversus</strong></span> <span class='ocrx_word' id='word_1_478' title='bbox 2957 1785 2997 1830; x_wconf 88' lang='lat' dir='ltr'><strong>a</strong></span> <span class='ocrx_word' id='word_1_479' title='bbox 3038 1766 3284 1849; x_wconf 91' lang='lat' dir='ltr'><strong>proelio</strong></span> <span class='ocrx_word' id='word_1_480' title='bbox 3323 1765 3621 1834; x_wconf 89' lang='lat' dir='ltr'><strong>funditus</strong></span> <span class='ocrx_word' id='word_1_481' title='bbox 3657 1765 4044 1833; x_wconf 89' lang='lat' dir='ltr'><strong>diruendam</strong></span> <span class='ocrx_word' id='word_1_482' title='bbox 4085 1767 4366 1834; x_wconf 84' lang='lat' dir='ltr'><strong>curavit:</strong></span> 
     </span>
     <span class='ocr_line' id='line_1_74' title="bbox 2427 1849 4365 1937; baseline 0.003 -23"><span class='ocrx_word' id='word_1_483' title='bbox 2427 1849 2623 1916; x_wconf 90' lang='lat' dir='ltr'><strong>sicuti</strong></span> <span class='ocrx_word' id='word_1_484' title='bbox 2679 1871 2831 1917; x_wconf 89' lang='lat' dir='ltr'><strong>mox</strong></span> <span class='ocrx_word' id='word_1_485' title='bbox 2888 1849 3179 1930; x_wconf 89' lang='lat' dir='ltr'><strong>additur,</strong></span> <span class='ocrx_word' id='word_1_486' title='bbox 3245 1853 3536 1935; x_wconf 84' lang='lat' dir='ltr'><strong>posuisse</strong></span> <span class='ocrx_word' id='word_1_487' title='bbox 3573 1853 3644 1919; x_wconf 87' lang='lat' dir='ltr'><strong>in</strong></span> <span class='ocrx_word' id='word_1_488' title='bbox 3689 1871 4000 1920; x_wconf 83' lang='lat' dir='ltr'><strong>acervum</strong></span> <span class='ocrx_word' id='word_1_489' title='bbox 4051 1852 4365 1937; x_wconf 88' lang='lat' dir='ltr'><strong>lapidum,</strong></span> 
     </span>
     <span class='ocr_line' id='line_1_75' title="bbox 2425 1938 3412 2019; baseline 0.003 -20"><span class='ocrx_word' id='word_1_490' title='bbox 2425 1941 2502 2000; x_wconf 88' lang='lat' dir='ltr'><strong>ut</strong></span> <span class='ocrx_word' id='word_1_491' title='bbox 2545 1955 2627 2019; x_wconf 93' lang='lat' dir='ltr'><strong>pe</strong></span> <span class='ocrx_word' id='word_1_492' title='bbox 2710 1943 2862 2002; x_wconf 89' lang='lat' dir='ltr'><strong>etna</strong></span> <span class='ocrx_word' id='word_1_493' title='bbox 2904 1945 3078 2003; x_wconf 88' lang='lat' dir='ltr'><strong>esset</strong></span> <span class='ocrx_word' id='word_1_494' title='bbox 3120 1938 3412 2003; x_wconf 83' lang='lat' dir='ltr'><strong>vastitas.</strong></span> 
     </span>
     <span class='ocr_line' id='line_1_76' title="bbox 2593 2021 3388 2105; baseline 0.001 -18"><span class='ocrx_word' id='word_1_495' title='bbox 2593 2021 2638 2087; x_wconf 82' lang='lat'><strong>2</strong></span> <span class='ocrx_word' id='word_1_496' title='bbox 2683 2069 2699 2086; x_wconf 89' lang='lat'><strong>.</strong></span> <span class='ocrx_word' id='word_1_497' title='bbox 2766 2021 3037 2105; x_wconf 74' lang='lat' dir='ltr'><strong>Fm’tque</strong></span> <span class='ocrx_word' id='word_1_498' title='bbox 3074 2043 3388 2089; x_wconf 76' lang='lat' dir='ltr'><strong>numerus.</strong></span> 
     </span>
     <span class='ocr_line' id='line_1_77' title="bbox 2424 2106 4364 2194; baseline 0.002 -23"><span class='ocrx_word' id='word_1_499' title='bbox 2424 2107 2540 2189; x_wconf 90' lang='lat' dir='ltr'><strong>qui</strong></span> <span class='ocrx_word' id='word_1_500' title='bbox 2594 2107 2789 2175; x_wconf 86' lang='lat' dir='ltr'><strong>occisi</strong></span> <span class='ocrx_word' id='word_1_501' title='bbox 2846 2117 3002 2175; x_wconf 90' lang='lat' dir='ltr'><strong>sunt</strong></span> <span class='ocrx_word' id='word_1_502' title='bbox 3053 2108 3258 2175; x_wconf 86' lang='lat' dir='ltr'><strong>fuisse</strong></span> <span class='ocrx_word' id='word_1_503' title='bbox 3311 2108 3558 2175; x_wconf 89' lang='lat' dir='ltr'><strong>incolas</strong></span> <span class='ocrx_word' id='word_1_504' title='bbox 3622 2109 3742 2174; x_wconf 86' lang='lat' dir='ltr'><strong>Ai:</strong></span> <span class='ocrx_word' id='word_1_505' title='bbox 3817 2106 3931 2175; x_wconf 90' lang='lat' dir='ltr'><strong>sed</strong></span> <span class='ocrx_word' id='word_1_506' title='bbox 3996 2108 4364 2194; x_wconf 90' lang='lat' dir='ltr'><strong>quicunque</strong></span> 
     </span>
     <span class='ocr_line' id='line_1_78' title="bbox 2422 2191 4365 2278; baseline 0.003 -23"><span class='ocrx_word' id='word_1_507' title='bbox 2422 2191 2556 2258; x_wconf 88' lang='lat' dir='ltr'><strong>illic</strong></span> <span class='ocrx_word' id='word_1_508' title='bbox 2615 2192 3003 2261; x_wconf 84' lang='lat' dir='ltr'><strong>habitabant</strong></span> <span class='ocrx_word' id='word_1_509' title='bbox 3058 2194 3254 2261; x_wconf 83' lang='lat' dir='ltr'><strong>fuisse</strong></span> <span class='ocrx_word' id='word_1_510' title='bbox 3303 2194 3580 2275; x_wconf 91' lang='lat' dir='ltr'><strong>occisos,</strong></span> <span class='ocrx_word' id='word_1_511' title='bbox 3644 2199 3717 2260; x_wconf 88' lang='lat' dir='ltr'><strong>ut</strong></span> <span class='ocrx_word' id='word_1_512' title='bbox 3760 2215 3844 2260; x_wconf 90' lang='lat' dir='ltr'><strong>ne</strong></span> <span class='ocrx_word' id='word_1_513' title='bbox 3886 2215 4057 2261; x_wconf 89' lang='lat' dir='ltr'><strong>unus</strong></span> <span class='ocrx_word' id='word_1_514' title='bbox 4099 2193 4365 2278; x_wconf 91' lang='lat' dir='ltr'><strong>quidem</strong></span> 
     </span>
     <span class='ocr_line' id='line_1_79' title="bbox 2422 2276 4366 2362; baseline 0.001 -19"><span class='ocrx_word' id='word_1_515' title='bbox 2422 2276 2749 2362; x_wconf 82' lang='lat' dir='ltr'><strong>effugerit.</strong></span> <span class='ocrx_word' id='word_1_516' title='bbox 2859 2281 3034 2347; x_wconf 85' lang='lat' dir='ltr'><strong>Ante</strong></span> <span class='ocrx_word' id='word_1_517' title='bbox 3103 2281 3282 2345; x_wconf 90' lang='lat' dir='ltr'><strong>enim</strong></span> <span class='ocrx_word' id='word_1_518' title='bbox 3349 2281 3568 2348; x_wconf 85' lang='lat' dir='ltr'><strong>visum</strong></span> <span class='ocrx_word' id='word_1_519' title='bbox 3638 2280 3798 2357; x_wconf 88' lang='lat' dir='ltr'><strong>fuit,</strong></span> <span class='ocrx_word' id='word_1_520' title='bbox 3882 2281 4058 2347; x_wconf 85' lang='lat' dir='ltr'><strong>cives</strong></span> <span class='ocrx_word' id='word_1_521' title='bbox 4126 2279 4366 2348; x_wconf 90' lang='lat' dir='ltr'><strong>Bethel</strong></span> 
     </span>
     <span class='ocr_line' id='line_1_80' title="bbox 2422 2363 4366 2450; baseline 0.003 -23"><span class='ocrx_word' id='word_1_522' title='bbox 2422 2363 2618 2428; x_wconf 88' lang='lat' dir='ltr'><strong>simul</strong></span> <span class='ocrx_word' id='word_1_523' title='bbox 2661 2365 2859 2432; x_wconf 80' lang='lat' dir='ltr'><strong>fuisse</strong></span> <span class='ocrx_word' id='word_1_524' title='bbox 2901 2365 3289 2450; x_wconf 88' lang='lat' dir='ltr'><strong>permixtos:</strong></span> <span class='ocrx_word' id='word_1_525' title='bbox 3334 2387 3545 2449; x_wconf 90' lang='lat' dir='ltr'><strong>neque</strong></span> <span class='ocrx_word' id='word_1_526' title='bbox 3587 2372 3813 2450; x_wconf 89' lang='lat' dir='ltr'><strong>postea</strong></span> <span class='ocrx_word' id='word_1_527' title='bbox 3854 2365 3970 2431; x_wconf 87' lang='lat' dir='ltr'><strong>fiet</strong></span> <span class='ocrx_word' id='word_1_528' title='bbox 4001 2365 4141 2431; x_wconf 87' lang='lat' dir='ltr'><strong>eius</strong></span> <span class='ocrx_word' id='word_1_529' title='bbox 4185 2365 4366 2433; x_wconf 88' lang='lat' dir='ltr'><strong>urbis</strong></span> 
     </span>
     <span class='ocr_line' id='line_1_81' title="bbox 2422 2449 4365 2534; baseline 0.002 -19"><span class='ocrx_word' id='word_1_530' title='bbox 2422 2449 2699 2517; x_wconf 84' lang='lat' dir='ltr'><strong>mentio:</strong></span> <span class='ocrx_word' id='word_1_531' title='bbox 2764 2449 2939 2517; x_wconf 90' lang='lat' dir='ltr'><strong>unde</strong></span> <span class='ocrx_word' id='word_1_532' title='bbox 2981 2450 3239 2519; x_wconf 85' lang='lat' dir='ltr'><strong>elicitur</strong></span> <span class='ocrx_word' id='word_1_533' title='bbox 3279 2450 3630 2534; x_wconf 88' lang='lat' dir='ltr'><strong>probabilis</strong></span> <span class='ocrx_word' id='word_1_534' title='bbox 3672 2450 4074 2531; x_wconf 82' lang='lat' dir='ltr'><strong>coniectura,</strong></span> <span class='ocrx_word' id='word_1_535' title='bbox 4139 2450 4365 2520; x_wconf 88' lang='lat' dir='ltr'><strong>relicto</strong></span> 
     </span>
     <span class='ocr_line' id='line_1_82' title="bbox 2422 2534 4366 2618; baseline 0.002 -19"><span class='ocrx_word' id='word_1_536' title='bbox 2422 2534 2659 2617; x_wconf 88' lang='lat' dir='ltr'><strong>oppido</strong></span> <span class='ocrx_word' id='word_1_537' title='bbox 2700 2556 2931 2618; x_wconf 84' lang='lat' dir='ltr'><strong>parum</strong></span> <span class='ocrx_word' id='word_1_538' title='bbox 2974 2537 3261 2616; x_wconf 91' lang='lat' dir='ltr'><strong>munito,</strong></span> <span class='ocrx_word' id='word_1_539' title='bbox 3308 2536 3380 2602; x_wconf 92' lang='lat' dir='ltr'><strong>in</strong></span> <span class='ocrx_word' id='word_1_540' title='bbox 3422 2537 3637 2603; x_wconf 89' lang='lat' dir='ltr'><strong>locum</strong></span> <span class='ocrx_word' id='word_1_541' title='bbox 3678 2537 3988 2602; x_wconf 90' lang='lat' dir='ltr'><strong>tutiorem</strong></span> <span class='ocrx_word' id='word_1_542' title='bbox 4031 2557 4102 2604; x_wconf 82' lang='lat' dir='ltr'><strong>se</strong></span> <span class='ocrx_word' id='word_1_543' title='bbox 4144 2545 4366 2603; x_wconf 90' lang='lat' dir='ltr'><strong>contu·</strong></span> 
     </span>
     <span class='ocr_line' id='line_1_83' title="bbox 2421 2618 4364 2707; baseline 0.002 -23"><span class='ocrx_word' id='word_1_544' title='bbox 2421 2618 2594 2698; x_wconf 87' lang='lat' dir='ltr'><strong>lisse,</strong></span> <span class='ocrx_word' id='word_1_545' title='bbox 2633 2642 2826 2705; x_wconf 91' lang='lat' dir='ltr'><strong>quem</strong></span> <span class='ocrx_word' id='word_1_546' title='bbox 2869 2622 3224 2707; x_wconf 85' lang='lat' dir='ltr'><strong>sperabant</strong></span> <span class='ocrx_word' id='word_1_547' title='bbox 3265 2621 3452 2688; x_wconf 76' lang='lat' dir='ltr'><strong>facile</strong></span> <span class='ocrx_word' id='word_1_548' title='bbox 3493 2642 3685 2705; x_wconf 88' lang='lat' dir='ltr'><strong>posse</strong></span> <span class='ocrx_word' id='word_1_549' title='bbox 3727 2621 4004 2688; x_wconf 79' lang='lat' dir='ltr'><strong>defendi.</strong></span> <span class='ocrx_word' id='word_1_550' title='bbox 4096 2619 4364 2706; x_wconf 83' lang='lat' dir='ltr'><strong>Simpli-</strong></span> 
     </span>
     <span class='ocr_line' id='line_1_84' title="bbox 2421 2705 4360 2792; baseline 0.001 -20"><span class='ocrx_word' id='word_1_551' title='bbox 2421 2705 2586 2772; x_wconf 88' lang='lat' dir='ltr'><strong>citer</strong></span> <span class='ocrx_word' id='word_1_552' title='bbox 2628 2727 2786 2792; x_wconf 87' lang='lat' dir='ltr'><strong>ergo</strong></span> <span class='ocrx_word' id='word_1_553' title='bbox 2842 2706 3048 2774; x_wconf 82' lang='lat' dir='ltr'><strong>verba</strong></span> <span class='ocrx_word' id='word_1_554' title='bbox 3103 2714 3369 2787; x_wconf 87' lang='lat' dir='ltr'><strong>sonant,</strong></span> <span class='ocrx_word' id='word_1_555' title='bbox 3434 2728 3662 2774; x_wconf 90' lang='lat' dir='ltr'><strong>omnes</strong></span> <span class='ocrx_word' id='word_1_556' title='bbox 3707 2706 3823 2791; x_wconf 85' lang='lat' dir='ltr'><strong>qui</strong></span> <span class='ocrx_word' id='word_1_557' title='bbox 3864 2708 4110 2792; x_wconf 85' lang='lat' dir='ltr'><strong>egressi</strong></span> <span class='ocrx_word' id='word_1_558' title='bbox 4153 2716 4360 2788; x_wconf 87' lang='lat' dir='ltr'><strong>erant,</strong></span> 
     </span>
    </p>
   </div>
   <div class='ocr_carea' id='block_1_8' title="bbox 3240 1509 4369 1679">
    <p class='ocr_par' dir='ltr' id='par_1_11' title="bbox 3240 1509 4369 1679">
     <span class='ocr_line' id='line_1_85' title="bbox 3258 1509 4369 1609; baseline -0.001 -33"><span class='ocrx_word' id='word_1_559' title='bbox 3258 1510 3394 1608; x_wconf 36' lang='lat' dir='ltr'><strong>essi‘</strong></span> <span class='ocrx_word' id='word_1_560' title='bbox 3440 1521 3612 1577; x_wconf 87' lang='lat' dir='ltr'><strong>sunt.</strong></span> <span class='ocrx_word' id='word_1_561' title='bbox 3700 1509 3908 1594; x_wconf 90' lang='lat' dir='ltr'><strong>quue</strong></span> <span class='ocrx_word' id='word_1_562' title='bbox 3963 1509 4163 1609; x_wconf 85' lang='lat' dir='ltr'><strong>paulo</strong></span> <span class='ocrx_word' id='word_1_563' title='bbox 4219 1518 4369 1595; x_wconf 89' lang='lat' dir='ltr'><strong>post</strong></span> 
     </span>
     <span class='ocr_line' id='line_1_86' title="bbox 3240 1594 4369 1679; baseline 0 -18"><span class='ocrx_word' id='word_1_564' title='bbox 3240 1595 3513 1661; x_wconf 81' lang='lat' dir='ltr'><strong>cribitur</strong></span> <span class='ocrx_word' id='word_1_565' title='bbox 3553 1594 3928 1663; x_wconf 88' lang='lat' dir='ltr'><strong>incendium</strong></span> <span class='ocrx_word' id='word_1_566' title='bbox 3970 1596 4099 1679; x_wconf 83' lang='lat' dir='ltr'><strong>ipsi</strong></span> <span class='ocrx_word' id='word_1_567' title='bbox 4138 1595 4369 1663; x_wconf 91' lang='lat' dir='ltr'><strong>Iosue:</strong></span> 
     </span>
    </p>
   </div>
   <div class='ocr_carea' id='block_1_9' title="bbox 3478 2021 4363 2103">
    <p class='ocr_par' dir='ltr' id='par_1_12' title="bbox 3478 2021 4363 2103">
     <span class='ocr_line' id='line_1_87' title="bbox 3478 2021 4363 2103; baseline 0.003 -15"><span class='ocrx_word' id='word_1_568' title='bbox 3478 2021 3730 2089; x_wconf 80' lang='lat' dir='ltr'><strong>Sensus</strong></span> <span class='ocrx_word' id='word_1_569' title='bbox 3772 2044 3906 2090; x_wconf 91' lang='lat' dir='ltr'><strong>non</strong></span> <span class='ocrx_word' id='word_1_570' title='bbox 3949 2031 4081 2103; x_wconf 87' lang='lat' dir='ltr'><strong>est,</strong></span> <span class='ocrx_word' id='word_1_571' title='bbox 4137 2043 4363 2091; x_wconf 89' lang='lat' dir='ltr'><strong>omnes</strong></span> 
     </span>
    </p>
   </div>
   <div class='ocr_carea' id='block_1_10' title="bbox 2390 2791 4363 2876">
    <p class='ocr_par' dir='ltr' id='par_1_13' title="bbox 2390 2791 4363 2876">
     <span class='ocr_line' id='line_1_88' title="bbox 2390 2791 4363 2876; baseline 0.002 -21"><span class='ocrx_word' id='word_1_572' title='bbox 2390 2799 2490 2855; x_wconf 88' lang='lat' dir='ltr'><strong>.et</strong></span> <span class='ocrx_word' id='word_1_573' title='bbox 2532 2793 2643 2874; x_wconf 90' lang='lat' dir='ltr'><strong>qui</strong></span> <span class='ocrx_word' id='word_1_574' title='bbox 2685 2794 2757 2858; x_wconf 91' lang='lat' dir='ltr'><strong>in</strong></span> <span class='ocrx_word' id='word_1_575' title='bbox 2800 2793 2958 2860; x_wconf 88' lang='lat' dir='ltr'><strong>urbe</strong></span> <span class='ocrx_word' id='word_1_576' title='bbox 3000 2793 3244 2876; x_wconf 86' lang='lat' dir='ltr'><strong>reperti</strong></span> <span class='ocrx_word' id='word_1_577' title='bbox 3286 2801 3475 2872; x_wconf 87' lang='lat' dir='ltr'><strong>sunt,</strong></span> <span class='ocrx_word' id='word_1_578' title='bbox 3541 2791 3626 2859; x_wconf 90' lang='lat' dir='ltr'><strong>ad</strong></span> <span class='ocrx_word' id='word_1_579' title='bbox 3669 2813 3873 2859; x_wconf 89' lang='lat' dir='ltr'><strong>unum</strong></span> <span class='ocrx_word' id='word_1_580' title='bbox 3916 2792 4117 2859; x_wconf 87' lang='lat' dir='ltr'><strong>fuisse</strong></span> <span class='ocrx_word' id='word_1_581' title='bbox 4160 2792 4363 2859; x_wconf 89' lang='lat' dir='ltr'><strong>inter-</strong></span> 
     </span>
    </p>
   </div>
   <div class='ocr_carea' id='block_1_11' title="bbox 2408 2877 4365 5515">
    <p class='ocr_par' dir='ltr' id='par_1_14' title="bbox 2418 2877 4365 3476">
     <span class='ocr_line' id='line_1_89' title="bbox 2419 2877 4364 2964; baseline 0.001 -22"><span class='ocrx_word' id='word_1_582' title='bbox 2419 2877 2639 2945; x_wconf 81' lang='lat' dir='ltr'><strong>fectos.</strong></span> <span class='ocrx_word' id='word_1_583' title='bbox 2730 2877 3123 2963; x_wconf 81' lang='lat' dir='ltr'><strong>Quanquam</strong></span> <span class='ocrx_word' id='word_1_584' title='bbox 3181 2879 3239 2945; x_wconf 89' lang='lat' dir='ltr'><strong>si</strong></span> <span class='ocrx_word' id='word_1_585' title='bbox 3297 2879 3402 2946; x_wconf 89' lang='lat' dir='ltr'><strong>cui</strong></span> <span class='ocrx_word' id='word_1_586' title='bbox 3445 2879 3657 2964; x_wconf 88' lang='lat' dir='ltr'><strong>magis</strong></span> <span class='ocrx_word' id='word_1_587' title='bbox 3709 2878 3953 2963; x_wconf 83' lang='lat' dir='ltr'><strong>placet,</strong></span> <span class='ocrx_word' id='word_1_588' title='bbox 4016 2897 4364 2944; x_wconf 88' lang='lat' dir='ltr'><strong>numerum</strong></span> 
     </span>
     <span class='ocr_line' id='line_1_90' title="bbox 2421 2961 4365 3050; baseline 0.001 -23"><span class='ocrx_word' id='word_1_589' title='bbox 2421 2961 2598 3031; x_wconf 90' lang='lat' dir='ltr'><strong>hunc</strong></span> <span class='ocrx_word' id='word_1_590' title='bbox 2640 2965 2951 3050; x_wconf 87' lang='lat' dir='ltr'><strong>restringi</strong></span> <span class='ocrx_word' id='word_1_591' title='bbox 3016 2963 3099 3029; x_wconf 89' lang='lat' dir='ltr'><strong>ad</strong></span> <span class='ocrx_word' id='word_1_592' title='bbox 3157 2986 3377 3045; x_wconf 87' lang='lat' dir='ltr'><strong>senes,</strong></span> <span class='ocrx_word' id='word_1_593' title='bbox 3420 2973 3754 3048; x_wconf 88' lang='lat' dir='ltr'><strong>aegrotos,</strong></span> <span class='ocrx_word' id='word_1_594' title='bbox 3799 2974 4066 3049; x_wconf 84' lang='lat' dir='ltr'><strong>pueros,</strong></span> <span class='ocrx_word' id='word_1_595' title='bbox 4110 2972 4177 3029; x_wconf 89' lang='lat' dir='ltr'><strong>et</strong></span> <span class='ocrx_word' id='word_1_596' title='bbox 4217 2984 4365 3029; x_wconf 89' lang='lat' dir='ltr'><strong>mu-</strong></span> 
     </span>
     <span class='ocr_line' id='line_1_91' title="bbox 2418 3046 4364 3136; baseline -0.001 -21"><span class='ocrx_word' id='word_1_597' title='bbox 2418 3046 2646 3127; x_wconf 87' lang='lat' dir='ltr'><strong>lieres,</strong></span> <span class='ocrx_word' id='word_1_598' title='bbox 2705 3070 2984 3134; x_wconf 89' lang='lat' dir='ltr'><strong>quorum</strong></span> <span class='ocrx_word' id='word_1_599' title='bbox 3028 3057 3284 3136; x_wconf 87' lang='lat' dir='ltr'><strong>strages</strong></span> <span class='ocrx_word' id='word_1_600' title='bbox 3324 3051 3502 3116; x_wconf 88' lang='lat' dir='ltr'><strong>intra</strong></span> <span class='ocrx_word' id='word_1_601' title='bbox 3545 3070 3768 3115; x_wconf 90' lang='lat' dir='ltr'><strong>muros</strong></span> <span class='ocrx_word' id='word_1_602' title='bbox 3810 3050 3939 3115; x_wconf 84' lang='lat' dir='ltr'><strong>fuit</strong></span> <span class='ocrx_word' id='word_1_603' title='bbox 3980 3049 4187 3134; x_wconf 86' lang='lat' dir='ltr'><strong>edita,</strong></span> <span class='ocrx_word' id='word_1_604' title='bbox 4230 3070 4364 3115; x_wconf 92' lang='lat' dir='ltr'><strong>non</strong></span> 
     </span>
     <span class='ocr_line' id='line_1_92' title="bbox 2419 3133 4362 3219; baseline 0 -18"><span class='ocrx_word' id='word_1_605' title='bbox 2419 3134 2829 3201; x_wconf 88' lang='lat' dir='ltr'><strong>contendam.</strong></span> <span class='ocrx_word' id='word_1_606' title='bbox 2919 3134 2994 3204; x_wconf 82' lang='lat' dir='ltr'><strong>Si</strong></span> <span class='ocrx_word' id='word_1_607' title='bbox 3051 3143 3268 3201; x_wconf 88' lang='lat' dir='ltr'><strong>tamen</strong></span> <span class='ocrx_word' id='word_1_608' title='bbox 3331 3142 3747 3219; x_wconf 87' lang='lat' dir='ltr'><strong>reputamus,</strong></span> <span class='ocrx_word' id='word_1_609' title='bbox 3811 3135 3957 3200; x_wconf 90' lang='lat' dir='ltr'><strong>urbi</strong></span> <span class='ocrx_word' id='word_1_610' title='bbox 4014 3155 4146 3200; x_wconf 92' lang='lat' dir='ltr'><strong>non</strong></span> <span class='ocrx_word' id='word_1_611' title='bbox 4202 3133 4362 3201; x_wconf 85' lang='lat' dir='ltr'><strong>adeo</strong></span> 
     </span>
     <span class='ocr_line' id='line_1_93' title="bbox 2420 3219 4361 3305; baseline -0.001 -19"><span class='ocrx_word' id='word_1_612' title='bbox 2420 3220 2680 3304; x_wconf 82' lang='lat' dir='ltr'><strong>amplae</strong></span> <span class='ocrx_word' id='word_1_613' title='bbox 2720 3242 2841 3288; x_wconf 90' lang='lat' dir='ltr'><strong>nec</strong></span> <span class='ocrx_word' id='word_1_614' title='bbox 2920 3219 3226 3305; x_wconf 89' lang='lat' dir='ltr'><strong>opulosae</strong></span> <span class='ocrx_word' id='word_1_615' title='bbox 3259 3222 3676 3289; x_wconf 90' lang='lat' dir='ltr'><strong>coniunctum</strong></span> <span class='ocrx_word' id='word_1_616' title='bbox 3719 3221 3918 3287; x_wconf 81' lang='lat' dir='ltr'><strong>fuisse</strong></span> <span class='ocrx_word' id='word_1_617' title='bbox 3961 3219 4361 3304; x_wconf 88' lang='lat' dir='ltr'><strong>oppidulum,</strong></span> 
     </span>
     <span class='ocr_line' id='line_1_94' title="bbox 2419 3303 4362 3391; baseline 0.001 -20"><span class='ocrx_word' id='word_1_618' title='bbox 2419 3306 2634 3391; x_wconf 86' lang='lat' dir='ltr'><strong>magis</strong></span> <span class='ocrx_word' id='word_1_619' title='bbox 2676 3326 2796 3389; x_wconf 92' lang='lat' dir='ltr'><strong>pro</strong></span> <span class='ocrx_word' id='word_1_620' title='bbox 2917 3307 3022 3373; x_wconf 89' lang='lat' dir='ltr'><strong>ile.</strong></span> <span class='ocrx_word' id='word_1_621' title='bbox 3046 3313 3178 3386; x_wconf 90' lang='lat' dir='ltr'><strong>est,</strong></span> <span class='ocrx_word' id='word_1_622' title='bbox 3244 3311 3357 3391; x_wconf 87' lang='lat' dir='ltr'><strong>qui</strong></span> <span class='ocrx_word' id='word_1_623' title='bbox 3398 3307 3470 3372; x_wconf 91' lang='lat' dir='ltr'><strong>in</strong></span> <span class='ocrx_word' id='word_1_624' title='bbox 3515 3307 3653 3374; x_wconf 85' lang='lat' dir='ltr'><strong>acie</strong></span> <span class='ocrx_word' id='word_1_625' title='bbox 3694 3305 4099 3387; x_wconf 89' lang='lat' dir='ltr'><strong>ceciderunt,</strong></span> <span class='ocrx_word' id='word_1_626' title='bbox 4166 3303 4362 3373; x_wconf 88' lang='lat' dir='ltr'><strong>simul</strong></span> 
     </span>
     <span class='ocr_line' id='line_1_95' title="bbox 2420 3391 2902 3476; baseline 0.002 -17"><span class='ocrx_word' id='word_1_627' title='bbox 2420 3391 2902 3476; x_wconf 87' lang='lat' dir='ltr'><strong>comprehendi.</strong></span> 
     </span>
    </p>

    <p class='ocr_par' dir='ltr' id='par_1_15' title="bbox 2411 3476 4364 5019">
     <span class='ocr_line' id='line_1_96' title="bbox 2591 3476 4363 3559; baseline 0.001 -17"><span class='ocrx_word' id='word_1_628' title='bbox 2591 3478 2693 3544; x_wconf 80' lang='lat'><strong>26.</strong></span> <span class='ocrx_word' id='word_1_629' title='bbox 2781 3479 2968 3545; x_wconf 78' lang='lat' dir='ltr'><strong>Iosue</strong></span> <span class='ocrx_word' id='word_1_630' title='bbox 3007 3497 3134 3545; x_wconf 77' lang='lat' dir='ltr'><strong>non</strong></span> <span class='ocrx_word' id='word_1_631' title='bbox 3174 3477 3443 3544; x_wconf 70' lang='lat' dir='ltr'><strong>reduxit.</strong></span> <span class='ocrx_word' id='word_1_632' title='bbox 3530 3476 3708 3559; x_wconf 76' lang='lat' dir='ltr'><strong>Quia</strong></span> <span class='ocrx_word' id='word_1_633' title='bbox 3765 3476 4023 3542; x_wconf 86' lang='lat' dir='ltr'><strong>hastam</strong></span> <span class='ocrx_word' id='word_1_634' title='bbox 4078 3476 4363 3543; x_wconf 91' lang='lat' dir='ltr'><strong>tollendo</strong></span> 
     </span>
     <span class='ocr_line' id='line_1_97' title="bbox 2419 3559 4364 3647; baseline -0.001 -18"><span class='ocrx_word' id='word_1_635' title='bbox 2419 3563 2682 3647; x_wconf 82' lang='lat' dir='ltr'><strong>signum</strong></span> <span class='ocrx_word' id='word_1_636' title='bbox 2747 3570 2815 3631; x_wconf 92' lang='lat' dir='ltr'><strong>et</strong></span> <span class='ocrx_word' id='word_1_637' title='bbox 2868 3573 3181 3630; x_wconf 87' lang='lat' dir='ltr'><strong>tesseram</strong></span> <span class='ocrx_word' id='word_1_638' title='bbox 3247 3561 3412 3628; x_wconf 91' lang='lat' dir='ltr'><strong>bene</strong></span> <span class='ocrx_word' id='word_1_639' title='bbox 3476 3559 3782 3646; x_wconf 85' lang='lat' dir='ltr'><strong>sperandi</strong></span> <span class='ocrx_word' id='word_1_640' title='bbox 3847 3561 4035 3645; x_wconf 89' lang='lat' dir='ltr'><strong>quasi</strong></span> <span class='ocrx_word' id='word_1_641' title='bbox 4091 3581 4128 3627; x_wconf 97' lang='lat' dir='ltr'><strong>e</strong></span> <span class='ocrx_word' id='word_1_642' title='bbox 4184 3563 4364 3629; x_wconf 92' lang='lat' dir='ltr'><strong>coelo</strong></span> 
     </span>
     <span class='ocr_line' id='line_1_98' title="bbox 2421 3646 4364 3728; baseline 0.001 -14"><span class='ocrx_word' id='word_1_643' title='bbox 2421 3648 2652 3728; x_wconf 87' lang='lat' dir='ltr'><strong>dabat,</strong></span> <span class='ocrx_word' id='word_1_644' title='bbox 2725 3668 2861 3715; x_wconf 90' lang='lat' dir='ltr'><strong>non</strong></span> <span class='ocrx_word' id='word_1_645' title='bbox 2926 3656 3079 3717; x_wconf 90' lang='lat' dir='ltr'><strong>ante</strong></span> <span class='ocrx_word' id='word_1_646' title='bbox 3143 3649 3394 3715; x_wconf 89' lang='lat' dir='ltr'><strong>destitit</strong></span> <span class='ocrx_word' id='word_1_647' title='bbox 3456 3648 3528 3714; x_wconf 89' lang='lat' dir='ltr'><strong>in</strong></span> <span class='ocrx_word' id='word_1_648' title='bbox 3593 3647 3738 3714; x_wconf 88' lang='lat' dir='ltr'><strong>eius</strong></span> <span class='ocrx_word' id='word_1_649' title='bbox 3803 3647 4049 3713; x_wconf 90' lang='lat' dir='ltr'><strong>intuitu</strong></span> <span class='ocrx_word' id='word_1_650' title='bbox 4115 3646 4364 3715; x_wconf 86' lang='lat' dir='ltr'><strong>defixos</strong></span> 
     </span>
     <span class='ocr_line' id='line_1_99' title="bbox 2418 3731 4362 3818; baseline -0.001 -17"><span class='ocrx_word' id='word_1_651' title='bbox 2418 3736 2704 3802; x_wconf 89' lang='lat' dir='ltr'><strong>retinere</strong></span> <span class='ocrx_word' id='word_1_652' title='bbox 2758 3754 3026 3801; x_wconf 89' lang='lat' dir='ltr'><strong>suorum</strong></span> <span class='ocrx_word' id='word_1_653' title='bbox 3082 3735 3367 3813; x_wconf 87' lang='lat' dir='ltr'><strong>animos,</strong></span> <span class='ocrx_word' id='word_1_654' title='bbox 3434 3754 3628 3818; x_wconf 90' lang='lat' dir='ltr'><strong>quam</strong></span> <span class='ocrx_word' id='word_1_655' title='bbox 3687 3731 3851 3799; x_wconf 88' lang='lat' dir='ltr'><strong>urbe</strong></span> <span class='ocrx_word' id='word_1_656' title='bbox 3891 3733 4082 3817; x_wconf 87' lang='lat' dir='ltr'><strong>potiti</strong></span> <span class='ocrx_word' id='word_1_657' title='bbox 4125 3741 4362 3800; x_wconf 84' lang='lat' dir='ltr'><strong>essent.</strong></span> 
     </span>
     <span class='ocr_line' id='line_1_100' title="bbox 2419 3817 4363 3904; baseline -0.001 -17"><span class='ocrx_word' id='word_1_658' title='bbox 2419 3818 2569 3902; x_wconf 71' lang='lat' dir='ltr'><strong>Qua</strong></span> <span class='ocrx_word' id='word_1_659' title='bbox 2614 3820 3103 3904; x_wconf 84' lang='lat' dir='ltr'><strong>perseverantia</strong></span> <span class='ocrx_word' id='word_1_660' title='bbox 3160 3820 3321 3887; x_wconf 89' lang='lat' dir='ltr'><strong>satis</strong></span> <span class='ocrx_word' id='word_1_661' title='bbox 3378 3818 3710 3903; x_wconf 80' lang='lat' dir='ltr'><strong>probavit,</strong></span> <span class='ocrx_word' id='word_1_662' title='bbox 3765 3838 3959 3902; x_wconf 91' lang='lat' dir='ltr'><strong>quam</strong></span> <span class='ocrx_word' id='word_1_663' title='bbox 4019 3817 4101 3884; x_wconf 89' lang='lat' dir='ltr'><strong>ab</strong></span> <span class='ocrx_word' id='word_1_664' title='bbox 4156 3818 4363 3886; x_wconf 89' lang='lat' dir='ltr'><strong>ambi-</strong></span> 
     </span>
     <span class='ocr_line' id='line_1_101' title="bbox 2418 3902 4364 3988; baseline 0.001 -18"><span class='ocrx_word' id='word_1_665' title='bbox 2418 3909 2596 3974; x_wconf 88' lang='lat' dir='ltr'><strong>tione</strong></span> <span class='ocrx_word' id='word_1_666' title='bbox 2659 3917 2950 3973; x_wconf 88' lang='lat' dir='ltr'><strong>remotus</strong></span> <span class='ocrx_word' id='word_1_667' title='bbox 3013 3907 3211 3972; x_wconf 83' lang='lat' dir='ltr'><strong>foret:</strong></span> <span class='ocrx_word' id='word_1_668' title='bbox 3293 3913 3549 3971; x_wconf 83' lang='lat' dir='ltr'><strong>tantum</strong></span> <span class='ocrx_word' id='word_1_669' title='bbox 3623 3902 3805 3971; x_wconf 89' lang='lat' dir='ltr'><strong>abest</strong></span> <span class='ocrx_word' id='word_1_670' title='bbox 3868 3910 3943 3969; x_wconf 91' lang='lat' dir='ltr'><strong>ut</strong></span> <span class='ocrx_word' id='word_1_671' title='bbox 4006 3903 4364 3988; x_wconf 84' lang='lat' dir='ltr'><strong>quidquam</strong></span> 
     </span>
     <span class='ocr_line' id='line_1_102' title="bbox 2417 3988 4361 4074; baseline -0.001 -16"><span class='ocrx_word' id='word_1_672' title='bbox 2417 4011 2632 4058; x_wconf 85' lang='lat' dir='ltr'><strong>vanae</strong></span> <span class='ocrx_word' id='word_1_673' title='bbox 2684 3991 3142 4060; x_wconf 88' lang='lat' dir='ltr'><strong>ostentationis</strong></span> <span class='ocrx_word' id='word_1_674' title='bbox 3197 4011 3355 4074; x_wconf 88' lang='lat' dir='ltr'><strong>prae</strong></span> <span class='ocrx_word' id='word_1_675' title='bbox 3395 4012 3468 4058; x_wconf 89' lang='lat' dir='ltr'><strong>se</strong></span> <span class='ocrx_word' id='word_1_676' title='bbox 3523 3990 3765 4057; x_wconf 91' lang='lat' dir='ltr'><strong>tulerit.</strong></span> <span class='ocrx_word' id='word_1_677' title='bbox 3852 3988 4136 4056; x_wconf 91' lang='lat' dir='ltr'><strong>Perinde</strong></span> <span class='ocrx_word' id='word_1_678' title='bbox 4184 3991 4361 4057; x_wconf 90' lang='lat' dir='ltr'><strong>enim</strong></span> 
     </span>
     <span class='ocr_line' id='line_1_103' title="bbox 2415 4075 4361 4156; baseline 0.001 -14"><span class='ocrx_word' id='word_1_679' title='bbox 2415 4077 2563 4156; x_wconf 89' lang='lat' dir='ltr'><strong>fuit,</strong></span> <span class='ocrx_word' id='word_1_680' title='bbox 2609 4097 2684 4144; x_wconf 90' lang='lat' dir='ltr'><strong>ac</strong></span> <span class='ocrx_word' id='word_1_681' title='bbox 2718 4078 2778 4144; x_wconf 89' lang='lat' dir='ltr'><strong>si</strong></span> <span class='ocrx_word' id='word_1_682' title='bbox 2813 4077 2995 4145; x_wconf 89' lang='lat' dir='ltr'><strong>ducis</strong></span> <span class='ocrx_word' id='word_1_683' title='bbox 3036 4098 3306 4143; x_wconf 89' lang='lat' dir='ltr'><strong>munere</strong></span> <span class='ocrx_word' id='word_1_684' title='bbox 3348 4097 3420 4143; x_wconf 90' lang='lat' dir='ltr'><strong>se</strong></span> <span class='ocrx_word' id='word_1_685' title='bbox 3460 4075 3768 4143; x_wconf 88' lang='lat' dir='ltr'><strong>abdicans</strong></span> <span class='ocrx_word' id='word_1_686' title='bbox 3801 4081 4009 4142; x_wconf 88' lang='lat' dir='ltr'><strong>totam</strong></span> <span class='ocrx_word' id='word_1_687' title='bbox 4052 4076 4361 4145; x_wconf 80' lang='lat' dir='ltr'><strong>victoriae</strong></span> 
     </span>
     <span class='ocr_line' id='line_1_104' title="bbox 2415 4160 4360 4241; baseline 0.002 -12"><span class='ocrx_word' id='word_1_688' title='bbox 2415 4162 2679 4230; x_wconf 88' lang='lat' dir='ltr'><strong>laudem</strong></span> <span class='ocrx_word' id='word_1_689' title='bbox 2759 4163 2831 4228; x_wconf 91' lang='lat' dir='ltr'><strong>in</strong></span> <span class='ocrx_word' id='word_1_690' title='bbox 2893 4164 3113 4230; x_wconf 91' lang='lat' dir='ltr'><strong>Deum</strong></span> <span class='ocrx_word' id='word_1_691' title='bbox 3170 4162 3685 4230; x_wconf 86' lang='lat' dir='ltr'><strong>transscriberct.</strong></span> <span class='ocrx_word' id='word_1_692' title='bbox 3774 4160 3992 4241; x_wconf 78' lang='lat' dir='ltr'><strong>Quam</strong></span> <span class='ocrx_word' id='word_1_693' title='bbox 4053 4161 4360 4233; x_wconf 89' lang='lat' dir='ltr'><strong>robustus</strong></span> 
     </span>
     <span class='ocr_line' id='line_1_105' title="bbox 2416 4246 4359 4335; baseline 0 -20"><span class='ocrx_word' id='word_1_694' title='bbox 2416 4258 2590 4316; x_wconf 90' lang='lat' dir='ltr'><strong>esset</strong></span> <span class='ocrx_word' id='word_1_695' title='bbox 2663 4248 2967 4329; x_wconf 91' lang='lat' dir='ltr'><strong>bellator,</strong></span> <span class='ocrx_word' id='word_1_696' title='bbox 3055 4270 3139 4316; x_wconf 90' lang='lat' dir='ltr'><strong>ex</strong></span> <span class='ocrx_word' id='word_1_697' title='bbox 3218 4249 3366 4317; x_wconf 88' lang='lat' dir='ltr'><strong>aliis</strong></span> <span class='ocrx_word' id='word_1_698' title='bbox 3424 4249 3582 4315; x_wconf 89' lang='lat' dir='ltr'><strong>locis</strong></span> <span class='ocrx_word' id='word_1_699' title='bbox 3656 4255 3852 4331; x_wconf 85' lang='lat' dir='ltr'><strong>patet.</strong></span> <span class='ocrx_word' id='word_1_700' title='bbox 3940 4246 4135 4313; x_wconf 85' lang='lat' dir='ltr'><strong>Nunc</strong></span> <span class='ocrx_word' id='word_1_701' title='bbox 4200 4269 4359 4335; x_wconf 88' lang='lat' dir='ltr'><strong>ergo</strong></span> 
     </span>
     <span class='ocr_line' id='line_1_106' title="bbox 2415 4331 4360 4418; baseline 0.001 -17"><span class='ocrx_word' id='word_1_702' title='bbox 2415 4335 2696 4402; x_wconf 90' lang='lat' dir='ltr'><strong>libenter</strong></span> <span class='ocrx_word' id='word_1_703' title='bbox 2750 4332 3095 4402; x_wconf 81' lang='lat' dir='ltr'><strong>defunctus</strong></span> <span class='ocrx_word' id='word_1_704' title='bbox 3152 4345 3331 4403; x_wconf 89' lang='lat' dir='ltr'><strong>esset</strong></span> <span class='ocrx_word' id='word_1_705' title='bbox 3380 4333 3775 4400; x_wconf 88' lang='lat' dir='ltr'><strong>militaribus</strong></span> <span class='ocrx_word' id='word_1_706' title='bbox 3832 4331 4099 4400; x_wconf 82' lang='lat' dir='ltr'><strong>officiis:</strong></span> <span class='ocrx_word' id='word_1_707' title='bbox 4161 4332 4360 4418; x_wconf 89' lang='lat' dir='ltr'><strong>idque</strong></span> 
     </span>
     <span class='ocr_line' id='line_1_107' title="bbox 2415 4419 4354 4505; baseline -0.001 -19"><span class='ocrx_word' id='word_1_708' title='bbox 2415 4421 2500 4487; x_wconf 85' lang='lat' dir='ltr'><strong>ad</strong></span> <span class='ocrx_word' id='word_1_709' title='bbox 2544 4419 3094 4487; x_wconf 88' lang='lat' dir='ltr'><strong>existimationem</strong></span> <span class='ocrx_word' id='word_1_710' title='bbox 3138 4441 3214 4487; x_wconf 89' lang='lat' dir='ltr'><strong>ac</strong></span> <span class='ocrx_word' id='word_1_711' title='bbox 3255 4419 3534 4505; x_wconf 86' lang='lat' dir='ltr'><strong>gloriam</strong></span> <span class='ocrx_word' id='word_1_712' title='bbox 3590 4420 3821 4485; x_wconf 85' lang='lat' dir='ltr'><strong>fuisset</strong></span> <span class='ocrx_word' id='word_1_713' title='bbox 3876 4419 4071 4504; x_wconf 84' lang='lat' dir='ltr'><strong>longe</strong></span> <span class='ocrx_word' id='word_1_714' title='bbox 4115 4420 4354 4503; x_wconf 89' lang='lat' dir='ltr'><strong>aptius.</strong></span> 
     </span>
     <span class='ocr_line' id='line_1_108' title="bbox 2414 4504 4355 4591; baseline -0.004 -14"><span class='ocrx_word' id='word_1_715' title='bbox 2414 4507 2622 4591; x_wconf 80' lang='lat' dir='ltr'><strong>Atqui</strong></span> <span class='ocrx_word' id='word_1_716' title='bbox 2678 4513 2993 4591; x_wconf 89' lang='lat' dir='ltr'><strong>tanquam</strong></span> <span class='ocrx_word' id='word_1_717' title='bbox 3051 4525 3252 4571; x_wconf 88' lang='lat' dir='ltr'><strong>manu</strong></span> <span class='ocrx_word' id='word_1_718' title='bbox 3295 4505 3377 4572; x_wconf 85' lang='lat' dir='ltr'><strong>ad</strong></span> <span class='ocrx_word' id='word_1_719' title='bbox 3421 4505 3679 4573; x_wconf 88' lang='lat' dir='ltr'><strong>hastam</strong></span> <span class='ocrx_word' id='word_1_720' title='bbox 3728 4504 4029 4588; x_wconf 88' lang='lat' dir='ltr'><strong>alligata,</strong></span> <span class='ocrx_word' id='word_1_721' title='bbox 4093 4512 4355 4571; x_wconf 90' lang='lat' dir='ltr'><strong>tantum</strong></span> 
     </span>
     <span class='ocr_line' id='line_1_109' title="bbox 2413 4590 4354 4674; baseline -0.002 -15"><span class='ocrx_word' id='word_1_722' title='bbox 2413 4593 2721 4659; x_wconf 86' lang='lat' dir='ltr'><strong>hortatur</strong></span> <span class='ocrx_word' id='word_1_723' title='bbox 2776 4612 2929 4659; x_wconf 86' lang='lat' dir='ltr'><strong>suos</strong></span> <span class='ocrx_word' id='word_1_724' title='bbox 2985 4590 3263 4671; x_wconf 89' lang='lat' dir='ltr'><strong>milites,</strong></span> <span class='ocrx_word' id='word_1_725' title='bbox 3326 4601 3401 4657; x_wconf 91' lang='lat' dir='ltr'><strong>ut</strong></span> <span class='ocrx_word' id='word_1_726' title='bbox 3467 4590 3536 4656; x_wconf 90' lang='lat' dir='ltr'><strong>in</strong></span> <span class='ocrx_word' id='word_1_727' title='bbox 3593 4591 3814 4657; x_wconf 91' lang='lat' dir='ltr'><strong>Deum</strong></span> <span class='ocrx_word' id='word_1_728' title='bbox 3870 4590 4085 4655; x_wconf 90' lang='lat' dir='ltr'><strong>solum</strong></span> <span class='ocrx_word' id='word_1_729' title='bbox 4147 4590 4354 4674; x_wconf 89' lang='lat' dir='ltr'><strong>respi-</strong></span> 
     </span>
     <span class='ocr_line' id='line_1_110' title="bbox 2413 4676 4353 4761; baseline -0.003 -15"><span class='ocrx_word' id='word_1_730' title='bbox 2413 4680 2608 4757; x_wconf 90' lang='lat' dir='ltr'><strong>ciant,</strong></span> <span class='ocrx_word' id='word_1_731' title='bbox 2674 4677 2783 4745; x_wconf 92' lang='lat' dir='ltr'><strong>cui</strong></span> <span class='ocrx_word' id='word_1_732' title='bbox 2846 4676 3138 4761; x_wconf 86' lang='lat' dir='ltr'><strong>resignat</strong></span> <span class='ocrx_word' id='word_1_733' title='bbox 3206 4676 3434 4759; x_wconf 90' lang='lat' dir='ltr'><strong>proelii</strong></span> <span class='ocrx_word' id='word_1_734' title='bbox 3513 4696 3900 4744; x_wconf 88' lang='lat' dir='ltr'><strong>successum.</strong></span> <span class='ocrx_word' id='word_1_735' title='bbox 3999 4676 4353 4742; x_wconf 85' lang='lat' dir='ltr'><strong>Caeterum</strong></span> 
     </span>
     <span class='ocr_line' id='line_1_111' title="bbox 2412 4760 4350 4846; baseline -0.002 -17"><span class='ocrx_word' id='word_1_736' title='bbox 2412 4764 2506 4829; x_wconf 88' lang='lat' dir='ltr'><strong>ita</strong></span> <span class='ocrx_word' id='word_1_737' title='bbox 2546 4762 2839 4830; x_wconf 79' lang='lat' dir='ltr'><strong>feriando</strong></span> <span class='ocrx_word' id='word_1_738' title='bbox 2878 4763 3029 4846; x_wconf 91' lang='lat' dir='ltr'><strong>plus</strong></span> <span class='ocrx_word' id='word_1_739' title='bbox 3129 4762 3356 4829; x_wconf 84' lang='lat' dir='ltr'><strong>refecit</strong></span> <span class='ocrx_word' id='word_1_740' title='bbox 3409 4782 3604 4846; x_wconf 89' lang='lat' dir='ltr'><strong>quam</strong></span> <span class='ocrx_word' id='word_1_741' title='bbox 3650 4762 3707 4828; x_wconf 87' lang='lat' dir='ltr'><strong>si</strong></span> <span class='ocrx_word' id='word_1_742' title='bbox 3748 4780 4019 4845; x_wconf 89' lang='lat' dir='ltr'><strong>magnos</strong></span> <span class='ocrx_word' id='word_1_743' title='bbox 4063 4760 4350 4827; x_wconf 89' lang='lat' dir='ltr'><strong>hostium</strong></span> 
     </span>
     <span class='ocr_line' id='line_1_112' title="bbox 2411 4845 4352 4931; baseline -0.002 -15"><span class='ocrx_word' id='word_1_744' title='bbox 2411 4869 2679 4916; x_wconf 81' lang='lat' dir='ltr'><strong>acervos</strong></span> <span class='ocrx_word' id='word_1_745' title='bbox 2765 4846 2922 4917; x_wconf 90' lang='lat' dir='ltr'><strong>hinc</strong></span> <span class='ocrx_word' id='word_1_746' title='bbox 3007 4849 3078 4913; x_wconf 91' lang='lat' dir='ltr'><strong>in</strong></span> <span class='ocrx_word' id='word_1_747' title='bbox 3124 4868 3161 4913; x_wconf 91' lang='lat' dir='ltr'><strong>c</strong></span> <span class='ocrx_word' id='word_1_748' title='bbox 3238 4869 3440 4915; x_wconf 91' lang='lat' dir='ltr'><strong>manu</strong></span> <span class='ocrx_word' id='word_1_749' title='bbox 3525 4854 3947 4931; x_wconf 85' lang='lat' dir='ltr'><strong>prostrasset,</strong></span> <span class='ocrx_word' id='word_1_750' title='bbox 4031 4845 4352 4931; x_wconf 91' lang='lat' dir='ltr'><strong>simulque</strong></span> 
     </span>
     <span class='ocr_line' id='line_1_113' title="bbox 2411 4930 4090 5019; baseline -0.004 -17"><span class='ocrx_word' id='word_1_751' title='bbox 2411 4935 2554 5002; x_wconf 89' lang='lat' dir='ltr'><strong>eius</strong></span> <span class='ocrx_word' id='word_1_752' title='bbox 2595 4934 2805 5001; x_wconf 87' lang='lat' dir='ltr'><strong>otium</strong></span> <span class='ocrx_word' id='word_1_753' title='bbox 2847 4933 3138 5017; x_wconf 90' lang='lat' dir='ltr'><strong>qualibet</strong></span> <span class='ocrx_word' id='word_1_754' title='bbox 3180 4934 3471 5019; x_wconf 86' lang='lat' dir='ltr'><strong>agilitate</strong></span> <span class='ocrx_word' id='word_1_755' title='bbox 3513 4931 3902 4999; x_wconf 89' lang='lat' dir='ltr'><strong>laudabilius</strong></span> <span class='ocrx_word' id='word_1_756' title='bbox 3945 4930 4090 4996; x_wconf 86' lang='lat' dir='ltr'><strong>fuit.</strong></span> 
     </span>
    </p>

    <p class='ocr_par' dir='ltr' id='par_1_16' title="bbox 2408 5016 4348 5450">
     <span class='ocr_line' id='line_1_114' title="bbox 2580 5016 4348 5102; baseline -0.003 -15"><span class='ocrx_word' id='word_1_757' title='bbox 2580 5020 2685 5088; x_wconf 82' lang='lat'><strong>29.</strong></span> <span class='ocrx_word' id='word_1_758' title='bbox 2887 5038 2983 5086; x_wconf 81' lang='lat' dir='ltr'><strong>em</strong></span> <span class='ocrx_word' id='word_1_759' title='bbox 3034 5018 3146 5086; x_wconf 65' lang='grc' dir='ltr'><strong>Δι’.</strong></span> <span class='ocrx_word' id='word_1_760' title='bbox 3235 5018 3627 5102; x_wconf 81' lang='lat' dir='ltr'><strong>Quanquam</strong></span> <span class='ocrx_word' id='word_1_761' title='bbox 3678 5016 3937 5082; x_wconf 86' lang='lat' dir='ltr'><strong>videtur</strong></span> <span class='ocrx_word' id='word_1_762' title='bbox 3991 5016 4061 5081; x_wconf 89' lang='lat' dir='ltr'><strong>in</strong></span> <span class='ocrx_word' id='word_1_763' title='bbox 4124 5035 4348 5102; x_wconf 88' lang='lat' dir='ltr'><strong>regem</strong></span> 
     </span>
     <span class='ocr_line' id='line_1_115' title="bbox 2408 5101 4344 5190; baseline -0.003 -16"><span class='ocrx_word' id='word_1_764' title='bbox 2408 5106 2607 5174; x_wconf 79' lang='lat' dir='ltr'><strong>fiiisse</strong></span> <span class='ocrx_word' id='word_1_765' title='bbox 2650 5125 2960 5190; x_wconf 80' lang='lat' dir='ltr'><strong>asperior,</strong></span> <span class='ocrx_word' id='word_1_766' title='bbox 3005 5113 3083 5171; x_wconf 90' lang='lat' dir='ltr'><strong>ut</strong></span> <span class='ocrx_word' id='word_1_767' title='bbox 3114 5106 3338 5190; x_wconf 89' lang='lat' dir='ltr'><strong>populi</strong></span> <span class='ocrx_word' id='word_1_768' title='bbox 3375 5105 3523 5171; x_wconf 86' lang='lat' dir='ltr'><strong>odia</strong></span> <span class='ocrx_word' id='word_1_769' title='bbox 3555 5102 3884 5187; x_wconf 87' lang='lat' dir='ltr'><strong>expleret:</strong></span> <span class='ocrx_word' id='word_1_770' title='bbox 3924 5101 4089 5167; x_wconf 89' lang='lat' dir='ltr'><strong>mihi</strong></span> <span class='ocrx_word' id='word_1_771' title='bbox 4124 5109 4344 5168; x_wconf 88' lang='lat' dir='ltr'><strong>tamen</strong></span> 
     </span>
     <span class='ocr_line' id='line_1_116' title="bbox 2410 5186 4348 5276; baseline -0.002 -18"><span class='ocrx_word' id='word_1_772' title='bbox 2410 5191 2685 5260; x_wconf 88' lang='lat' dir='ltr'><strong>dubium</strong></span> <span class='ocrx_word' id='word_1_773' title='bbox 2750 5211 2882 5258; x_wconf 90' lang='lat' dir='ltr'><strong>non</strong></span> <span class='ocrx_word' id='word_1_774' title='bbox 2946 5201 3078 5270; x_wconf 86' lang='lat' dir='ltr'><strong>est,</strong></span> <span class='ocrx_word' id='word_1_775' title='bbox 3144 5193 3299 5276; x_wconf 89' lang='lat' dir='ltr'><strong>quin</strong></span> <span class='ocrx_word' id='word_1_776' title='bbox 3343 5191 3622 5257; x_wconf 91' lang='lat' dir='ltr'><strong>fideliter</strong></span> <span class='ocrx_word' id='word_1_777' title='bbox 3687 5187 3957 5271; x_wconf 88' lang='lat' dir='ltr'><strong>exsequi</strong></span> <span class='ocrx_word' id='word_1_778' title='bbox 4021 5186 4348 5255; x_wconf 87' lang='lat' dir='ltr'><strong>studuerit</strong></span> 
     </span>
     <span class='ocr_line' id='line_1_117' title="bbox 2408 5272 4345 5362; baseline -0.002 -17"><span class='ocrx_word' id='word_1_779' title='bbox 2408 5279 2538 5345; x_wconf 90' lang='lat' dir='ltr'><strong>Dei</strong></span> <span class='ocrx_word' id='word_1_780' title='bbox 2571 5276 2903 5345; x_wconf 90' lang='lat' dir='ltr'><strong>iudicium.</strong></span> <span class='ocrx_word' id='word_1_781' title='bbox 2972 5275 3205 5345; x_wconf 86' lang='lat' dir='ltr'><strong>Solent</strong></span> <span class='ocrx_word' id='word_1_782' title='bbox 3232 5275 3495 5362; x_wconf 89' lang='lat' dir='ltr'><strong>quidem</strong></span> <span class='ocrx_word' id='word_1_783' title='bbox 3529 5275 3809 5342; x_wconf 83' lang='lat' dir='ltr'><strong>victores</strong></span> <span class='ocrx_word' id='word_1_784' title='bbox 3842 5272 4103 5357; x_wconf 89' lang='lat' dir='ltr'><strong>regibus</strong></span> <span class='ocrx_word' id='word_1_785' title='bbox 4136 5275 4345 5358; x_wconf 89' lang='lat' dir='ltr'><strong>captis</strong></span> 
     </span>
     <span class='ocr_line' id='line_1_118' title="bbox 2409 5359 4345 5450; baseline -0.002 -19"><span class='ocrx_word' id='word_1_786' title='bbox 2409 5384 2707 5450; x_wconf 88' lang='lat' dir='ltr'><strong>parcere,</strong></span> <span class='ocrx_word' id='word_1_787' title='bbox 2772 5363 2925 5448; x_wconf 89' lang='lat' dir='ltr'><strong>quia</strong></span> <span class='ocrx_word' id='word_1_788' title='bbox 2987 5362 3231 5448; x_wconf 88' lang='lat' dir='ltr'><strong>aliquid</strong></span> <span class='ocrx_word' id='word_1_789' title='bbox 3297 5359 3733 5430; x_wconf 81' lang='lat' dir='ltr'><strong>venerationis</strong></span> <span class='ocrx_word' id='word_1_790' title='bbox 3796 5359 4061 5426; x_wconf 88' lang='lat' dir='ltr'><strong>trahere</strong></span> <span class='ocrx_word' id='word_1_791' title='bbox 4124 5381 4345 5428; x_wconf 90' lang='lat' dir='ltr'><strong>secum</strong></span> 
     </span>
    </p>

    <p class='ocr_par' dir='ltr' id='par_1_17' title="bbox 3829 5461 3931 5515">
     <span class='ocr_line' id='line_1_119' title="bbox 3829 5461 3931 5515; baseline 0 0"><span class='ocrx_word' id='word_1_792' title='bbox 3829 5461 3931 5515; x_wconf 78' lang='lat'><strong>31*</strong></span> 
     </span>
    </p>
   </div>
  </div>
 </body>
</html>
