5017 6142
345 463 350 467 ’
388 464 513 532 393

392 651 762 722 Subscribit
810 658 1027 719 autem
1071 652 1295 719 Moses
1351 651 1665 720 vaticinio
1720 651 1916 719 Iacob
1931 702 1950 732 ,
2007 653 2117 737 qui
2175 651 2344 718 dixit

391 739 685 807 zebulon
750 737 1200 805 habitaturum
1260 739 1331 803 in
1398 748 1591 822 portu
1649 738 1882 817 maris,
1949 747 2024 804 ut
2076 740 2343 823 naviget

390 833 796 893 mercaturae
853 843 1076 890 causa:
1132 823 1438 891 Issachar
1491 844 1685 904 vero,
1740 824 1893 908 quia
1941 825 2152 909 magis
2209 825 2343 891 otio

393 909 837 989 delectabitur,
875 909 1162 976 desidem
1198 910 1334 976 fore
1355 918 1421 976 et
1440 910 1778 994 ignavum,
1824 916 1897 974 ut
1927 908 2343 975 redimendae

393 998 572 1083 pacis
625 1016 853 1073 causa,
908 995 1230 1061 tributum
1285 994 1573 1079 pendere
1616 1016 1745 1061 non
1787 1003 2059 1061 recuset.
2149 994 2341 1076 Quod

395 1083 690 1166 sequitur
760 1079 1058 1146 additum
1122 1080 1460 1160 existimo,
1527 1101 1601 1148 ac
1660 1081 1716 1147 si
1775 1080 2050 1146 dixisset
2103 1080 2344 1160 Moses,

394 1170 686 1235 locorum
754 1166 1135 1232 distantiam
1199 1166 1533 1233 obstaculo
1598 1187 1729 1232 non
1792 1168 1932 1233 fore
1997 1166 2342 1250 quominus

396 1275 528 1320 una
571 1273 721 1320 cum
765 1251 912 1318 aliis
945 1251 1414 1337 lerosolymam
1459 1252 1903 1333 ascenderent,
1947 1251 2028 1317 ad
2070 1250 2344 1319 colenda

395 1339 657 1425 pietatis
722 1337 1054 1403 exercitia.
1151 1339 1322 1403 Nam
1392 1358 1518 1421 quo
1599 1339 1982 1404 remotiores
2047 1344 2239 1403 erant
2302 1357 2342 1401 a

394 1424 672 1509 templo,
715 1424 954 1508 frigere
997 1423 1172 1508 apud
1217 1444 1328 1489 eos
1369 1430 1626 1507 poterat
1669 1423 1901 1509 legalis
1944 1423 2161 1489 cultus
2200 1431 2341 1488 stu-

394 1511 597 1577 dium.
687 1507 1006 1590 Quamvis
1048 1529 1204 1593 ergo
1245 1509 1313 1574 in
1371 1509 1686 1575 extremis
1728 1509 1968 1575 finibus
2025 1508 2342 1587 habitent,

396 1597 555 1662 dicit
586 1595 807 1661 Moses
851 1601 1165 1661 venturos
1201 1594 1631 1662 nihilominus
1667 1604 1740 1660 ut
1776 1595 1918 1661 Deo
1955 1595 2338 1661 sacrificent.

395 1683 528 1747 Per
583 1680 856 1764 populos
911 1678 1174 1763 quidam
1230 1680 1609 1764 intelligunt
1666 1681 1829 1747 alias
1874 1680 2111 1746 tribus:
2171 1678 2340 1763 quod

394 1768 669 1833 minime
735 1773 1251 1832 consentaneum
1315 1766 1607 1834 videtur:
1688 1766 1797 1831 alii
1867 1787 2018 1832 vero
2083 1774 2343 1831 exteras

395 1861 660 1940 genws,
704 1850 790 1918 ad
831 1872 994 1933 quas
1038 1871 1367 1917 accessum
1414 1850 1656 1918 dabant
1701 1852 2107 1918 commercia.
2197 1851 2342 1934 Ego

393 1959 554 2007 vero
594 1936 976 2021 simpliciter
1017 1937 1442 2020 interpretor,
1488 1939 1787 2020 quamvis
1830 1938 2085 2004 itineris
2126 1936 2342 2019 longi-

392 2024 557 2090 tudo
591 2023 863 2090 suadeat
897 2021 1073 2087 domi
1106 2025 1460 2105 quiescere,
1497 2045 1568 2089 se
1593 2032 1814 2089 tamen
1849 2030 2078 2088 mutuo
2114 2021 2340 2088 cohor-

394 2119 678 2189 taturos,
735 2116 807 2174 ut
850 2108 919 2172 in
963 2108 1221 2194 magnis
1263 2110 1543 2176 catervis
1587 2110 1669 2175 ad
1713 2110 2027 2192 templum
2070 2129 2142 2174 se
2185 2127 2339 2172 con-

393 2198 625 2261 ferant.
718 2191 906 2260 Finis
972 2214 1204 2260 versus
1267 2202 1485 2278 potest
1541 2215 1682 2261 esse
1738 2215 1970 2262 causae
2035 2193 2339 2259 redditio:

394 2281 585 2365 quasi
620 2278 866 2346 dictum
902 2287 1092 2360 esset,
1136 2301 1211 2345 eo
1245 2281 1457 2365 magis
1492 2288 1772 2347 attentos
1806 2282 1943 2346 fore
1977 2280 2057 2346 ad
2095 2279 2340 2345 cultum

393 2368 543 2447 Dei,
588 2367 744 2450 quia
785 2365 868 2430 ab
905 2366 1047 2449 ipso
1093 2365 1489 2449 locupletati,
1540 2366 1889 2433 studebant
1930 2365 2189 2431 laudem
2236 2386 2341 2429 re-

391 2454 587 2518 ferre.
676 2453 767 2517 Et
821 2462 998 2517 certe
1050 2450 1280 2517 foedae
1331 2452 1828 2538 ingratitudinis
1893 2452 2156 2536 signum
2221 2456 2340 2528 est,

392 2559 528 2604 non
563 2536 889 2603 stimulari
925 2536 1057 2602 Dei
1091 2538 1437 2618 beneficiis,
1484 2547 1558 2604 ut
1592 2559 1718 2621 quo
1753 2537 2086 2603 liberalius
2130 2534 2342 2601 nobis·

392 2645 550 2690 cum
587 2623 743 2708 agit,
778 2622 1057 2689 alacrius
1080 2623 1410 2689 enitamur
1431 2624 1512 2689 ad
1546 2623 1944 2689 reddendam
1981 2623 2342 2706 gratiarum

391 2711 738 2777 actionem.
827 2707 1046 2774 Simul
1104 2708 1291 2774 docet
1332 2710 1553 2776 Moses
1608 2710 1881 2775 minime
1929 2708 2060 2774 illis
2105 2727 2340 2793 graves

389 2796 533 2862 fore
586 2793 840 2860 itineris
897 2802 1202 2877 sumptus
1242 2796 1314 2859 in
1370 2796 1628 2882 magnis
1679 2795 1928 2879 opibus.
2018 2792 2341 2875 Quamvis

388 2882 572 2947 enim
628 2901 761 2945 non
817 2878 978 2945 adeo
1043 2881 1310 2965 pinguis
1369 2890 1541 2948 esset
1604 2882 1820 2966 regio:
1886 2881 2052 2947 situs
2119 2888 2339 2945 tamen

387 2966 587 3033 valde
636 2964 1019 3033 commodus
1075 2974 1216 3032 erat
1271 2967 1352 3033 ad
1400 2967 1580 3050 ipsos
1638 2964 2146 3050 locupletandos.
2235 2964 2341 3029 Ita

388 3052 499 3119 hic
546 3052 658 3118 ubi
710 3050 975 3117 dicitur:
1040 3049 1297 3136 Sugent
1353 3054 1555 3120 maris
1613 3052 2049 3129 affluentiam,
2101 3050 2338 3118 subau-

388 3137 633 3205 dienda
676 3144 778 3203 est
819 3136 1166 3204 antithesis
1200 3138 1372 3203 inter
1413 3139 1663 3206 fructus
1697 3158 2022 3224 agrorum,
2066 3144 2137 3202 et
2168 3134 2338 3201 mul·

388 3225 649 3309 tiplices
701 3233 1064 3306 proventus
1120 3244 1203 3288 ex
1261 3224 1678 3292 mercaturis:
1747 3224 1972 3290 eodem
2037 3228 2340 3306 spectant

388 3309 715 3377 reconditi
790 3308 1086 3375 thesauri
1151 3329 1408 3377 arenae.
1516 3310 1686 3376 Nam
1752 3308 1922 3395 quod
1998 3315 2339 3392 exponunt

388 3395 680 3481 quidam,
723 3403 942 3460 tantos
985 3394 1116 3461 illis
1159 3395 1293 3461 fore
1338 3396 1695 3477 thesauros,
1753 3403 1828 3462 ut
1870 3395 2227 3461 recondant
2270 3393 2340 3457 in

389 3501 622 3549 arena:
670 3480 784 3546 alii
828 3500 1015 3561 vero,
1060 3501 1291 3548 arenas
1336 3484 1468 3549 illio
1511 3484 1653 3548 auri
1689 3490 1757 3548 et
1791 3482 2049 3565 argenti
2093 3481 2341 3545 feraces

388 3569 570 3634 fore:
613 3567 745 3647 alii,
787 3567 1169 3633 collecturos
1212 3588 1376 3651 quae
1419 3589 1600 3633 mare
1644 3577 1918 3646 evomet,
1977 3564 2340 3650 insipidum

388 3663 515 3721 est.
605 3651 829 3733 Quum
893 3672 1049 3737 ergo
1115 3654 1229 3719 alii
1291 3674 1375 3719 ex
1440 3654 1576 3720 suis
1640 3654 1862 3719 fundis
1928 3652 2340 3729 ditescerent,

389 3739 713 3807 concinna
745 3740 959 3823 figura
993 3738 1150 3804 dicit
1179 3739 1416 3819 Moses,
1462 3760 1695 3805 arenas
1729 3740 1800 3804 in
1835 3746 2013 3803 terra
2046 3736 2341 3802 Zabulon

386 3827 670 3893 refertas
712 3845 855 3892 esse
888 3823 1159 3891 occultis
1200 3826 1545 3905 thesauris,
1593 3833 1862 3910 propter
1903 3823 2339 3890 adventitium

434 3920 755 3978 uaestum.

389 3933 433 3997 q
567 3997 673 4062 20.
741 3996 829 4063 Et
882 3996 969 4062 ad
1017 3995 1164 4063 aad
1215 3997 1398 4063 dimit.
1488 3995 1571 4062 In
1629 3996 2078 4064 benedictione
2134 3993 2343 4060 tribus

392 4082 549 4152 Gad
602 4093 865 4148 tantum
907 4084 982 4147 fit
1026 4084 1271 4149 mentio
1312 4082 1519 4166 partis
1574 4082 2084 4160 haereditariae,
2144 4099 2341 4165 qnam

391 4171 518 4237 ade
564 4178 674 4235 tus
714 4169 934 4234 fuerat
977 4181 1165 4234 extra
1213 4178 1476 4235 sortem.
1563 4167 1694 4234 Dei
1739 4189 1895 4252 ergo
1951 4166 2343 4235 beneficium

389 4257 507 4322 lau
552 4267 651 4321 at:
709 4256 864 4340 quia
907 4254 1168 4322 Gaditis
1225 4255 1506 4339 amplam
1564 4254 2032 4321 habitationem
2076 4272 2341 4320 conces-

390 4342 583 4410 serit:
634 4340 909 4409 verbum
962 4342 1137 4406 enim
1183 4339 1525 4407 Dilatandi
1566 4340 1648 4405 ad
1693 4351 1908 4406 terrae
1966 4338 2343 4422 amplitudi-

387 4448 548 4495 nem
601 4426 899 4494 refertur.
986 4427 1338 4494 Caeterum
1397 4426 1703 4510 quoniam
1748 4428 1816 4491 in
1860 4425 1976 4491 illa
2033 4424 2342 4490 extremi-

391 4522 535 4581 tate
568 4520 755 4579 trans
788 4513 1141 4580 Iordanem
1187 4512 1484 4579 hostibus
1520 4512 1721 4579 vicini
1755 4519 1962 4593 erant,
2008 4510 2343 4577 bellicosos

388 4602 537 4667 fore
591 4600 1020 4683 pronunciat:
1077 4606 1145 4665 et
1199 4599 1321 4664 hoo
1380 4619 1578 4664 sensu
1636 4604 1974 4681 comparat
2020 4619 2130 4664 eos
2169 4594 2343 4662 leoni

436 4686 513 4750 ui
567 4685 878 4769 praedam
935 4685 1110 4770 rapit
1153 4705 1326 4751 nunc
1370 4705 1411 4750 a
1452 4683 1696 4768 capite,
1755 4705 1930 4749 nuno
1975 4705 2014 4749 a
2057 4681 2340 4749 brachio.

389 4707 577 4855 Quia
631 4772 837 4856 igitur
879 4792 1011 4836 non
1056 4780 1191 4836 tam
1249 4779 1479 4854 pacata
1523 4776 1664 4835 erat
1704 4768 1818 4834 illa
1870 4768 2087 4850 sedes,
2147 4788 2346 4852 quam

390 4858 622 4942 aliqua
662 4857 794 4923 alia
840 4858 1020 4942 regio
1053 4858 1126 4922 in
1170 4855 1381 4922 medio
1425 4864 1639 4921 terrae
1676 4854 2014 4936 Obanaan,
2058 4862 2236 4922 tutos
2278 4861 2347 4920 et

390 4944 615 5012 salvos
672 4942 813 5010 fore
871 4944 1261 5028 pronunciat
1322 4963 1443 5009 sua
1507 4941 1835 5009 violentia.
1924 4941 2069 5007 Etsi
2124 4947 2343 5006 autem

392 5050 534 5096 non
575 5029 927 5095 admodum
970 5029 1143 5096 laeta
1177 5036 1277 5094 est
1318 5027 1633 5106 conditio,
1679 5028 1971 5093 exerceri
2015 5027 2346 5095 continuis

392 5115 616 5184 bellis:
673 5116 744 5181 in
786 5115 903 5181 illo
944 5123 1165 5180 tamen
1211 5113 1618 5181 incommodo
1656 5133 1791 5178 non
1835 5113 2205 5196 spernenda
2247 5121 2347 5179 est

392 5202 531 5269 Dei
584 5202 830 5287 gratia,
897 5201 1338 5269 formidabiles
1394 5219 1536 5266 esse
1593 5199 1920 5278 hostibus,
1978 5205 2047 5266 et
2100 5200 2346 5267 virtute

389 5288 676 5372 pollere,
719 5308 852 5372 qua
895 5308 1024 5353 non
1059 5285 1251 5352 modo
1295 5285 1619 5370 repellant
1660 5285 1963 5351 hostilem
2007 5285 2343 5368 impetum,

392 5373 518 5441 sed
574 5374 750 5440 ultro
802 5375 1147 5440 incurrant
1201 5371 1282 5439 ad
1339 5371 1667 5457 praedam.
1760 5370 1836 5439 Si
1895 5371 2039 5454 quis
2086 5370 2346 5439 obiiciat

1805 462 2212 533 REDITUS
2257 464 2386 531 AD
2429 462 2974 531 HISTORIAM.

4265 472 4395 538 394

2443 651 2742 736 rapiendi
2785 651 3117 719 licentiam
3163 650 3436 720 minime
3480 653 3708 720 decere
3749 654 3916 721 filios
3962 657 4109 739 Dei,
4154 659 4394 728 solutio

2447 737 2656 805 facilis
2716 746 2844 822 est,
2904 759 3037 803 non
3094 737 3200 805 hio
3259 738 3643 824 simpliciter
3694 742 3928 808 referri
3976 744 4131 828 quid
4180 746 4389 826 liceat,

2446 823 2601 907 quid
2638 822 2922 907 optabile
2967 824 3085 905 sit,
3128 823 3235 890 vel
3281 824 3475 891 laude
3519 825 3822 911 dignum,
3867 828 3982 894 sed
4025 839 4254 898 contra
4293 832 4393 899 in-

2445 930 2675 974 cursus
2718 918 2784 974 et
2827 910 3213 974 vexationes
3270 909 3558 975 hostium
3601 914 3876 997 proponi
3933 916 4240 983 solatium
4278 919 4388 984 de-

2443 995 2774 1061 fensionis.
2864 994 2972 1060 Ad
3018 995 3182 1062 haec
3224 1016 3359 1060 non
3405 997 3699 1081 permitti
3740 1000 4101 1081 praedandi
4142 1002 4389 1088 cupidi·

2445 1079 2688 1145 datem:
2754 1080 2866 1145 sed
2928 1090 3184 1146 tantum
3240 1080 3496 1147 laudari
3539 1084 3737 1150 robur
3779 1085 4067 1152 militare
4111 1087 4193 1154 ad
4240 1091 4389 1156 vin·

2444 1166 2703 1232 cendos
2732 1166 2970 1232 hostes.

2616 1252 2720 1317 21.
2778 1251 2870 1317 Et
2902 1252 3063 1318 vidit
3093 1253 3504 1337 principium.
3571 1252 3707 1319 Alii
3743 1276 3874 1320 non
3913 1258 4082 1324 male
4117 1268 4392 1327 vertunt

2442 1337 2810 1404 Primitias:
2894 1336 3061 1422 quod
3140 1338 3590 1423 Hieronymus
3670 1342 3866 1407 vertit
3920 1344 4391 1429 Principatum,

2443 1443 2715 1506 prorsus
2756 1431 3081 1489 remotum
3125 1432 3242 1489 est.
3308 1424 3568 1490 Nomen
3615 1430 3832 1492 tamen
3874 1430 4177 1513 principii
4222 1430 4386 1498 bene

2445 1509 2780 1593 convenit,
2837 1529 2963 1592 quo
3019 1509 3348 1594 significat
3389 1511 3609 1577 Moses
3653 1532 3762 1577 eos
3821 1517 4271 1595 antevertisse,
4315 1524 4389 1583 ut

2443 1594 2571 1661 sibi
2605 1594 2819 1660 locum
2848 1592 3185 1660 habitandi
3222 1604 3610 1679 quaererent
3645 1596 3945 1665 Gaditae.
4014 1605 4388 1686 Antequam

2444 1680 2622 1745 enim
2666 1680 2905 1763 populo
2949 1678 3102 1746 data
3145 1689 3316 1746 esset
3356 1682 3675 1764 possessio
3720 1691 3951 1765 terrae,
3996 1687 4117 1754 sibi
4161 1697 4389 1772 postu-

2442 1765 2672 1831 larunt
2756 1787 3032 1850 regnum
3107 1765 3302 1843 Seon.
3392 1768 3632 1834 Postea
3717 1768 3980 1836 additur
4066 1774 4387 1856 quomodo

2443 1849 2703 1935 providi
2757 1851 3008 1918 fuerint
3064 1851 3134 1915 in
3189 1852 3491 1936 eligendo
3547 1853 3682 1920 illic
3734 1855 4091 1923 domicilio:
4151 1880 4387 1944 nempe

2444 1938 2598 2021 quia
2641 1938 2824 2003 Deus
2877 1936 3008 2003 illis
3060 1940 3412 2022 suggessit,
3467 1938 3538 2004 in
3582 1939 3850 2007 arbitrio
3894 1942 4099 2009 Mosis
4140 1945 4277 2012 fore
4314 1956 4390 2011 ut

2440 2023 2602 2106 ipsis
2637 2044 2712 2088 ea
2745 2044 2898 2106 pars
2941 2021 3450 2090 distribueretur.
3506 2024 3732 2091 Portio
3776 2029 3951 2092 enim
3995 2028 4391 2114 legislatoris

2443 2117 2716 2176 vocatur
2760 2109 2839 2175 de
2884 2128 3012 2193 qua
3053 2108 3196 2176 iure
3239 2109 3453 2192 potuit
3494 2110 3713 2176 Moses
3760 2112 4137 2180 decernere:
4197 2116 4389 2183 sicuti

2444 2215 2588 2260 eam
2656 2215 2786 2259 non
2853 2203 3130 2273 temere,
3199 2216 3319 2261 nec
3385 2195 3578 2261 aliter
3641 2218 3836 2280 quam
3892 2198 4020 2265 Dei
4081 2201 4388 2268 mandato

2444 2280 2810 2364 assignavit
2845 2279 3125 2347 Gaditis.
3207 2281 3429 2346 Portio
3465 2290 3685 2347 autem
3722 2283 3957 2349 dicitur
3991 2285 4388 2367 abscondita,

2443 2386 2639 2451 quam
2676 2366 2863 2433 Deus
2904 2365 2978 2429 in
3021 2386 3142 2432 sua
3184 2366 3614 2451 promissione
3650 2369 4030 2453 complexus
4075 2393 4208 2437 non
4252 2374 4392 2438 fue-

2443 2459 2565 2518 rat.
2656 2449 2934 2517 Summa
2975 2459 3106 2530 est,
3164 2453 3466 2534 quamvis
3510 2452 3801 2519 nondum
3845 2456 4171 2538 patefacta
4216 2468 4392 2524 esset

2442 2539 2571 2605 Dei
2608 2537 2932 2619 voluntas,
2967 2535 3180 2621 quoad
3202 2538 3384 2604 illam
3419 2546 3637 2606 terrae
3682 2541 4134 2623 accessionem,
4171 2551 4395 2610 tamen

2444 2622 2701 2691 occulta
2763 2625 2902 2688 eius
2966 2622 3360 2690 liberalitate
3428 2626 3671 2710 potitos
3749 2647 3910 2693 esse.
4014 2626 4234 2711 Atque
4299 2630 4393 2696 ita

2444 2718 2664 2776 ratum
2707 2710 2857 2776 vult
2900 2709 3118 2775 Moses
3162 2729 3304 2774 esse
3341 2732 3531 2775 suum
3578 2711 3946 2792 decretum,
3991 2721 4066 2778 ut
4106 2713 4391 2781 Gaditae

2446 2805 2631 2862 trans
2695 2796 3043 2861 Iordanem
3108 2805 3447 2875 maneant,
3520 2795 3758 2880 alioqui
3824 2799 4074 2865 moveri
4133 2809 4393 2882 poterat

2446 2880 2917 2949 controversia:
2974 2881 3124 2965 quia
3181 2879 3310 2947 Dei
3366 2882 3710 2964 promissio
3764 2884 3928 2950 fines
3975 2885 4096 2950 toti
4146 2887 4388 2971 populo

2444 2969 2896 3051 assignaverat
2938 2966 3011 3031 in
3054 2965 3337 3033 citeriori
3383 2967 3542 3051 ripa.
3634 2966 3826 3048 Quod
3870 2969 3981 3035 alii
4036 2983 4394 3054 exponunt,

2445 3054 2679 3120 Mosen
2739 3053 2941 3118 fuisse
2986 3052 3093 3117 hic
3144 3052 3508 3136 sepultum,
3565 3053 3875 3137 frigidum
3919 3065 4035 3121 est.
4125 3056 4395 3124 Violen-

2444 3141 2581 3205 tius
2644 3139 2841 3204 etiam
2919 3138 3119 3203 verba
3196 3146 3504 3222 torquent
3593 3141 3704 3223 qui
3767 3160 3885 3223 per
3949 3141 4390 3225 legislatorem

2443 3224 2824 3309 intelligunt
2887 3243 3184 3307 proceres
3253 3223 3832 3304 Amorrhaeorum,
3901 3234 3967 3291 et
4020 3229 4389 3310 portionem

2443 3320 2685 3378 tectam
2746 3310 3269 3395 interpretantur
3310 3310 3646 3393 Laqueata
3699 3312 3958 3394 palatia.
4047 3313 4186 3381 Nec
4231 3335 4388 3380 vero

2442 3398 2516 3462 in
2573 3395 2813 3462 talibus
2866 3397 3250 3462 commentis
3298 3396 3523 3481 vagati
3567 3406 3814 3477 essent,
3862 3397 3919 3463 si
3971 3399 4040 3463 in
4099 3410 4387 3465 mentem

2442 3482 2577 3548 illis
2638 3483 2924 3548 venisset
2975 3481 3301 3566 genuinus
3361 3502 3593 3547 sensus
3646 3503 3838 3566 quem
3905 3484 4115 3549 attuli.
4206 3486 4390 3550 Alte-

2440 3590 2590 3634 rum
2655 3568 3021 3634 membrum
3084 3588 3349 3645 versus,
3417 3569 3845 3634 restrictionis
3905 3569 4045 3636 vice
4104 3571 4387 3655 ponitur.

2441 3652 2655 3720 Docet
2699 3654 2874 3719 enim
2917 3653 3136 3718 Moses
3172 3653 3298 3718 hao
3331 3653 3476 3739 lege
3520 3654 3684 3719 bene
3728 3662 4137 3739 prospectum
4185 3655 4389 3722 fuisse

2441 3739 2595 3806 filiis
2640 3739 2819 3818 Gad,
2866 3745 2938 3805 ut
2983 3747 3200 3805 tamen
3252 3738 3412 3804 alias
3459 3740 3667 3805 tribus
3715 3740 4210 3820 comitarentur,
4269 3764 4389 3810 nec

2442 3833 2598 3892 ante
2643 3824 2907 3890 domum
2961 3824 3250 3890 redirent
3296 3844 3491 3907 quam
3550 3833 3780 3909 pacata
3827 3833 4006 3891 terra
4051 3824 4390 3910 Chanaan,

2442 3918 2511 3977 et
2576 3912 2937 3996 profligatis
3001 3909 3315 3976 hostibus.
3432 3911 3520 3977 Et
3585 3919 3737 3977 ante
3802 3911 4114 3990 vidimus,
4186 3934 4389 3996 quum

2444 3996 2568 4063 sibi
2623 4003 2815 4063 extra
2864 4003 3107 4063 sortem
3164 3996 3375 4061 locum
3419 3997 3490 4060 in
3541 3995 3786 4062 ditione
3833 3998 4391 4065 Amorrhaeorum

2444 4090 2858 4169 appeterent,
2919 4101 3145 4148 severe
3189 4103 3228 4147 a
3269 4081 3454 4148 Mose
3496 4080 3699 4149 fuisse
3744 4083 4123 4166 castigatos,
4185 4083 4391 4151 donee

2442 4169 2716 4253 polliciti
2763 4174 2923 4234 sunt
2979 4188 3050 4233 se
3104 4166 3242 4233 fore
3297 4168 3449 4234 belli
3506 4168 3710 4234 socios
3764 4189 3972 4252 usque
4029 4168 4112 4234 ad
4165 4171 4385 4237 finem.

2442 4255 2525 4320 Id
2567 4254 2879 4339 intelligit
2911 4254 3130 4320 Moses
3173 4273 3291 4337 per
3319 4253 3567 4319 Facere
3609 4254 3927 4320 iustitiam
3965 4260 4031 4319 et
4070 4254 4390 4322 iudicium

2442 4340 2572 4406 Dei
2637 4361 2784 4407 cum
2842 4338 3120 4406 Israele:
3186 4359 3319 4404 non
3386 4347 3643 4404 tantum
3701 4340 3852 4422 quia
3911 4359 4189 4425 aequum
4249 4351 4392 4408 erat

2443 4426 2686 4494 bellare
2741 4446 2892 4492 cum
2947 4424 3281 4505 fratribus,
3340 4432 3404 4489 et
3447 4424 3775 4491 adiutores
3815 4446 3957 4491 esse
4002 4426 4085 4491 ad
4144 4433 4391 4492 terram

2445 4511 2940 4597 acquirendam:
3000 4510 3112 4576 sed
3171 4511 3324 4593 quia
3369 4509 3448 4575 de
3491 4511 3781 4593 profanis
3824 4520 3888 4577 et
3946 4511 4167 4594 impiis
4218 4533 4382 4596 gen-

2445 4601 2621 4666 tibus
2685 4596 3045 4664 vindictam
3108 4616 3299 4662 suam
3343 4596 3612 4680 exsequi
3665 4603 3988 4663 statuerat
4029 4596 4216 4662 Deus
4272 4618 4391 4680 per

2443 4693 2660 4752 totum
2704 4683 3035 4763 Israelem,
3082 4690 3150 4747 et
3192 4681 3621 4748 communiter
3664 4703 3891 4749 omnes
3926 4682 4137 4748 tribus
4181 4681 4389 4767 elege-

2444 4779 2550 4838 rat
2591 4768 2814 4835 iudicii
2860 4769 2963 4835 sui
3007 4766 3375 4834 ministras:
3431 4767 3627 4834 sicuti
3671 4769 3742 4832 in
3781 4767 4046 4833 Psalmo
4091 4765 4276 4852 (149,
4322 4767 4390 4855 7)

2447 4857 2718 4935 dicitur,
2766 4854 3144 4919 mandatam
3188 4853 3316 4920 illis
3360 4875 3500 4920 esse
3544 4853 3903 4921 vindictam
3946 4854 4020 4916 in
4062 4854 4387 4937 gentibus,

2445 4964 2521 5010 ac
2563 4961 2754 5026 reges
2796 4940 3041 5005 catenis
3097 4938 3506 5017 vinciendos,
3566 4947 3634 5003 et
3675 4959 3975 5022 proceres
4016 4938 4089 5002 in
4133 4960 4389 5023 compe-

2443 5028 2650 5107 dibus,
2696 5024 3182 5110 exsequendum
3227 5024 3542 5092 iudicium
3586 5026 3918 5108 scriptum.
4008 5023 4170 5089 Fuit
4212 5028 4389 5092 enim

2444 5136 2580 5181 non
2621 5111 2914 5197 vulgaris
2951 5112 3177 5191 honor,
3221 5112 3484 5195 praefici
3528 5111 3746 5194 impiis
3782 5108 3968 5194 quasi
4011 5108 4273 5193 iudices,
4317 5119 4391 5177 ut
4471 5144 4476 5149 ·

2443 5201 2574 5267 illis
2618 5198 2920 5264 omnibus
2965 5197 3192 5263 deletis
3237 5206 3479 5263 terram
3523 5203 3901 5279 purgarent.

2616 5285 2719 5350 22.
2787 5284 2898 5350 Ad
2939 5282 3097 5349 Dan
3143 5284 3326 5350 dixit.
3416 5282 3688 5348 Tribum
3735 5282 3926 5359 Dan,
3981 5280 4174 5347 sicuti
4219 5281 4389 5364 Gad,

2445 5371 2820 5439 bellicosam
2885 5369 3024 5435 fore
3104 5369 3525 5454 pronunciat,
3604 5387 3731 5434 non
3814 5376 3948 5433 tam
4023 5368 4390 5435 voluntario
