5017 6142
418 453 542 521 357

592 644 648 708 1.
695 640 1077 711 Muscodtate
1116 644 1283 712 coeli.
1348 643 1705 729 Magnifice
1746 646 2083 731 praefatur
2126 649 2365 730 Moses,

416 749 502 794 ne
544 727 823 811 populus
865 729 1191 796 canticum
1233 750 1362 814 qua
1404 730 1653 797 solebat
1695 733 1999 816 superbia
2050 735 2360 816 fastidiat,

413 813 519 881 vel
584 816 782 880 etiam
841 817 1087 883 severis
1140 816 1701 900 obiurgationibus
1755 819 2141 905 probrisque
2204 842 2359 887 exa-

414 899 715 967 cerbatus
772 910 1054 985 respuat.
1146 900 1406 969 Scimus
1463 904 1638 969 enim
1697 911 1776 970 ut
1830 906 2121 972 mundus
2172 914 2362 973 natu-

414 986 645 1053 raliter
688 997 957 1070 appetat
999 986 1124 1054 sibi
1169 987 1427 1054 delitias
1468 990 1642 1070 fieri,
1688 1010 1808 1056 neo
1842 990 1982 1058 ulla
2025 993 2112 1058 sit
2154 991 2363 1060 dulcis

413 1072 743 1139 cantilena
776 1073 906 1139 nisi
938 1094 1105 1157 quae
1149 1094 1341 1141 aures
1385 1073 1684 1141 laudibus
1728 1077 1957 1143 titillat
1992 1097 2068 1143 ac
2111 1078 2362 1145 demul-

414 1168 535 1225 cet.
624 1157 755 1225 Hic
796 1167 1018 1225 autem
1064 1179 1198 1225 non
1242 1158 1433 1226 modo
1478 1161 1718 1228 acriter
1760 1163 2097 1230 invehitur
2141 1165 2362 1231 Moses
2402 1218 2408 1229 .

414 1244 488 1308 in
533 1242 699 1308 vitia
741 1244 1001 1329 populi,
1061 1245 1175 1312 sed
1220 1253 1462 1331 quanta
1503 1255 1720 1329 potest
1758 1248 2171 1315 vehementia
2214 1271 2362 1334 per-

415 1348 670 1396 versam
737 1329 878 1397 eius
937 1339 1275 1413 naturam,
1342 1333 1869 1416 corruptissimos
1933 1356 2149 1402 mores
2166 1387 2182 1417 ‚
2247 1336 2359 1403 ob·

413 1415 731 1481 stinatam
788 1415 1354 1501 ingratitudinem,
1408 1424 1477 1483 et
1516 1418 1838 1502 perditam
1883 1423 2360 1488 contumaciam

413 1501 724 1583 exagitat.
818 1501 1003 1568 Adde
1053 1503 1225 1587 quod
1267 1504 1430 1570 haec
1472 1505 1742 1587 probra,
1803 1507 2036 1590 quibus
2080 1508 2362 1575 detesta-

414 1586 547 1651 bile
602 1585 914 1653 reddebat
967 1609 1195 1655 eorum
1250 1610 1521 1671 nomen,
1581 1590 1789 1658 voluit
1847 1593 2131 1676 quotidie
2185 1614 2362 1660 reso-

413 1692 575 1738 nare
616 1672 688 1738 in
729 1673 1021 1758 ipsorum
1067 1675 1344 1760 linguis:
1404 1675 1577 1742 unde
1622 1678 1831 1762 magis
1889 1677 2361 1745 accendebatur

415 1758 705 1824 offensio.
807 1759 1091 1827 Necesse
1168 1782 1325 1846 ergo
1401 1761 1560 1842 fuit,
1647 1784 1871 1829 eorum
1959 1765 2363 1849 proterviam

413 1843 599 1911 velut
673 1845 913 1912 iniecto
987 1847 1210 1914 fraeno
1269 1848 1618 1932 compesci,
1699 1869 1826 1933 quo
1892 1852 2218 1935 patienter
2296 1863 2366 1917 et

414 1928 706 1997 modeste
770 1932 978 1998 iustas
1041 1933 1587 2018 reprehensiones
1665 1935 2024 2019 quamlibet
2101 1957 2364 2020 asperas

416 2017 840 2100 susciperent.
931 2019 1111 2103 Ergo
1165 2019 1217 2085 si
1276 2017 1623 2103 repudient
1678 2020 1785 2087 vel
1830 2021 2051 2089 surdis
2093 2022 2362 2088 auribus

410 2111 830 2186 praetereant
872 2103 996 2169 hoc
1038 2106 1360 2171 canticum
1378 2155 1395 2185 ,
1498 2108 1786 2173 raefatur
1827 2108 2080 2174 eoelum
2124 2118 2193 2174 et
2231 2117 2362 2174 ter-

412 2207 557 2253 ram
601 2187 760 2255 adeo
802 2191 1213 2276 prodigiosae
1246 2211 1393 2258 soco
1475 2191 1577 2257 iae
1617 2193 1757 2259 fore
1790 2200 2020 2260 testes:
2062 2196 2197 2260 imo
2231 2216 2364 2261 ser-

415 2294 674 2339 monem
719 2274 802 2340 ad
846 2275 1099 2342 coelum
1142 2284 1209 2343 et
1251 2285 1497 2343 terram
1556 2288 1978 2359 convertens,
2037 2281 2366 2365 significat

414 2358 688 2444 dignum
729 2383 872 2428 esse
906 2362 987 2427 ad
1025 2383 1219 2445 quem
1253 2372 1542 2430 attentae
1575 2365 1712 2430 sint
1745 2376 2082 2432 creaturae
2116 2387 2364 2447 omnes,

410 2464 581 2529 qnae
623 2455 847 2512 tamen
888 2447 1327 2535 intelligentia
1365 2458 1432 2515 et
1473 2470 1673 2517 sensu
1715 2462 1958 2518 carent.
2021 2452 2145 2519 Est
2187 2453 2362 2518 enim

410 2530 839 2616 hyperbolica
895 2533 1218 2618 loquutio‚
1277 2535 1430 2601 dum
1484 2536 1698 2603 brutis
1753 2538 2095 2604 elementis
2143 2546 2363 2623 partes

412 2619 724 2685 audiendi
768 2629 837 2685 et
890 2619 1282 2687 docilitatem
1336 2621 1597 2687 tribuit:
1652 2624 1847 2690 sicuti
1890 2623 2100 2691 Isaiae
2141 2626 2360 2710 expri-

408 2725 594 2771 mere
658 2706 887 2772 volens
941 2705 1157 2773 nullos
1213 2728 1284 2773 se
1340 2708 1630 2792 reperire
1687 2708 2040 2793 discipulos
2095 2709 2165 2775 in
2227 2717 2362 2777 toto

408 2791 682 2874 populo,
750 2792 1001 2857 coelum
1060 2800 1129 2857 et
1182 2801 1427 2859 terram
1482 2794 1785 2861 similiter
1843 2796 2163 2880 appellat:
2229 2797 2360 2861 imo

409 2877 575 2941 citat
616 2876 885 2943 nefandi
927 2877 1208 2964 prodigii
1252 2888 1478 2946 testes:
1538 2881 1690 2965 quia
1731 2882 1948 2948 minus
1987 2883 2074 2948 sit
2116 2881 2359 2947 intelli·

498 2964 678 3029 ntiae
733 2963 805 3028 in
858 2973 994 3030 toto
1058 2964 1297 3048 populo
1363 2987 1561 3050 quam
1624 2965 1694 3031 in
1761 2966 1965 3034 bobus
2029 2975 2092 3033 et
2158 2968 2361 3035 asinis

406 2984 569 3134 flesa.
618 3050 675 3129 1,
720 3049 808 3137 2).
897 3049 1114 3116 Nimis
1158 3072 1311 3117 vero
1356 3052 1639 3118 dilutum
1685 3063 1785 3120 est
1828 3054 1997 3137 quod
2036 3055 2359 3139 interpre-

406 3144 514 3201 tes
577 3135 841 3218 quidam
908 3137 1027 3202 has
1096 3158 1283 3204 voces
1346 3139 1784 3223 metonymice
1847 3139 2177 3223 accipiunt
2241 3159 2361 3226 pro

409 3222 671 3307 angelis
716 3230 784 3287 et
825 3221 1218 3290 hominibus.

585 3307 645 3373 2.
710 3306 989 3374 stillabit
1027 3314 1099 3375 ut
1125 3308 1371 3391 pluvia.
1462 3310 1793 3376 Futurum
1837 3318 2101 3394 tempus
2156 3312 2361 3378 resol-

406 3401 584 3460 vunt
655 3393 919 3477 quidam
985 3415 1324 3478 perperam
1393 3395 1564 3484 (meo
1628 3396 1893 3484 iudicio)
1957 3398 2027 3463 in
2092 3397 2360 3464 modum

405 3479 710 3562 optandi,
752 3481 928 3564 quia
978 3478 1489 3549 foecunditatem
1542 3484 1754 3566 potius
1810 3504 1975 3566 quae
2032 3504 2071 3549 a
2127 3484 2361 3567 spiritu

406 3576 639 3632 sancto
703 3566 1107 3650 suggeritur,
1185 3568 1269 3634 ad
1333 3568 1669 3635 doctrinae
1731 3569 2362 3636 commendationem

406 3650 755 3736 splendido
799 3651 925 3717 hoc
959 3652 1169 3737 elogio
1203 3653 1488 3720 celebrat
1530 3675 1723 3738 quam
1777 3654 1901 3720 sibi
1946 3653 2088 3720 dari
2134 3666 2360 3739 postu-

405 3738 536 3805 let:
614 3746 681 3804 et
742 3737 1020 3805 lectores
1085 3740 1246 3805 satis
1322 3738 1888 3819 animadvertunt,
1969 3751 2200 3808 votum
2255 3743 2361 3809 hic

405 3824 682 3891 minime
724 3823 926 3890 fuisse
968 3827 1449 3908 tempestivum.
1538 3825 1925 3893 Sermonem
1968 3849 2126 3913 ergo
2168 3849 2360 3894 suum

405 3910 681 3995 pluviae
725 3917 841 3976 aut
880 3910 1015 3976 rori
1058 3920 1422 3995 comparat:
1469 3932 1544 3979 ac
1588 3914 1642 3978 si
1689 3911 1965 3992 diceret,
2012 3912 2205 3979 modo
2248 3935 2362 3998 po·

406 3996 607 4080 pulus
650 3996 831 4062 molli
866 4005 934 4063 et
976 3998 1283 4063 subactae
1324 4009 1540 4064 terrae
1575 3998 1807 4065 similis
1850 3999 1953 4079 sit,
1999 3998 2359 4065 doctrinam

405 4103 485 4150 se
528 4083 823 4166 proferre
864 4103 1031 4165 quae
1073 4105 1183 4149 eos
1226 4083 1308 4150 ad
1348 4085 1609 4167 plenam
1654 4084 2158 4151 foecunditatem
2215 4088 2362 4152 irri-

413 4178 549 4255 get.
639 4170 849 4235 Porro
914 4170 1175 4235 tametsi
1253 4170 1581 4254 peculiare
1644 4169 1771 4235 κατ’
1832 4169 2035 4253 ἐξοχὴν
2108 4173 2361 4238 cantico

414 4265 520 4322 est
581 4255 896 4340 elogium,
962 4255 1336 4322 extenditur
1392 4266 1611 4322 tamen
1665 4278 1743 4323 ea
1800 4259 1900 4323 vis
1958 4266 2025 4322 et
2084 4258 2361 4325 facultas

414 4341 504 4407 ad
584 4348 792 4407 totam
869 4340 1214 4408 coelestem
1302 4342 1696 4408 doctrinam:
1785 4345 1938 4426 quia
2023 4364 2360 4428 nunquam

412 4428 706 4512 loquitur
757 4427 942 4493 Deus
995 4428 1153 4511 quin
1215 4429 1514 4494 homines
1566 4430 1934 4496 fructuosos
1992 4429 2225 4495 reddat
2278 4430 2360 4495 ad

410 4515 586 4581 bona
629 4534 855 4597 opera,
915 4534 1047 4580 non
1091 4534 1278 4580 secus
1321 4535 1396 4581 ac
1438 4515 1663 4597 pluvia
1721 4534 1986 4581 succum
2045 4523 2114 4581 et
2175 4517 2360 4600 vigo-

412 4622 558 4666 rem
624 4608 842 4666 terrae
904 4599 1264 4678 instillans,
1332 4622 1476 4665 eam
1535 4600 1614 4666 ad
1682 4600 1933 4668 fructus
1997 4601 2360 4685 gignendos

410 4686 782 4753 foecundat.
871 4683 1005 4752 Sed
1041 4685 1585 4770 quemadmodum
1629 4708 1825 4772 rupes
1869 4696 1937 4752 et
1978 4707 2138 4753 saxa
2197 4687 2361 4752 nihil

410 4771 711 4839 humoris
770 4771 878 4837 vel
936 4792 1018 4838 ex
1076 4771 1449 4855 largissima
1513 4772 1739 4857 pluvia
1802 4772 2212 4857 concipiunt,
2270 4774 2363 4839 ita

410 4858 641 4924 multis
675 4858 891 4924 obstat
923 4877 1043 4923 sua
1084 4859 1453 4941 pervicacia
1486 4880 1571 4923 ne
1606 4858 1931 4941 spirituali
1976 4858 2361 4944 irrigatione

411 4944 662 5010 fertiles
706 4941 1085 5010 reddantur.
1178 4943 1402 5026 Quare
1437 4945 1675 5024 Moses,
1722 4944 1777 5010 si
1825 4943 2118 5011 doctrina
2163 4944 2360 5011 huius

409 5031 652 5097 cantici
714 5029 967 5095 inutilis
1031 5031 1290 5110 effluat,
1355 5030 1613 5114 oblique
1691 5029 1949 5113 culpam
2016 5031 2227 5098 reiicit
2285 5030 2359 5097 in

405 5116 768 5183 Israelitae‚

582 5201 645 5270 3.
709 5202 877 5285 Quia
928 5222 1153 5268 nomen
1196 5202 1482 5268 Iehovae.
1568 5201 1919 5286 Significat
1973 5201 2080 5268 his
2123 5202 2361 5284 verbis,

409 5288 469 5355 si
504 5309 633 5372 qua
675 5288 763 5354 sit
795 5289 863 5354 in
908 5288 1228 5356 Israelitis
1271 5287 1533 5373 pietatis
1578 5295 1767 5373 gutta
1784 5338 1799 5365 ‚
1844 5286 2171 5354 edendum
2215 5308 2357 5354 esse

408 5375 555 5441 eius
598 5374 927 5458 specimen
973 5376 1045 5439 in
1104 5374 1537 5457 amplexando
1581 5394 1914 5455 sermone,
1968 5373 2037 5439 in
2085 5395 2212 5459 quo
2256 5396 2356 5441 re·

1829 457 2235 529 REDI'I'US
2279 458 2411 526 AD
2454 457 3004 527 HISTORIAM.

4290 462 4420 531 358

2467 647 2679 733 fulget
2741 647 2868 714 Dei
2932 646 3258 714 maiestas.
3345 648 3575 733 Itaque
3636 649 3818 733 prius
3880 650 4249 717 membrum
4317 659 4422 719 est

2465 733 2696 800 ordine
2759 733 3112 816 posterius,
3181 743 3492 818 tanquam
3558 754 3792 801 causae
3855 734 4153 802 redditio.
4242 737 4414 803 Nam

2465 819 2642 903 quod
2697 817 2999 886 hortatur
3055 826 3130 885 ut
3182 817 3326 885 Deo
3375 840 3565 903 quam
3627 828 3921 887 meretur
3964 821 4242 908 gloriam
4304 824 4417 890 tri·

2464 903 2703 982 buant,
2760 904 2843 971 ad
2901 903 3336 972 obedientiam
3381 914 3448 972 et
3489 907 3918 973 attentionem
3967 908 4279 975 refertur:
4340 930 4417 978 ac

2465 990 2524 1058 si
2581 990 2858 1057 diceret:
2916 991 3062 1058 Nisi
3118 1012 3187 1058 se
3230 1001 3611 1058 reverenter
3669 992 4003 1060 doctrinae
4046 993 4414 1075 subiicient,

2462 1075 2686 1142 Deum
2744 1075 3033 1143 fraudari
3078 1077 3250 1143 iusto
3308 1076 3585 1157 honore,
3650 1078 3822 1161 quod
3880 1080 4136 1145 ratione
4193 1081 4416 1147 addita

2465 1163 2830 1243 confirmat,
2875 1163 3027 1246 quia
3068 1162 3198 1228 Dei
3243 1181 3484 1228 nomen
3528 1164 3781 1230 sincere
3825 1175 3892 1229 et
3928 1164 4205 1232 fideliter
4247 1168 4417 1234 cele-

2465 1247 2695 1313 brabit.
2795 1248 3026 1332 Neque
3105 1249 3280 1314 enim
3359 1247 3467 1315 hic
3547 1250 3869 1315 invocatio
3949 1252 4249 1329 sumitur,
4340 1259 4415 1319 ut

2462 1334 2690 1399 multis
2767 1334 2958 1415 loeis,
3040 1333 3152 1399 sed
3234 1332 3616 1400 tantundem
3695 1335 3875 1402 valet
3938 1355 4015 1401 ac
4097 1337 4415 1420 professio

2462 1417 2611 1485 Dei.
2701 1420 2882 1505 Ergo
2947 1440 3330 1504 praeconem
3385 1442 3457 1486 se
3514 1441 3658 1486 esse
3721 1422 4116 1505 pronunciat
4172 1424 4413 1505 Moses,

2462 1512 2540 1569 ut
2582 1505 2830 1655 oblilecto
2874 1515 3289 1572 sacrosancto
3334 1509 3475 1573 eius
3520 1507 3806 1585 nomine,
3852 1507 4250 1574 audientiam
4289 1511 4414 1577 sibi

2462 1590 2650 1658 conci
2680 1591 2785 1657 ‘et.

2633 1677 2695 1743 4.
2763 1677 2890 1744 Dei
2919 1676 3263 1760 perfectum
3296 1682 3388 1743 est
3427 1696 3600 1760 opus.
3661 1676 3795 1759 Qui
3836 1679 4233 1762 generaliter
4277 1702 4409 1746 non

2464 1761 2888 1847 hypothetice
2954 1762 3283 1845 accipiunt
3361 1760 3483 1828 has
3546 1764 3942 1843 sententias,
4024 1787 4156 1831 non
4221 1766 4415 1834 modo

2463 1869 2729 1915 sensum
2774 1851 3158 1929 obscurant,
3217 1847 3329 1913 sed
3375 1850 3511 1913 vim
3553 1870 3808 1934 quoque
3851 1849 4182 1919 doctrinae
4224 1873 4413 1919 ener-

2463 1943 2643 2000 vant.
2735 1935 3105 2002 Teneamus
3147 1955 3336 2019 ergo,
3380 1935 3671 2017 perfecta
3712 1934 3837 2001 Dei
3883 1956 4112 2019 opera,
4156 1939 4415 2005 viarum

2463 2019 2963 2100 rectitudinem,
3029 2030 3096 2086 et
3152 2041 3319 2104 quae
3380 2030 3776 2103 sequuntur,
3843 2022 4128 2088 conferri
4190 2045 4275 2109 po
4323 2024 4414 2090 uli

2465 2105 2837 2173 defectioni:
2895 2126 3049 2172 nam
3107 2107 3164 2172 si
3222 2105 3378 2189 quid
3430 2107 3497 2171 in
3555 2107 3685 2173 Dei
3743 2107 4046 2191 operibus
4105 2112 4272 2176 muti
4301 2132 4412 2176 um

2462 2192 2571 2260 vel
2637 2194 3133 2277 incompositum
3197 2193 3464 2271 fuisset,
3543 2194 3600 2258 si
3666 2194 3831 2258 ratio
3896 2194 4135 2278 agendi
4197 2197 4417 2264 minus

2462 2286 2661 2356 recta,
2707 2279 2761 2344 si
2797 2278 2993 2344 dubia
3037 2278 3302 2356 veritas,
3348 2279 3402 2343 si
3446 2277 3603 2362 quid
3649 2277 3930 2363 denique
3973 2280 4204 2346 fuisset
4246 2282 4416 2349 desi-

2465 2363 2802 2446 deratum,
2871 2365 3207 2430 excusatio
3271 2364 3505 2431 fuisset
3555 2363 3629 2429 in
3692 2372 4034 2448 promptu,
4100 2367 4414 2451 populum

2465 2449 2710 2533 aliquid
2773 2451 3008 2517 melius
3066 2448 3421 2533 quaesiisse
3463 2469 3660 2534 quam
3701 2453 3775 2516 in
3819 2451 3961 2516 Deo
4009 2454 4415 2536 reperiebat:

2462 2536 2576 2603 nbi
2630 2545 2847 2602 autem
2903 2536 3077 2620 quod
3128 2537 3449 2620 optimum
3516 2545 3618 2601 est
3682 2536 4054 2619 experitur,
4120 2538 4413 2605 studium

2462 2621 2626 2687 illud
2704 2622 3212 2706 reprehensione
3286 2630 3480 2688 caret.
3569 2622 3751 2708 Ergo
3826 2642 3910 2687 ne
3972 2621 4127 2705 quid
4199 2624 4415 2691 simile

2463 2707 2898 2774 obtenderent
2944 2707 3315 2785 Israelitae‚
3375 2709 3596 2774 Moses
3643 2709 3947 2773 occurrit.
4038 2710 4413 2794 Antequam

2464 2791 2546 2859 de
2608 2795 2881 2861 scelesta
2966 2794 3192 2880 populi
3255 2791 3733 2879 ingratitudine
3819 2793 4127 2877 disserat,
4212 2796 4413 2861 sumit

2462 2879 2853 2963 principium
2900 2880 3098 2958 istud,
3145 2880 3327 2946 nullo
3374 2879 3502 2945 Dei
3547 2881 3705 2947 vitio
3749 2880 3950 2945 fuisse
3993 2879 4298 2948 inductos
4338 2892 4414 2948 ut

2465 2967 2592 3031 alio
2658 2965 3017 3032 adiicerent
3092 2966 3404 3032 animum.
3492 2963 3815 3033 Doctrina
3892 2965 4151 3049 quidem
4210 2988 4412 3052 gene·

2465 3051 2621 3117 ralis
2679 3073 2799 3135 per
2854 3073 2924 3118 se
2981 3073 3138 3119 vera
3193 3062 3322 3130 est,
3377 3060 3721 3136 potestque
3778 3053 3844 3117 in
3912 3053 4204 3119 diversos
4253 3075 4414 3121 usus

2462 3138 2970 3205 accommodari:
3025 3137 3142 3203 sed
3199 3137 3354 3221 quid
3416 3159 3591 3203 nunc
3644 3148 3797 3222 agat
3840 3139 4063 3204 Moses
4120 3147 4413 3222 spectare

2463 3226 2790 3290 convenit.
2879 3224 3241 3291 Consilium
3288 3233 3507 3288 autem
3544 3224 3682 3291 eius
3725 3232 3855 3303 est,
3899 3245 4125 3291 omnes
4169 3225 4413 3310 impiae

2464 3319 2534 3375 et
2589 3309 2899 3392 perfidiae
2953 3308 3365 3376 discessionis
3407 3316 3789 3392 praetextus
3847 3310 4100 3394 eripere
4143 3311 4412 3394 populo:

2463 3394 2660 3478 idque
2704 3416 2829 3479 quo
2873 3396 3084 3481 magis
3128 3403 3439 3480 appareat
3483 3394 3855 3479 prodigiosa
3902 3397 4211 3477 amentia,
4254 3396 4410 3463 dum

2464 3481 2691 3548 relicto
2734 3482 2914 3548 fonte
2958 3502 3280 3567 aquarum
3328 3481 3689 3548 viventium
3734 3480 3899 3546 fodit
3933 3482 4057 3548 sibi
4093 3481 4412 3549 cisternas

2463 3568 2859 3651 perforatas:
2916 3568 3086 3635 sicut
3138 3568 3321 3634 Deus
3365 3568 3504 3650 ipse
3549 3564 3723 3651 apud
3767 3567 4114 3632 Ieremiam
4159 3567 4256 3655 (2,
4304 3568 4412 3656 13)

2462 3653 2902 3738 conqueritur.
2970 3653 3291 3719 Videmus
3335 3654 3553 3737 itaque
3596 3662 3911 3737 quotquot
3953 3653 4182 3737 elogiis
4227 3654 4413 3721 Deus

2461 3739 2569 3805 hio
2633 3748 2935 3821 ornatur,
3002 3738 3274 3805 totidem
3329 3740 3734 3825 ignominiae
3791 3750 3979 3804 notas
4047 3740 4225 3805 inuri
4297 3762 4410 3824 po·

2462 3825 2647 3909 pulo,
2704 3827 2814 3910 qui
2874 3827 3088 3893 sciens
3138 3838 3206 3891 et
3250 3826 3479 3892 volens
3535 3826 3714 3890 omni
3759 3824 4072 3890 bonorum
4128 3824 4414 3910 plenitu-

2461 3910 2618 3977 dine
2682 3933 2753 3978 se
2817 3912 3140 3996 privavit,
3210 3932 3339 3995 qua
3395 3911 3523 3976 frui
3582 3909 3819 3976 licebat
3875 3911 4001 3976 nisi
4057 3932 4128 3977 se
4172 3933 4212 3977 a
4266 3913 4410 3978 Deo

2461 3997 2828 4064 alienasset.
2918 3999 3125 4065 Porro
3191 4018 3354 4080 opus
3417 3997 3546 4063 Dei
3610 3996 3881 4076 dicitur,
3948 4018 4083 4062 non
4150 4008 4408 4063 tantum

2462 4083 2673 4166 quoad
2696 4084 2924 4150 mundi
2948 4084 3364 4160 creationem,
3410 4082 3525 4149 sed
3548 4081 3761 4167 quoad
3804 4092 4014 4147 totum
4060 4084 4409 4167 providen-

2461 4170 2594 4236 tiae
2638 4172 2780 4235 eius
2823 4190 3119 4238 cursum:
3176 4169 3359 4253 quasi
3405 4168 3648 4234 dictum
3694 4177 3893 4248 esset,
3953 4169 4120 4234 nihil
4165 4172 4410 4254 reperit

2462 4257 2530 4321 in
2592 4256 2719 4322 Dei
2773 4257 3081 4340 operibus
3123 4255 3289 4340 quod
3338 4253 3729 4339 reprehendi
3774 4263 3986 4339 queat.
4074 4256 4219 4321 Iam
4262 4278 4407 4340 per·

2462 4342 2655 4408 fectio
2715 4343 2893 4407 haec·
2927 4364 3060 4408 non
3109 4341 3507 4424 conspicitur
3563 4341 3633 4406 in
3692 4339 3972 4425 singulis
4029 4341 4409 4425 individuis,

2461 4430 2617 4512 quin
2652 4431 2904 4494 insecta
2947 4440 3105 4494 sunt
3150 4428 3277 4494 Dei
3334 4436 3705 4495 creaturae:
3765 4437 3833 4493 et
3890 4448 3971 4492 ex
4036 4426 4408 4494 hominibus

2464 4513 2730 4598 quidam
2775 4515 2950 4581 caeci
2995 4523 3170 4593 sunt,
3210 4513 3320 4579 alii
3356 4513 3591 4594 claudi,
3638 4513 3748 4578 alii
3793 4512 3998 4594 surdi,
4044 4514 4155 4579 alii
4201 4514 4416 4579 mutili

2464 4601 2590 4668 hoe
2637 4600 2740 4666 vel
2798 4600 2911 4666 illo
2970 4601 3295 4680 membro,
3358 4600 3603 4667 multae
3661 4600 3888 4685 fruges
3946 4599 4027 4665 ad
4072 4601 4415 4665 maturita-

2463 4696 2597 4752 tem
2661 4707 2794 4752 non
2859 4687 3274 4771 perveniunt.
3364 4686 3618 4753 Verum
3678 4686 3877 4753 stulte
3927 4692 3996 4750 et
4047 4685 4416 4768 importune

2463 4774 2584 4838 has
2637 4774 3048 4856 quaestiones
3105 4772 3322 4855 palam
3376 4773 3809 4856 conspicimus
3863 4770 4243 4854 perfectioni
4286 4769 4417 4837 Dei

2462 4880 2731 4943 operum
2792 4860 3067 4943 opponi,
3125 4858 3335 4942 qualis
3385 4857 3491 4925 hic
3550 4860 3855 4924 laudatur
3898 4878 3938 4921 a
3981 4857 4194 4922 Mose:
4262 4858 4415 4941 quia

2464 4945 2753 5011 defectus
2810 4964 3072 5029 quoque
3119 4955 3192 5008 et
3235 4944 3398 5008 vitia
3456 4964 3800 5028 corporum
3856 4944 3924 5008 in
3981 4943 4160 5010 hunc
4213 4944 4413 5009 finem

2459 5030 2742 5097 tendunt
2783 5041 2859 5095 nt
2901 5029 3356 5095 manifestetur
3398 5030 3526 5096 Dei
3568 5030 3793 5115 gloria.
3863 5028 4039 5095 Huic
4078 5026 4414 5096 doctrinae

2461 5117 2678 5182 affinis
2744 5124 2848 5182 est
2929 5116 3165 5195 altera,
3245 5115 3391 5180 vias
3465 5137 3695 5181 omnes
3759 5115 3899 5180 eius
3964 5135 4108 5179 esse
4174 5124 4410 5182 rectas:

2460 5222 2614 5268 nam
2652 5213 2856 5271 mntem
2899 5223 3016 5286 pro
3060 5201 3451 5268 rectitudine
3494 5201 3698 5284 accipi
3742 5211 3970 5266 notum
4009 5208 4124 5265 est.
4193 5199 4414 5285 Opera

2459 5299 2680 5354 autem
2725 5299 2791 5353 et
2836 5289 2982 5355 viae
3026 5307 3397 5372 synonyma
3438 5296 3613 5354 sunt.
3700 5287 3842 5351 Imo
3885 5284 4010 5352 hoo
4052 5287 4410 5353 secundum

2461 5375 2832 5441 membrum
2878 5374 3287 5442 confirmatio
3331 5382 3432 5439 est
3486 5373 3876 5455 superioris:
3935 5373 4085 5453 quia
4134 5383 4416 5459 utroque

3891 5473 3993 5529 23*
