<?xml version="1.0" encoding="UTF-8"?>
<!DOCTYPE html PUBLIC "-//W3C//DTD XHTML 1.0 Transitional//EN"
    "http://www.w3.org/TR/xhtml1/DTD/xhtml1-transitional.dtd">
<html xmlns="http://www.w3.org/1999/xhtml" xml:lang="en" lang="en">
 <head>
  <title>
</title>
<meta http-equiv="Content-Type" content="text/html;charset=utf-8" />
  <meta name='ocr-system' content='tesseract 3.04.00' />
  <meta name='ocr-capabilities' content='ocr_page ocr_carea ocr_par ocr_line ocrx_word'/>
</head>
<body>
  <div class='ocr_page' id='page_1' title='image "./ioanniscalvinio06unkngoog_0271.png"; bbox 0 0 5017 6142; ppageno 0'>
   <div class='ocr_carea' id='block_1_1' title="bbox 390 488 520 555">
    <p class='ocr_par' dir='ltr' id='par_1_1' title="bbox 390 488 520 555">
     <span class='ocr_line' id='line_1_1' title="bbox 390 488 520 555; baseline -0.015 -1"><span class='ocrx_word' id='word_1_1' title='bbox 390 488 520 555; x_wconf 82' lang='lat'><strong>517</strong></span> 
     </span>
    </p>
   </div>
   <div class='ocr_carea' id='block_1_2' title="bbox 390 675 2353 5369">
    <p class='ocr_par' dir='ltr' id='par_1_2' title="bbox 390 675 2353 5369">
     <span class='ocr_line' id='line_1_2' title="bbox 391 675 2335 762; baseline 0.001 -19"><span class='ocrx_word' id='word_1_2' title='bbox 391 675 622 760; x_wconf 91' lang='lat' dir='ltr'><strong>opibus</strong></span> <span class='ocrx_word' id='word_1_3' title='bbox 660 677 755 744; x_wconf 91' lang='lat' dir='ltr'><strong>sic</strong></span> <span class='ocrx_word' id='word_1_4' title='bbox 785 676 1061 744; x_wconf 88' lang='lat' dir='ltr'><strong>dictum:</strong></span> <span class='ocrx_word' id='word_1_5' title='bbox 1107 676 1261 760; x_wconf 91' lang='lat' dir='ltr'><strong>quia</strong></span> <span class='ocrx_word' id='word_1_6' title='bbox 1283 675 1644 762; x_wconf 79' lang='lat' dir='ltr'>Cambyses</span> <span class='ocrx_word' id='word_1_7' title='bbox 1678 676 1921 744; x_wconf 92' lang='lat' dir='ltr'><strong>bellum</strong></span> <span class='ocrx_word' id='word_1_8' title='bbox 1957 679 2028 744; x_wconf 85' lang='lat' dir='ltr'><strong>in</strong></span> <span class='ocrx_word' id='word_1_9' title='bbox 2053 677 2335 745; x_wconf 76' lang='lat' dir='ltr'>Graecia</span> 
     </span>
     <span class='ocr_line' id='line_1_3' title="bbox 393 761 2334 848; baseline 0.001 -19"><span class='ocrx_word' id='word_1_10' title='bbox 393 769 698 848; x_wconf 86' lang='lat' dir='ltr'><strong>gesturus</strong></span> <span class='ocrx_word' id='word_1_11' title='bbox 741 762 1080 829; x_wconf 78' lang='lat' dir='ltr'><strong>thesauros</strong></span> <span class='ocrx_word' id='word_1_12' title='bbox 1123 783 1277 828; x_wconf 90' lang='lat' dir='ltr'><strong>suos</strong></span> <span class='ocrx_word' id='word_1_13' title='bbox 1319 761 1452 830; x_wconf 91' lang='lat' dir='ltr'><strong>illic</strong></span> <span class='ocrx_word' id='word_1_14' title='bbox 1496 762 1901 847; x_wconf 76' lang='lat' dir='ltr'><strong>deposuerat.</strong></span> <span class='ocrx_word' id='word_1_15' title='bbox 1993 762 2127 831; x_wconf 86' lang='lat' dir='ltr'><strong>Sed</strong></span> <span class='ocrx_word' id='word_1_16' title='bbox 2180 763 2334 847; x_wconf 92' lang='lat' dir='ltr'><strong>quia</strong></span> 
     </span>
     <span class='ocr_line' id='line_1_4' title="bbox 393 847 2332 935; baseline -0.001 -20"><span class='ocrx_word' id='word_1_17' title='bbox 393 848 569 935; x_wconf 89' lang='lat' dir='ltr'><strong>apud</strong></span> <span class='ocrx_word' id='word_1_18' title='bbox 592 848 844 915; x_wconf 88' lang='lat' dir='ltr'><strong>Lucam</strong></span> <span class='ocrx_word' id='word_1_19' title='bbox 889 847 1062 935; x_wconf 89' lang='lat' dir='ltr'><strong>(Act.</strong></span> <span class='ocrx_word' id='word_1_20' title='bbox 1109 849 1168 928; x_wconf 89' lang='lat'><strong>8,</strong></span> <span class='ocrx_word' id='word_1_21' title='bbox 1209 848 1321 935; x_wconf 84' lang='lat'><strong>26)</strong></span> <span class='ocrx_word' id='word_1_22' title='bbox 1365 851 1610 915; x_wconf 88' lang='lat' dir='ltr'><strong>mentio</strong></span> <span class='ocrx_word' id='word_1_23' title='bbox 1654 850 1729 916; x_wconf 86' lang='lat' dir='ltr'><strong>fit</strong></span> <span class='ocrx_word' id='word_1_24' title='bbox 1751 848 1974 915; x_wconf 80' lang='lat' dir='ltr'><strong>Gazae</strong></span> <span class='ocrx_word' id='word_1_25' title='bbox 2019 849 2332 927; x_wconf 78' lang='lat' dir='ltr'><strong>desertae,</strong></span> 
     </span>
     <span class='ocr_line' id='line_1_5' title="bbox 394 933 2333 1087; baseline -0.001 -87"><span class='ocrx_word' id='word_1_26' title='bbox 394 943 668 1087; x_wconf 51' lang='lat' dir='ltr'><strong>{Eparet</strong></span> <span class='ocrx_word' id='word_1_27' title='bbox 709 933 938 1000; x_wconf 92' lang='lat' dir='ltr'><strong>urbem</strong></span> <span class='ocrx_word' id='word_1_28' title='bbox 981 934 1271 1001; x_wconf 90' lang='lat' dir='ltr'><strong>eiusdem</strong></span> <span class='ocrx_word' id='word_1_29' title='bbox 1315 935 1596 1001; x_wconf 92' lang='lat' dir='ltr'><strong>nominis</strong></span> <span class='ocrx_word' id='word_1_30' title='bbox 1638 955 1756 1019; x_wconf 90' lang='lat' dir='ltr'><strong>pro</strong></span> <span class='ocrx_word' id='word_1_31' title='bbox 1803 955 1839 1000; x_wconf 98' lang='lat' dir='ltr'><strong>e</strong></span> <span class='ocrx_word' id='word_1_32' title='bbox 1884 934 2176 1018; x_wconf 90' lang='lat' dir='ltr'><strong>quidem,</strong></span> <span class='ocrx_word' id='word_1_33' title='bbox 2220 933 2333 1002; x_wconf 90' lang='lat' dir='ltr'><strong>sed</strong></span> 
     </span>
     <span class='ocr_line' id='line_1_6' title="bbox 464 1019 2335 1104; baseline 0.001 -19"><span class='ocrx_word' id='word_1_34' title='bbox 464 1021 526 1085; x_wconf 84' lang='lat' dir='ltr'><strong>‘o</strong></span> <span class='ocrx_word' id='word_1_35' title='bbox 591 1019 729 1086; x_wconf 93' lang='lat' dir='ltr'><strong>loco</strong></span> <span class='ocrx_word' id='word_1_36' title='bbox 784 1020 986 1086; x_wconf 85' lang='lat' dir='ltr'><strong>fuisse</strong></span> <span class='ocrx_word' id='word_1_37' title='bbox 1043 1028 1464 1086; x_wconf 87' lang='lat' dir='ltr'><strong>exstructam.</strong></span> <span class='ocrx_word' id='word_1_38' title='bbox 1569 1020 1750 1087; x_wconf 91' lang='lat' dir='ltr'><strong>Asdo</strong></span> <span class='ocrx_word' id='word_1_39' title='bbox 1852 1040 1931 1087; x_wconf 92' lang='lat' dir='ltr'><strong>ea</strong></span> <span class='ocrx_word' id='word_1_40' title='bbox 1982 1029 2084 1087; x_wconf 91' lang='lat' dir='ltr'><strong>est</strong></span> <span class='ocrx_word' id='word_1_41' title='bbox 2139 1041 2335 1104; x_wconf 90' lang='lat' dir='ltr'><strong>quam</strong></span> 
     </span>
     <span class='ocr_line' id='line_1_7' title="bbox 396 1104 2336 1173; baseline -0.001 0"><span class='ocrx_word' id='word_1_42' title='bbox 396 1106 640 1173; x_wconf 81' lang='lat' dir='ltr'><strong>Graeci</strong></span> <span class='ocrx_word' id='word_1_43' title='bbox 695 1104 1002 1172; x_wconf 88' lang='lat' dir='ltr'><strong>dixerunt</strong></span> <span class='ocrx_word' id='word_1_44' title='bbox 1043 1105 1342 1171; x_wconf 82' lang='lat' dir='ltr'><strong>Azotum.</strong></span> <span class='ocrx_word' id='word_1_45' title='bbox 1428 1104 1824 1172; x_wconf 88' lang='lat' dir='ltr'><strong>Perducitur</strong></span> <span class='ocrx_word' id='word_1_46' title='bbox 1880 1113 2098 1173; x_wconf 90' lang='lat' dir='ltr'><strong>autem</strong></span> <span class='ocrx_word' id='word_1_47' title='bbox 2155 1116 2336 1172; x_wconf 88' lang='lat' dir='ltr'><strong>totus</strong></span> 
     </span>
     <span class='ocr_line' id='line_1_8' title="bbox 390 1190 2336 1278; baseline -0.001 -20"><span class='ocrx_word' id='word_1_48' title='bbox 390 1192 505 1258; x_wconf 88' lang='lat' dir='ltr'><strong>hic</strong></span> <span class='ocrx_word' id='word_1_49' title='bbox 545 1200 793 1257; x_wconf 90' lang='lat' dir='ltr'><strong>tractus</strong></span> <span class='ocrx_word' id='word_1_50' title='bbox 835 1192 1204 1258; x_wconf 86' lang='lat' dir='ltr'><strong>maritimus</strong></span> <span class='ocrx_word' id='word_1_51' title='bbox 1246 1191 1353 1257; x_wconf 83' lang='lat' dir='ltr'><strong>vel</strong></span> <span class='ocrx_word' id='word_1_52' title='bbox 1398 1191 1509 1275; x_wconf 94' lang='lat' dir='ltr'><strong>qui</strong></span> <span class='ocrx_word' id='word_1_53' title='bbox 1544 1190 1627 1257; x_wconf 91' lang='lat' dir='ltr'><strong>ad</strong></span> <span class='ocrx_word' id='word_1_54' title='bbox 1661 1212 1844 1258; x_wconf 89' lang='lat' dir='ltr'><strong>mare</strong></span> <span class='ocrx_word' id='word_1_55' title='bbox 1878 1193 2092 1278; x_wconf 81' lang='lat' dir='ltr'><strong>vergit</strong></span> <span class='ocrx_word' id='word_1_56' title='bbox 2128 1212 2336 1275; x_wconf 91' lang='lat' dir='ltr'><strong>usque</strong></span> 
     </span>
     <span class='ocr_line' id='line_1_9' title="bbox 394 1276 2336 1360; baseline -0.002 -15"><span class='ocrx_word' id='word_1_57' title='bbox 394 1278 481 1345; x_wconf 90' lang='lat' dir='ltr'><strong>ad</strong></span> <span class='ocrx_word' id='word_1_58' title='bbox 524 1277 858 1344; x_wconf 78' lang='lat' dir='ltr'><strong>Sidonem.</strong></span> <span class='ocrx_word' id='word_1_59' title='bbox 923 1277 1015 1342; x_wconf 88' lang='lat' dir='ltr'><strong>Et</strong></span> <span class='ocrx_word' id='word_1_60' title='bbox 1057 1283 1215 1342; x_wconf 89' lang='lat' dir='ltr'><strong>sunt</strong></span> <span class='ocrx_word' id='word_1_61' title='bbox 1256 1278 1368 1360; x_wconf 93' lang='lat' dir='ltr'><strong>qui</strong></span> <span class='ocrx_word' id='word_1_62' title='bbox 1409 1285 1669 1360; x_wconf 90' lang='lat' dir='ltr'><strong>putent:</strong></span> <span class='ocrx_word' id='word_1_63' title='bbox 1710 1278 2074 1344; x_wconf 77' lang='lat' dir='ltr'><strong>Phoenices</strong></span> <span class='ocrx_word' id='word_1_64' title='bbox 2117 1276 2336 1344; x_wconf 80' lang='lat' dir='ltr'><strong>Gazae</strong></span> 
     </span>
     <span class='ocr_line' id='line_1_10' title="bbox 394 1361 2337 1448; baseline -0.002 -18"><span class='ocrx_word' id='word_1_65' title='bbox 394 1383 650 1448; x_wconf 91' lang='lat' dir='ltr'><strong>quoque</strong></span> <span class='ocrx_word' id='word_1_66' title='bbox 693 1371 758 1427; x_wconf 91' lang='lat' dir='ltr'><strong>et</strong></span> <span class='ocrx_word' id='word_1_67' title='bbox 802 1363 993 1429; x_wconf 83' lang='lat' dir='ltr'><strong>Azoti</strong></span> <span class='ocrx_word' id='word_1_68' title='bbox 1035 1361 1190 1427; x_wconf 92' lang='lat' dir='ltr'><strong>olim</strong></span> <span class='ocrx_word' id='word_1_69' title='bbox 1229 1362 1432 1427; x_wconf 88' lang='lat' dir='ltr'><strong>fuisse</strong></span> <span class='ocrx_word' id='word_1_70' title='bbox 1474 1361 1790 1429; x_wconf 91' lang='lat' dir='ltr'><strong>dominos.</strong></span> <span class='ocrx_word' id='word_1_71' title='bbox 1880 1362 2098 1446; x_wconf 78' lang='lat' dir='ltr'><strong>Quam</strong></span> <span class='ocrx_word' id='word_1_72' title='bbox 2143 1362 2337 1447; x_wconf 89' lang='lat' dir='ltr'><strong>longe</strong></span> 
     </span>
     <span class='ocr_line' id='line_1_11' title="bbox 398 1447 2336 1532; baseline -0.002 -16"><span class='ocrx_word' id='word_1_73' title='bbox 398 1471 468 1516; x_wconf 90' lang='lat' dir='ltr'><strong>se</strong></span> <span class='ocrx_word' id='word_1_74' title='bbox 524 1448 873 1532; x_wconf 79' lang='lat' dir='ltr'><strong>portendat</strong></span> <span class='ocrx_word' id='word_1_75' title='bbox 937 1448 1232 1515; x_wconf 90' lang='lat' dir='ltr'><strong>Libanus</strong></span> <span class='ocrx_word' id='word_1_76' title='bbox 1297 1447 1458 1514; x_wconf 89' lang='lat' dir='ltr'><strong>satis</strong></span> <span class='ocrx_word' id='word_1_77' title='bbox 1523 1456 1749 1513; x_wconf 93' lang='lat' dir='ltr'><strong>notum</strong></span> <span class='ocrx_word' id='word_1_78' title='bbox 1814 1458 1930 1516; x_wconf 89' lang='lat' dir='ltr'><strong>est.</strong></span> <span class='ocrx_word' id='word_1_79' title='bbox 2038 1449 2336 1516; x_wconf 88' lang='lat' dir='ltr'><strong>Montem</strong></span> 
     </span>
     <span class='ocr_line' id='line_1_12' title="bbox 397 1532 2338 1620; baseline -0.001 -20"><span class='ocrx_word' id='word_1_80' title='bbox 397 1535 574 1600; x_wconf 93' lang='lat' dir='ltr'><strong>enim</strong></span> <span class='ocrx_word' id='word_1_81' title='bbox 627 1533 926 1600; x_wconf 87' lang='lat' dir='ltr'><strong>Hermon</strong></span> <span class='ocrx_word' id='word_1_82' title='bbox 969 1532 1319 1617; x_wconf 88' lang='lat' dir='ltr'><strong>aliquando</strong></span> <span class='ocrx_word' id='word_1_83' title='bbox 1376 1533 1897 1618; x_wconf 89' lang='lat' dir='ltr'><strong>comprehendit:</strong></span> <span class='ocrx_word' id='word_1_84' title='bbox 1953 1541 2019 1601; x_wconf 91' lang='lat' dir='ltr'><strong>et</strong></span> <span class='ocrx_word' id='word_1_85' title='bbox 2072 1542 2338 1620; x_wconf 91' lang='lat' dir='ltr'><strong>propter</strong></span> 
     </span>
     <span class='ocr_line' id='line_1_13' title="bbox 394 1619 2337 1705; baseline -0.001 -19"><span class='ocrx_word' id='word_1_86' title='bbox 394 1620 871 1705; x_wconf 83' lang='lat' dir='ltr'><strong>longitudinem</strong></span> <span class='ocrx_word' id='word_1_87' title='bbox 935 1639 1090 1703; x_wconf 92' lang='lat' dir='ltr'><strong>pars</strong></span> <span class='ocrx_word' id='word_1_88' title='bbox 1134 1619 1553 1686; x_wconf 84' lang='lat' dir='ltr'><strong>Antilibanus</strong></span> <span class='ocrx_word' id='word_1_89' title='bbox 1617 1619 2135 1705; x_wconf 83' lang='lat' dir='ltr'><strong>cognominatur.</strong></span> <span class='ocrx_word' id='word_1_90' title='bbox 2232 1620 2337 1685; x_wconf 90' lang='lat' dir='ltr'><strong>De</strong></span> 
     </span>
     <span class='ocr_line' id='line_1_14' title="bbox 395 1704 2337 1788; baseline -0.001 -16"><span class='ocrx_word' id='word_1_91' title='bbox 395 1714 620 1772; x_wconf 91' lang='lat' dir='ltr'><strong>monte</strong></span> <span class='ocrx_word' id='word_1_92' title='bbox 641 1706 938 1772; x_wconf 92' lang='lat' dir='ltr'><strong>Hermon</strong></span> <span class='ocrx_word' id='word_1_93' title='bbox 981 1705 1312 1788; x_wconf 87' lang='lat' dir='ltr'><strong>reperient</strong></span> <span class='ocrx_word' id='word_1_94' title='bbox 1353 1704 1621 1771; x_wconf 89' lang='lat' dir='ltr'><strong>lectores</strong></span> <span class='ocrx_word' id='word_1_95' title='bbox 1645 1704 1914 1771; x_wconf 90' lang='lat' dir='ltr'><strong>Deuter.</strong></span> <span class='ocrx_word' id='word_1_96' title='bbox 1959 1706 2019 1771; x_wconf 89' lang='lat'><strong>4.</strong></span> <span class='ocrx_word' id='word_1_97' title='bbox 2085 1706 2337 1771; x_wconf 90' lang='lat' dir='ltr'><strong>Versus</strong></span> 
     </span>
     <span class='ocr_line' id='line_1_15' title="bbox 393 1789 2258 1876; baseline -0.003 -17"><span class='ocrx_word' id='word_1_98' title='bbox 393 1793 714 1859; x_wconf 86' lang='lat' dir='ltr'><strong>orientem</strong></span> <span class='ocrx_word' id='word_1_99' title='bbox 758 1800 858 1857; x_wconf 90' lang='lat' dir='ltr'><strong>est</strong></span> <span class='ocrx_word' id='word_1_100' title='bbox 899 1789 1251 1871; x_wconf 90' lang='lat' dir='ltr'><strong>Haemath‚</strong></span> <span class='ocrx_word' id='word_1_101' title='bbox 1295 1810 1458 1873; x_wconf 90' lang='lat' dir='ltr'><strong>quae</strong></span> <span class='ocrx_word' id='word_1_102' title='bbox 1502 1799 1567 1855; x_wconf 89' lang='lat' dir='ltr'><strong>et</strong></span> <span class='ocrx_word' id='word_1_103' title='bbox 1612 1789 1961 1858; x_wconf 87' lang='lat' dir='ltr'><strong>Antiochia</strong></span> <span class='ocrx_word' id='word_1_104' title='bbox 2003 1789 2258 1876; x_wconf 80' lang='lat' dir='ltr'><strong>Syriae.</strong></span> 
     </span>
     <span class='ocr_line' id='line_1_16' title="bbox 568 1875 2353 1943; baseline -0.001 0"><span class='ocrx_word' id='word_1_105' title='bbox 568 1878 628 1943; x_wconf 87' lang='grc'><strong>6.</strong></span> <span class='ocrx_word' id='word_1_106' title='bbox 696 1875 922 1943; x_wconf 82' lang='lat' dir='ltr'><strong>Omnes</strong></span> <span class='ocrx_word' id='word_1_107' title='bbox 962 1876 1337 1943; x_wconf 77' lang='lat' dir='ltr'><strong>habitatores</strong></span> <span class='ocrx_word' id='word_1_108' title='bbox 1390 1876 1634 1943; x_wconf 82' lang='lat' dir='ltr'><strong>montis.</strong></span> <span class='ocrx_word' id='word_1_109' title='bbox 1722 1875 1973 1943; x_wconf 91' lang='lat' dir='ltr'><strong>Iterum</strong></span> <span class='ocrx_word' id='word_1_110' title='bbox 2034 1883 2353 1942; x_wconf 70' lang='lat' dir='ltr'><strong>monetur·</strong></span> 
     </span>
     <span class='ocr_line' id='line_1_17' title="bbox 393 1960 2339 2048; baseline -0.001 -21"><span class='ocrx_word' id='word_1_111' title='bbox 393 1962 612 2042; x_wconf 92' lang='lat' dir='ltr'><strong>Iosue‚</strong></span> <span class='ocrx_word' id='word_1_112' title='bbox 687 1962 985 2046; x_wconf 86' lang='lat' dir='ltr'><strong>quamvis</strong></span> <span class='ocrx_word' id='word_1_113' title='bbox 1043 1961 1342 2048; x_wconf 86' lang='lat' dir='ltr'><strong>regiones</strong></span> <span class='ocrx_word' id='word_1_114' title='bbox 1406 1960 1553 2028; x_wconf 91' lang='lat' dir='ltr'><strong>illas</strong></span> <span class='ocrx_word' id='word_1_115' title='bbox 1614 1960 1902 2027; x_wconf 89' lang='lat' dir='ltr'><strong>nondum</strong></span> <span class='ocrx_word' id='word_1_116' title='bbox 1966 1962 2339 2047; x_wconf 86' lang='lat' dir='ltr'><strong>possideant</strong></span> 
     </span>
     <span class='ocr_line' id='line_1_18' title="bbox 391 2046 2339 2130; baseline -0.001 -15"><span class='ocrx_word' id='word_1_117' title='bbox 391 2048 759 2125; x_wconf 87' lang='lat' dir='ltr'><strong>Israelitae,</strong></span> <span class='ocrx_word' id='word_1_118' title='bbox 817 2068 903 2113; x_wconf 93' lang='lat' dir='ltr'><strong>ne</strong></span> <span class='ocrx_word' id='word_1_119' title='bbox 955 2055 1174 2113; x_wconf 92' lang='lat' dir='ltr'><strong>tamen</strong></span> <span class='ocrx_word' id='word_1_120' title='bbox 1232 2047 1641 2113; x_wconf 88' lang='lat' dir='ltr'><strong>sortitionem</strong></span> <span class='ocrx_word' id='word_1_121' title='bbox 1686 2047 1975 2127; x_wconf 85' lang='lat' dir='ltr'><strong>differat,</strong></span> <span class='ocrx_word' id='word_1_122' title='bbox 2018 2046 2148 2114; x_wconf 91' lang='lat' dir='ltr'><strong>Dei</strong></span> <span class='ocrx_word' id='word_1_123' title='bbox 2189 2067 2339 2130; x_wconf 92' lang='lat' dir='ltr'><strong>pro-</strong></span> 
     </span>
     <span class='ocr_line' id='line_1_19' title="bbox 398 2132 2338 2217; baseline -0.002 -17"><span class='ocrx_word' id='word_1_124' title='bbox 398 2135 709 2201; x_wconf 89' lang='lat' dir='ltr'><strong>missione</strong></span> <span class='ocrx_word' id='word_1_125' title='bbox 731 2134 958 2210; x_wconf 89' lang='lat' dir='ltr'><strong>fretus‚</strong></span> <span class='ocrx_word' id='word_1_126' title='bbox 997 2133 1148 2217; x_wconf 91' lang='lat' dir='ltr'><strong>quia</strong></span> <span class='ocrx_word' id='word_1_127' title='bbox 1170 2132 1326 2199; x_wconf 89' lang='lat' dir='ltr'><strong>mali</strong></span> <span class='ocrx_word' id='word_1_128' title='bbox 1425 2154 1460 2199; x_wconf 96' lang='lat' dir='ltr'><strong>e</strong></span> <span class='ocrx_word' id='word_1_129' title='bbox 1496 2134 1639 2199; x_wconf 90' lang='lat' dir='ltr'><strong>eius</strong></span> <span class='ocrx_word' id='word_1_130' title='bbox 1674 2134 1908 2199; x_wconf 82' lang='lat' dir='ltr'><strong>virtuti</strong></span> <span class='ocrx_word' id='word_1_131' title='bbox 1945 2133 2338 2210; x_wconf 88' lang='lat' dir='ltr'><strong>detraheret,</strong></span> 
     </span>
     <span class='ocr_line' id='line_1_20' title="bbox 397 2154 2338 2303; baseline -0.002 -16"><span class='ocrx_word' id='word_1_132' title='bbox 397 2221 458 2287; x_wconf 92' lang='lat' dir='ltr'><strong>si</strong></span> <span class='ocrx_word' id='word_1_133' title='bbox 501 2220 860 2303; x_wconf 85' lang='lat' dir='ltr'><strong>ambigeret</strong></span> <span class='ocrx_word' id='word_1_134' title='bbox 903 2219 984 2285; x_wconf 90' lang='lat' dir='ltr'><strong>de</strong></span> <span class='ocrx_word' id='word_1_135' title='bbox 1018 2227 1278 2285; x_wconf 86' lang='lat' dir='ltr'><strong>eventu.</strong></span> <span class='ocrx_word' id='word_1_136' title='bbox 1331 2154 1497 2284; x_wconf 50' lang='lat' dir='ltr'><strong>Ideo</strong></span> <span class='ocrx_word' id='word_1_137' title='bbox 1533 2218 1802 2284; x_wconf 88' lang='lat' dir='ltr'><strong>dicitur:</strong></span> <span class='ocrx_word' id='word_1_138' title='bbox 1847 2219 2130 2284; x_wconf 81' lang='lat' dir='ltr'><strong>Tantum</strong></span> <span class='ocrx_word' id='word_1_139' title='bbox 2166 2217 2338 2303; x_wconf 91' lang='lat' dir='ltr'><strong>quod</strong></span> 
     </span>
     <span class='ocr_line' id='line_1_21' title="bbox 396 2304 2339 2388; baseline -0.002 -16"><span class='ocrx_word' id='word_1_140' title='bbox 396 2306 494 2372; x_wconf 89' lang='lat' dir='ltr'><strong>tui</strong></span> <span class='ocrx_word' id='word_1_141' title='bbox 539 2305 738 2372; x_wconf 83' lang='lat' dir='ltr'><strong>officii</strong></span> <span class='ocrx_word' id='word_1_142' title='bbox 781 2312 881 2371; x_wconf 88' lang='lat' dir='ltr'><strong>est</strong></span> <span class='ocrx_word' id='word_1_143' title='bbox 921 2316 1184 2388; x_wconf 88' lang='lat' dir='ltr'><strong>praesta</strong></span> <span class='ocrx_word' id='word_1_144' title='bbox 1224 2305 1298 2369; x_wconf 93' lang='lat' dir='ltr'><strong>in</strong></span> <span class='ocrx_word' id='word_1_145' title='bbox 1343 2304 1798 2372; x_wconf 86' lang='lat' dir='ltr'><strong>distributione</strong></span> <span class='ocrx_word' id='word_1_146' title='bbox 1841 2312 2092 2371; x_wconf 85' lang='lat' dir='ltr'><strong>terrae:</strong></span> <span class='ocrx_word' id='word_1_147' title='bbox 2136 2324 2257 2370; x_wconf 90' lang='lat' dir='ltr'><strong>nec</strong></span> <span class='ocrx_word' id='word_1_148' title='bbox 2300 2323 2339 2368; x_wconf 98' lang='lat' dir='ltr'><strong>a</strong></span> 
     </span>
     <span class='ocr_line' id='line_1_22' title="bbox 396 2389 2335 2475; baseline -0.001 -17"><span class='ocrx_word' id='word_1_149' title='bbox 396 2399 575 2458; x_wconf 84' lang='lat' dir='ltr'><strong>sorte</strong></span> <span class='ocrx_word' id='word_1_150' title='bbox 618 2392 945 2457; x_wconf 84' lang='lat' dir='ltr'><strong>eximatur</strong></span> <span class='ocrx_word' id='word_1_151' title='bbox 987 2390 1157 2475; x_wconf 91' lang='lat' dir='ltr'><strong>quod</strong></span> <span class='ocrx_word' id='word_1_152' title='bbox 1202 2389 1414 2457; x_wconf 91' lang='lat' dir='ltr'><strong>adhuc</strong></span> <span class='ocrx_word' id='word_1_153' title='bbox 1457 2411 1682 2457; x_wconf 89' lang='lat' dir='ltr'><strong>secure</strong></span> <span class='ocrx_word' id='word_1_154' title='bbox 1724 2390 2026 2456; x_wconf 85' lang='lat' dir='ltr'><strong>obtinent</strong></span> <span class='ocrx_word' id='word_1_155' title='bbox 2078 2390 2335 2457; x_wconf 89' lang='lat' dir='ltr'><strong>hostes:</strong></span> 
     </span>
     <span class='ocr_line' id='line_1_23' title="bbox 443 2474 2338 2559; baseline 0 -17"><span class='ocrx_word' id='word_1_156' title='bbox 443 2477 553 2543; x_wconf 90' lang='lat' dir='ltr'><strong>uia</strong></span> <span class='ocrx_word' id='word_1_157' title='bbox 595 2476 759 2542; x_wconf 91' lang='lat' dir='ltr'><strong>mihi</strong></span> <span class='ocrx_word' id='word_1_158' title='bbox 801 2497 994 2543; x_wconf 89' lang='lat' dir='ltr'><strong>curae</strong></span> <span class='ocrx_word' id='word_1_159' title='bbox 1053 2476 1179 2542; x_wconf 91' lang='lat' dir='ltr'><strong>erit</strong></span> <span class='ocrx_word' id='word_1_160' title='bbox 1229 2474 1398 2558; x_wconf 93' lang='lat' dir='ltr'><strong>quod</strong></span> <span class='ocrx_word' id='word_1_161' title='bbox 1451 2476 1725 2559; x_wconf 88' lang='lat' dir='ltr'><strong>promisi</strong></span> <span class='ocrx_word' id='word_1_162' title='bbox 1780 2475 2070 2559; x_wconf 89' lang='lat' dir='ltr'><strong>implere.</strong></span> <span class='ocrx_word' id='word_1_163' title='bbox 2160 2474 2338 2542; x_wconf 90' lang='lat' dir='ltr'><strong>Hinc</strong></span> 
     </span>
     <span class='ocr_line' id='line_1_24' title="bbox 447 2559 2337 2646; baseline -0.003 -16"><span class='ocrx_word' id='word_1_164' title='bbox 447 2563 764 2643; x_wconf 84' lang='lat' dir='ltr'><strong>&#39;scamus,</strong></span> <span class='ocrx_word' id='word_1_165' title='bbox 820 2563 892 2627; x_wconf 92' lang='lat' dir='ltr'><strong>in</strong></span> <span class='ocrx_word' id='word_1_166' title='bbox 949 2559 1377 2645; x_wconf 74' lang='lat' dir='ltr'><strong>suscipiendis</strong></span> <span class='ocrx_word' id='word_1_167' title='bbox 1434 2561 1712 2646; x_wconf 87' lang='lat' dir='ltr'><strong>negotiis</strong></span> <span class='ocrx_word' id='word_1_168' title='bbox 1772 2561 1867 2626; x_wconf 91' lang='lat' dir='ltr'><strong>sic</strong></span> <span class='ocrx_word' id='word_1_169' title='bbox 1920 2559 2205 2646; x_wconf 87' lang='lat' dir='ltr'><strong>pendere</strong></span> <span class='ocrx_word' id='word_1_170' title='bbox 2255 2559 2337 2625; x_wconf 90' lang='lat' dir='ltr'><strong>ab</strong></span> 
     </span>
     <span class='ocr_line' id='line_1_25' title="bbox 397 2645 2339 2731; baseline -0.002 -16"><span class='ocrx_word' id='word_1_171' title='bbox 397 2669 512 2715; x_wconf 88' lang='lat' dir='ltr'><strong>ore</strong></span> <span class='ocrx_word' id='word_1_172' title='bbox 557 2647 714 2727; x_wconf 91' lang='lat' dir='ltr'><strong>Dei,</strong></span> <span class='ocrx_word' id='word_1_173' title='bbox 768 2668 850 2714; x_wconf 89' lang='lat' dir='ltr'><strong>ne</strong></span> <span class='ocrx_word' id='word_1_174' title='bbox 907 2667 1037 2731; x_wconf 91' lang='lat' dir='ltr'><strong>qua</strong></span> <span class='ocrx_word' id='word_1_175' title='bbox 1089 2645 1405 2713; x_wconf 90' lang='lat' dir='ltr'><strong>dubitatio</strong></span> <span class='ocrx_word' id='word_1_176' title='bbox 1461 2667 1580 2713; x_wconf 91' lang='lat' dir='ltr'><strong>nos</strong></span> <span class='ocrx_word' id='word_1_177' title='bbox 1633 2655 1941 2713; x_wconf 90' lang='lat' dir='ltr'><strong>moretur.</strong></span> <span class='ocrx_word' id='word_1_178' title='bbox 2029 2646 2178 2712; x_wconf 86' lang='lat' dir='ltr'><strong>Non</strong></span> <span class='ocrx_word' id='word_1_179' title='bbox 2237 2653 2339 2713; x_wconf 89' lang='lat' dir='ltr'><strong>est</strong></span> 
     </span>
     <span class='ocr_line' id='line_1_26' title="bbox 398 2732 2338 2818; baseline -0.002 -18"><span class='ocrx_word' id='word_1_180' title='bbox 398 2734 662 2818; x_wconf 89' lang='lat' dir='ltr'><strong>quidem</strong></span> <span class='ocrx_word' id='word_1_181' title='bbox 706 2740 1027 2813; x_wconf 87' lang='lat' dir='ltr'><strong>nostrum,</strong></span> <span class='ocrx_word' id='word_1_182' title='bbox 1070 2751 1276 2798; x_wconf 84' lang='lat' dir='ltr'><strong>vanas</strong></span> <span class='ocrx_word' id='word_1_183' title='bbox 1311 2752 1461 2816; x_wconf 91' lang='lat' dir='ltr'><strong>spes</strong></span> <span class='ocrx_word' id='word_1_184' title='bbox 1499 2732 1686 2799; x_wconf 90' lang='lat' dir='ltr'><strong>nobis</strong></span> <span class='ocrx_word' id='word_1_185' title='bbox 1719 2732 2063 2799; x_wconf 87' lang='lat' dir='ltr'><strong>fabricare:</strong></span> <span class='ocrx_word' id='word_1_186' title='bbox 2108 2752 2338 2799; x_wconf 87' lang='lat' dir='ltr'><strong>verum</strong></span> 
     </span>
     <span class='ocr_line' id='line_1_27' title="bbox 399 2817 2339 2894; baseline -0.003 -7"><span class='ocrx_word' id='word_1_187' title='bbox 399 2819 514 2887; x_wconf 89' lang='lat' dir='ltr'><strong>ubi</strong></span> <span class='ocrx_word' id='word_1_188' title='bbox 557 2820 630 2884; x_wconf 93' lang='lat' dir='ltr'><strong>in</strong></span> <span class='ocrx_word' id='word_1_189' title='bbox 674 2818 817 2884; x_wconf 90' lang='lat' dir='ltr'><strong>Deo</strong></span> <span class='ocrx_word' id='word_1_190' title='bbox 858 2818 1130 2884; x_wconf 89' lang='lat' dir='ltr'><strong>fundata</strong></span> <span class='ocrx_word' id='word_1_191' title='bbox 1173 2825 1277 2883; x_wconf 88' lang='lat' dir='ltr'><strong>est</strong></span> <span class='ocrx_word' id='word_1_192' title='bbox 1317 2823 1546 2883; x_wconf 88' lang='lat' dir='ltr'><strong>nostra</strong></span> <span class='ocrx_word' id='word_1_193' title='bbox 1586 2818 1842 2894; x_wconf 87' lang='lat' dir='ltr'><strong>fiducia,</strong></span> <span class='ocrx_word' id='word_1_194' title='bbox 1885 2817 2339 2884; x_wconf 89' lang='lat' dir='ltr'><strong>tantummodo</strong></span> 
     </span>
     <span class='ocr_line' id='line_1_28' title="bbox 397 2904 2338 2989; baseline -0.001 -18"><span class='ocrx_word' id='word_1_195' title='bbox 397 2904 918 2989; x_wconf 89' lang='lat' dir='ltr'><strong>obtemperemus</strong></span> <span class='ocrx_word' id='word_1_196' title='bbox 961 2904 1099 2970; x_wconf 90' lang='lat' dir='ltr'><strong>suis</strong></span> <span class='ocrx_word' id='word_1_197' title='bbox 1141 2904 1500 2970; x_wconf 90' lang='lat' dir='ltr'><strong>mandatis:</strong></span> <span class='ocrx_word' id='word_1_198' title='bbox 1544 2905 1698 2989; x_wconf 90' lang='lat' dir='ltr'><strong>quia</strong></span> <span class='ocrx_word' id='word_1_199' title='bbox 1741 2904 2162 2970; x_wconf 91' lang='lat' dir='ltr'><strong>metuendum</strong></span> <span class='ocrx_word' id='word_1_200' title='bbox 2205 2923 2338 2969; x_wconf 88' lang='lat' dir='ltr'><strong>non</strong></span> 
     </span>
     <span class='ocr_line' id='line_1_29' title="bbox 401 2988 2337 3070; baseline -0.002 -12"><span class='ocrx_word' id='word_1_201' title='bbox 401 3000 533 3070; x_wconf 87' lang='lat' dir='ltr'><strong>est,</strong></span> <span class='ocrx_word' id='word_1_202' title='bbox 586 3011 671 3056; x_wconf 90' lang='lat' dir='ltr'><strong>ne</strong></span> <span class='ocrx_word' id='word_1_203' title='bbox 715 2997 989 3057; x_wconf 83' lang='lat' dir='ltr'><strong>eventus</strong></span> <span class='ocrx_word' id='word_1_204' title='bbox 1031 3010 1153 3055; x_wconf 90' lang='lat' dir='ltr'><strong>nos</strong></span> <span class='ocrx_word' id='word_1_205' title='bbox 1196 2988 1565 3055; x_wconf 85' lang='lat' dir='ltr'><strong>frustretur.</strong></span> <span class='ocrx_word' id='word_1_206' title='bbox 1653 2989 1894 3057; x_wconf 88' lang='lat' dir='ltr'><strong>Postea</strong></span> <span class='ocrx_word' id='word_1_207' title='bbox 1935 3008 2176 3056; x_wconf 84' lang='lat' dir='ltr'><strong>novem</strong></span> <span class='ocrx_word' id='word_1_208' title='bbox 2220 2989 2337 3054; x_wconf 88' lang='lat' dir='ltr'><strong>tri·</strong></span> 
     </span>
     <span class='ocr_line' id='line_1_30' title="bbox 398 3074 2339 3161; baseline -0.001 -20"><span class='ocrx_word' id='word_1_209' title='bbox 398 3075 613 3143; x_wconf 89' lang='lat' dir='ltr'><strong>bubus</strong></span> <span class='ocrx_word' id='word_1_210' title='bbox 656 3083 724 3141; x_wconf 88' lang='lat' dir='ltr'><strong>et</strong></span> <span class='ocrx_word' id='word_1_211' title='bbox 778 3075 1080 3141; x_wconf 89' lang='lat' dir='ltr'><strong>dimidiae</strong></span> <span class='ocrx_word' id='word_1_212' title='bbox 1137 3082 1387 3140; x_wconf 85' lang='lat' dir='ltr'><strong>terram</strong></span> <span class='ocrx_word' id='word_1_213' title='bbox 1431 3074 1748 3141; x_wconf 87' lang='lat' dir='ltr'><strong>Ohanaan</strong></span> <span class='ocrx_word' id='word_1_214' title='bbox 1802 3074 2125 3161; x_wconf 83' lang='lat' dir='ltr'><strong>assignat:</strong></span> <span class='ocrx_word' id='word_1_215' title='bbox 2229 3075 2339 3141; x_wconf 90' lang='lat' dir='ltr'><strong>uia</strong></span> 
     </span>
     <span class='ocr_line' id='line_1_31' title="bbox 397 3159 2255 3242; baseline -0.002 -15"><span class='ocrx_word' id='word_1_216' title='bbox 397 3170 585 3228; x_wconf 88' lang='lat' dir='ltr'><strong>trans</strong></span> <span class='ocrx_word' id='word_1_217' title='bbox 626 3160 975 3227; x_wconf 88' lang='lat' dir='ltr'><strong>Iordanem</strong></span> <span class='ocrx_word' id='word_1_218' title='bbox 1019 3159 1403 3241; x_wconf 88' lang='lat' dir='ltr'><strong>Rubenitis,</strong></span> <span class='ocrx_word' id='word_1_219' title='bbox 1459 3167 1525 3225; x_wconf 90' lang='lat' dir='ltr'><strong>et</strong></span> <span class='ocrx_word' id='word_1_220' title='bbox 1573 3159 1835 3228; x_wconf 85' lang='lat' dir='ltr'><strong>Gaditis</strong></span> <span class='ocrx_word' id='word_1_221' title='bbox 1852 3210 1868 3242; x_wconf 94' lang='lat'>‚</span> <span class='ocrx_word' id='word_1_222' title='bbox 1924 3169 1991 3226; x_wconf 88' lang='lat' dir='ltr'><strong>et</strong></span> <span class='ocrx_word' id='word_1_223' title='bbox 2033 3160 2192 3226; x_wconf 92' lang='lat' dir='ltr'><strong>dimi</strong></span> <span class='ocrx_word' id='word_1_224' title='bbox 2242 3161 2255 3175; x_wconf 79' lang='lat'>⁸</span> 
     </span>
     <span class='ocr_line' id='line_1_32' title="bbox 398 3245 2337 3330; baseline -0.001 -18"><span class='ocrx_word' id='word_1_225' title='bbox 398 3248 600 3314; x_wconf 87' lang='lat' dir='ltr'><strong>tribui</strong></span> <span class='ocrx_word' id='word_1_226' title='bbox 657 3247 964 3313; x_wconf 89' lang='lat' dir='ltr'><strong>Manasse</strong></span> <span class='ocrx_word' id='word_1_227' title='bbox 1021 3246 1173 3312; x_wconf 90' lang='lat' dir='ltr'><strong>data</strong></span> <span class='ocrx_word' id='word_1_228' title='bbox 1229 3245 1316 3313; x_wconf 90' lang='lat' dir='ltr'><strong>sit</strong></span> <span class='ocrx_word' id='word_1_229' title='bbox 1372 3267 1493 3313; x_wconf 89' lang='lat' dir='ltr'><strong>sua</strong></span> <span class='ocrx_word' id='word_1_230' title='bbox 1558 3246 1786 3330; x_wconf 90' lang='lat' dir='ltr'><strong>portio.</strong></span> <span class='ocrx_word' id='word_1_231' title='bbox 1895 3246 2047 3312; x_wconf 89' lang='lat' dir='ltr'><strong>Etsi</strong></span> <span class='ocrx_word' id='word_1_232' title='bbox 2117 3255 2337 3311; x_wconf 90' lang='lat' dir='ltr'><strong>autem</strong></span> 
     </span>
     <span class='ocr_line' id='line_1_33' title="bbox 400 3331 2338 3417; baseline 0 -20"><span class='ocrx_word' id='word_1_233' title='bbox 400 3332 660 3398; x_wconf 84' lang='lat' dir='ltr'><strong>videtur</strong></span> <span class='ocrx_word' id='word_1_234' title='bbox 713 3334 782 3403; x_wconf 77' lang='lat' dir='ltr'><strong>in</strong></span> <span class='ocrx_word' id='word_1_235' title='bbox 841 3332 948 3399; x_wconf 90' lang='lat' dir='ltr'><strong>his</strong></span> <span class='ocrx_word' id='word_1_236' title='bbox 1003 3332 1222 3399; x_wconf 83' lang='lat' dir='ltr'><strong>verbis</strong></span> <span class='ocrx_word' id='word_1_237' title='bbox 1279 3351 1423 3399; x_wconf 91' lang='lat' dir='ltr'><strong>esse</strong></span> <span class='ocrx_word' id='word_1_238' title='bbox 1480 3331 1863 3417; x_wconf 86' lang='lat' dir='ltr'><strong>battologia:</strong></span> <span class='ocrx_word' id='word_1_239' title='bbox 1922 3331 2104 3415; x_wconf 77' lang='lat' dir='ltr'><strong>Quas</strong></span> <span class='ocrx_word' id='word_1_240' title='bbox 2158 3331 2338 3398; x_wconf 89' lang='lat' dir='ltr'><strong>dedit</strong></span> 
     </span>
     <span class='ocr_line' id='line_1_34' title="bbox 396 3416 2335 3499; baseline -0.001 -14"><span class='ocrx_word' id='word_1_241' title='bbox 396 3419 531 3486; x_wconf 89' lang='lat' dir='ltr'><strong>illis</strong></span> <span class='ocrx_word' id='word_1_242' title='bbox 581 3418 837 3498; x_wconf 87' lang='lat' dir='ltr'><strong>Moses,</strong></span> <span class='ocrx_word' id='word_1_243' title='bbox 903 3418 1071 3485; x_wconf 91' lang='lat' dir='ltr'><strong>sicut</strong></span> <span class='ocrx_word' id='word_1_244' title='bbox 1135 3416 1314 3483; x_wconf 89' lang='lat' dir='ltr'><strong>dedit</strong></span> <span class='ocrx_word' id='word_1_245' title='bbox 1377 3417 1510 3484; x_wconf 89' lang='lat' dir='ltr'><strong>illis</strong></span> <span class='ocrx_word' id='word_1_246' title='bbox 1560 3418 1810 3499; x_wconf 84' lang='lat' dir='ltr'><strong>Moses,</strong></span> <span class='ocrx_word' id='word_1_247' title='bbox 1881 3418 2050 3484; x_wconf 88' lang='lat' dir='ltr'><strong>nihil</strong></span> <span class='ocrx_word' id='word_1_248' title='bbox 2112 3421 2335 3484; x_wconf 89' lang='lat' dir='ltr'><strong>tamen</strong></span> 
     </span>
     <span class='ocr_line' id='line_1_35' title="bbox 396 3503 2335 3589; baseline -0.002 -17"><span class='ocrx_word' id='word_1_249' title='bbox 396 3505 806 3589; x_wconf 87' lang='lat' dir='ltr'><strong>superfluum</strong></span> <span class='ocrx_word' id='word_1_250' title='bbox 849 3511 973 3569; x_wconf 89' lang='lat' dir='ltr'><strong>est:</strong></span> <span class='ocrx_word' id='word_1_251' title='bbox 1036 3504 1191 3587; x_wconf 91' lang='lat' dir='ltr'><strong>quia</strong></span> <span class='ocrx_word' id='word_1_252' title='bbox 1243 3503 1530 3570; x_wconf 91' lang='lat' dir='ltr'><strong>secundo</strong></span> <span class='ocrx_word' id='word_1_253' title='bbox 1569 3503 1865 3571; x_wconf 87' lang='lat' dir='ltr'><strong>membro</strong></span> <span class='ocrx_word' id='word_1_254' title='bbox 1907 3504 2335 3571; x_wconf 89' lang='lat' dir='ltr'><strong>confirmatur</strong></span> 
     </span>
     <span class='ocr_line' id='line_1_36' title="bbox 397 3588 2335 3675; baseline -0.002 -18"><span class='ocrx_word' id='word_1_255' title='bbox 397 3590 695 3657; x_wconf 90' lang='lat' dir='ltr'><strong>donatio:</strong></span> <span class='ocrx_word' id='word_1_256' title='bbox 738 3610 815 3657; x_wconf 92' lang='lat' dir='ltr'><strong>ac</strong></span> <span class='ocrx_word' id='word_1_257' title='bbox 848 3590 904 3656; x_wconf 93' lang='lat' dir='ltr'><strong>si</strong></span> <span class='ocrx_word' id='word_1_258' title='bbox 926 3588 1108 3655; x_wconf 91' lang='lat' dir='ltr'><strong>Deus</strong></span> <span class='ocrx_word' id='word_1_259' title='bbox 1142 3596 1361 3654; x_wconf 88' lang='lat' dir='ltr'><strong>ratum</strong></span> <span class='ocrx_word' id='word_1_260' title='bbox 1396 3609 1542 3656; x_wconf 89' lang='lat' dir='ltr'><strong>esse</strong></span> <span class='ocrx_word' id='word_1_261' title='bbox 1583 3588 1837 3656; x_wconf 90' lang='lat' dir='ltr'><strong>iuberet</strong></span> <span class='ocrx_word' id='word_1_262' title='bbox 1878 3588 2050 3675; x_wconf 90' lang='lat' dir='ltr'><strong>quod</strong></span> <span class='ocrx_word' id='word_1_263' title='bbox 2091 3589 2335 3655; x_wconf 88' lang='lat' dir='ltr'><strong>factum</strong></span> 
     </span>
     <span class='ocr_line' id='line_1_37' title="bbox 397 3673 2338 3760; baseline -0.001 -17"><span class='ocrx_word' id='word_1_264' title='bbox 397 3684 518 3743; x_wconf 89' lang='lat' dir='ltr'><strong>est.</strong></span> <span class='ocrx_word' id='word_1_265' title='bbox 607 3673 798 3742; x_wconf 92' lang='lat' dir='ltr'><strong>Sicut</strong></span> <span class='ocrx_word' id='word_1_266' title='bbox 838 3695 996 3760; x_wconf 89' lang='lat' dir='ltr'><strong>ergo</strong></span> <span class='ocrx_word' id='word_1_267' title='bbox 1033 3673 1212 3740; x_wconf 90' lang='lat' dir='ltr'><strong>dedit</strong></span> <span class='ocrx_word' id='word_1_268' title='bbox 1252 3674 1382 3742; x_wconf 90' lang='lat' dir='ltr'><strong>illis</strong></span> <span class='ocrx_word' id='word_1_269' title='bbox 1425 3675 1645 3741; x_wconf 89' lang='lat' dir='ltr'><strong>Moses</strong></span> <span class='ocrx_word' id='word_1_270' title='bbox 1688 3682 1928 3742; x_wconf 88' lang='lat' dir='ltr'><strong>terram</strong></span> <span class='ocrx_word' id='word_1_271' title='bbox 1973 3675 2184 3754; x_wconf 90' lang='lat' dir='ltr'><strong>illam,</strong></span> <span class='ocrx_word' id='word_1_272' title='bbox 2241 3675 2338 3741; x_wconf 86' lang='lat' dir='ltr'><strong>ita</strong></span> 
     </span>
     <span class='ocr_line' id='line_1_38' title="bbox 392 3760 2337 3845; baseline -0.001 -17"><span class='ocrx_word' id='word_1_273' title='bbox 392 3763 469 3828; x_wconf 92' lang='lat' dir='ltr'><strong>in</strong></span> <span class='ocrx_word' id='word_1_274' title='bbox 514 3761 655 3827; x_wconf 89' lang='lat' dir='ltr'><strong>eius</strong></span> <span class='ocrx_word' id='word_1_275' title='bbox 688 3762 1094 3845; x_wconf 87' lang='lat' dir='ltr'><strong>possessione</strong></span> <span class='ocrx_word' id='word_1_276' title='bbox 1126 3760 1465 3844; x_wconf 88' lang='lat' dir='ltr'><strong>tranquilli</strong></span> <span class='ocrx_word' id='word_1_277' title='bbox 1500 3770 1833 3828; x_wconf 89' lang='lat' dir='ltr'><strong>maneant.</strong></span> <span class='ocrx_word' id='word_1_278' title='bbox 1898 3760 2046 3828; x_wconf 91' lang='lat' dir='ltr'><strong>Hac</strong></span> <span class='ocrx_word' id='word_1_279' title='bbox 2080 3780 2337 3845; x_wconf 90' lang='lat' dir='ltr'><strong>quoque</strong></span> 
     </span>
     <span class='ocr_line' id='line_1_39' title="bbox 393 3845 2336 3932; baseline -0.001 -19"><span class='ocrx_word' id='word_1_280' title='bbox 393 3848 652 3914; x_wconf 87' lang='lat' dir='ltr'><strong>ratione</strong></span> <span class='ocrx_word' id='word_1_281' title='bbox 703 3846 1062 3932; x_wconf 84' lang='lat' dir='ltr'><strong>insignitur</strong></span> <span class='ocrx_word' id='word_1_282' title='bbox 1118 3845 1327 3931; x_wconf 87' lang='lat' dir='ltr'><strong>elogio</strong></span> <span class='ocrx_word' id='word_1_283' title='bbox 1373 3846 1550 3913; x_wconf 82' lang='lat' dir='ltr'><strong>servi</strong></span> <span class='ocrx_word' id='word_1_284' title='bbox 1604 3848 1762 3914; x_wconf 89' lang='lat' dir='ltr'><strong>Dei:</strong></span> <span class='ocrx_word' id='word_1_285' title='bbox 1829 3868 1914 3913; x_wconf 92' lang='lat' dir='ltr'><strong>ne</strong></span> <span class='ocrx_word' id='word_1_286' title='bbox 1978 3847 2126 3929; x_wconf 86' lang='lat' dir='ltr'><strong>quis</strong></span> <span class='ocrx_word' id='word_1_287' title='bbox 2182 3867 2336 3914; x_wconf 93' lang='lat' dir='ltr'><strong>con-</strong></span> 
     </span>
     <span class='ocr_line' id='line_1_40' title="bbox 394 3931 2334 4017; baseline -0.002 -16"><span class='ocrx_word' id='word_1_288' title='bbox 394 3931 603 4001; x_wconf 83' lang='lat' dir='ltr'><strong>vellat</strong></span> <span class='ocrx_word' id='word_1_289' title='bbox 658 3931 991 3998; x_wconf 90' lang='lat' dir='ltr'><strong>decretum</strong></span> <span class='ocrx_word' id='word_1_290' title='bbox 1048 3931 1214 3997; x_wconf 90' lang='lat' dir='ltr'><strong>illud</strong></span> <span class='ocrx_word' id='word_1_291' title='bbox 1271 3932 1443 4014; x_wconf 91' lang='lat' dir='ltr'><strong>quod</strong></span> <span class='ocrx_word' id='word_1_292' title='bbox 1500 3953 1579 3998; x_wconf 89' lang='lat' dir='ltr'><strong>ex</strong></span> <span class='ocrx_word' id='word_1_293' title='bbox 1626 3932 1751 3999; x_wconf 91' lang='lat' dir='ltr'><strong>Dei</strong></span> <span class='ocrx_word' id='word_1_294' title='bbox 1797 3935 2142 3999; x_wconf 84' lang='lat' dir='ltr'><strong>autoritate</strong></span> <span class='ocrx_word' id='word_1_295' title='bbox 2184 3952 2334 4017; x_wconf 92' lang='lat' dir='ltr'><strong>pro-</strong></span> 
     </span>
     <span class='ocr_line' id='line_1_41' title="bbox 393 4016 2335 4085; baseline -0.001 -1"><span class='ocrx_word' id='word_1_296' title='bbox 393 4019 550 4084; x_wconf 87' lang='lat' dir='ltr'><strong>tulit</strong></span> <span class='ocrx_word' id='word_1_297' title='bbox 603 4017 813 4084; x_wconf 90' lang='lat' dir='ltr'><strong>fidelis</strong></span> <span class='ocrx_word' id='word_1_298' title='bbox 870 4016 1187 4082; x_wconf 88' lang='lat' dir='ltr'><strong>minister.</strong></span> <span class='ocrx_word' id='word_1_299' title='bbox 1275 4017 1368 4082; x_wconf 89' lang='lat' dir='ltr'><strong>Et</strong></span> <span class='ocrx_word' id='word_1_300' title='bbox 1424 4028 1599 4083; x_wconf 89' lang='lat' dir='ltr'><strong>certe</strong></span> <span class='ocrx_word' id='word_1_301' title='bbox 1655 4018 1881 4085; x_wconf 91' lang='lat' dir='ltr'><strong>litibus</strong></span> <span class='ocrx_word' id='word_1_302' title='bbox 1935 4018 2195 4085; x_wconf 82' lang='lat' dir='ltr'><strong>obviam</strong></span> <span class='ocrx_word' id='word_1_303' title='bbox 2238 4019 2335 4083; x_wconf 90' lang='lat' dir='ltr'><strong>ire</strong></span> 
     </span>
     <span class='ocr_line' id='line_1_42' title="bbox 397 4102 2333 4187; baseline -0.001 -17"><span class='ocrx_word' id='word_1_304' title='bbox 397 4123 668 4171; x_wconf 88' lang='lat' dir='ltr'><strong>necesse</strong></span> <span class='ocrx_word' id='word_1_305' title='bbox 711 4103 865 4182; x_wconf 81' lang='lat' dir='ltr'><strong>fuit,</strong></span> <span class='ocrx_word' id='word_1_306' title='bbox 923 4122 1087 4185; x_wconf 91' lang='lat' dir='ltr'><strong>quae</strong></span> <span class='ocrx_word' id='word_1_307' title='bbox 1130 4102 1372 4187; x_wconf 89' lang='lat' dir='ltr'><strong>alioqui</strong></span> <span class='ocrx_word' id='word_1_308' title='bbox 1418 4102 1708 4185; x_wconf 88' lang='lat' dir='ltr'><strong>quotidie</strong></span> <span class='ocrx_word' id='word_1_309' title='bbox 1750 4105 2055 4171; x_wconf 90' lang='lat' dir='ltr'><strong>subortae</strong></span> <span class='ocrx_word' id='word_1_310' title='bbox 2098 4104 2333 4170; x_wconf 85' lang='lat' dir='ltr'><strong>forent.</strong></span> 
     </span>
     <span class='ocr_line' id='line_1_43' title="bbox 574 4187 2336 4256; baseline 0.002 -3"><span class='ocrx_word' id='word_1_311' title='bbox 574 4189 673 4254; x_wconf 89' lang='lat'><strong>14.</strong></span> <span class='ocrx_word' id='word_1_312' title='bbox 733 4188 1004 4255; x_wconf 80' lang='lat' dir='ltr'><strong>Tantum</strong></span> <span class='ocrx_word' id='word_1_313' title='bbox 1056 4187 1255 4254; x_wconf 75' lang='lat' dir='ltr'><strong>tribui</strong></span> <span class='ocrx_word' id='word_1_314' title='bbox 1296 4188 1469 4254; x_wconf 87' lang='lat' dir='ltr'><strong>Levi.</strong></span> <span class='ocrx_word' id='word_1_315' title='bbox 1559 4187 1938 4256; x_wconf 89' lang='lat' dir='ltr'><strong>Necessaria</strong></span> <span class='ocrx_word' id='word_1_316' title='bbox 1993 4190 2116 4255; x_wconf 85' lang='lat' dir='ltr'><strong>fuit</strong></span> <span class='ocrx_word' id='word_1_317' title='bbox 2173 4188 2336 4256; x_wconf 89' lang='lat' dir='ltr'><strong>haec</strong></span> 
     </span>
     <span class='ocr_line' id='line_1_44' title="bbox 398 4273 2335 4359; baseline -0.001 -18"><span class='ocrx_word' id='word_1_318' title='bbox 398 4294 656 4359; x_wconf 91' lang='lat' dir='ltr'><strong>quoque</strong></span> <span class='ocrx_word' id='word_1_319' title='bbox 715 4295 872 4340; x_wconf 89' lang='lat' dir='ltr'><strong>exce</strong></span> <span class='ocrx_word' id='word_1_320' title='bbox 919 4273 1040 4355; x_wconf 90' lang='lat' dir='ltr'><strong>tio,</strong></span> <span class='ocrx_word' id='word_1_321' title='bbox 1099 4295 1183 4339; x_wconf 92' lang='lat' dir='ltr'><strong>ne</strong></span> <span class='ocrx_word' id='word_1_322' title='bbox 1235 4294 1305 4339; x_wconf 89' lang='lat' dir='ltr'><strong>sc</strong></span> <span class='ocrx_word' id='word_1_323' title='bbox 1351 4275 1628 4340; x_wconf 83' lang='lat' dir='ltr'><strong>Levitae</strong></span> <span class='ocrx_word' id='word_1_324' title='bbox 1684 4275 1923 4341; x_wconf 89' lang='lat' dir='ltr'><strong>iniuste</strong></span> <span class='ocrx_word' id='word_1_325' title='bbox 1977 4274 2178 4342; x_wconf 85' lang='lat' dir='ltr'><strong>fuisse</strong></span> <span class='ocrx_word' id='word_1_326' title='bbox 2222 4295 2335 4340; x_wconf 89' lang='lat' dir='ltr'><strong>ex-</strong></span> 
     </span>
     <span class='ocr_line' id='line_1_45' title="bbox 397 4294 2336 4444; baseline -0.001 -17"><span class='ocrx_word' id='word_1_327' title='bbox 397 4360 788 4427; x_wconf 90' lang='lat' dir='ltr'><strong>haeredatos</strong></span> <span class='ocrx_word' id='word_1_328' title='bbox 833 4294 1294 4440; x_wconf 65' lang='lat' dir='ltr'><strong>obtenderent,</strong></span> <span class='ocrx_word' id='word_1_329' title='bbox 1348 4368 1544 4444; x_wconf 88' lang='lat' dir='ltr'><strong>atque</strong></span> <span class='ocrx_word' id='word_1_330' title='bbox 1587 4360 1679 4425; x_wconf 90' lang='lat' dir='ltr'><strong>ita</strong></span> <span class='ocrx_word' id='word_1_331' title='bbox 1725 4359 1806 4426; x_wconf 93' lang='lat' dir='ltr'><strong>de</strong></span> <span class='ocrx_word' id='word_1_332' title='bbox 1848 4380 1968 4428; x_wconf 90' lang='lat' dir='ltr'><strong>suo</strong></span> <span class='ocrx_word' id='word_1_333' title='bbox 2009 4361 2156 4426; x_wconf 88' lang='lat' dir='ltr'><strong>iure</strong></span> <span class='ocrx_word' id='word_1_334' title='bbox 2198 4380 2336 4426; x_wconf 91' lang='lat' dir='ltr'><strong>mo-</strong></span> 
     </span>
     <span class='ocr_line' id='line_1_46' title="bbox 396 4444 2338 4531; baseline -0.001 -18"><span class='ocrx_word' id='word_1_335' title='bbox 396 4454 634 4513; x_wconf 76' lang='lat' dir='ltr'><strong>verent</strong></span> <span class='ocrx_word' id='word_1_336' title='bbox 656 4465 928 4531; x_wconf 87' lang='lat' dir='ltr'><strong>magnas</strong></span> <span class='ocrx_word' id='word_1_337' title='bbox 962 4444 1207 4511; x_wconf 84' lang='lat' dir='ltr'><strong>turbas.</strong></span> <span class='ocrx_word' id='word_1_338' title='bbox 1252 4445 1585 4511; x_wconf 86' lang='lat' dir='ltr'><strong>Admonet</strong></span> <span class='ocrx_word' id='word_1_339' title='bbox 1617 4446 1823 4531; x_wconf 91' lang='lat' dir='ltr'><strong>igitur</strong></span> <span class='ocrx_word' id='word_1_340' title='bbox 1854 4446 2049 4512; x_wconf 91' lang='lat' dir='ltr'><strong>huius</strong></span> <span class='ocrx_word' id='word_1_341' title='bbox 2072 4446 2338 4513; x_wconf 88' lang='lat' dir='ltr'><strong>distinc-</strong></span> 
     </span>
     <span class='ocr_line' id='line_1_47' title="bbox 397 4531 2332 4617; baseline -0.001 -19"><span class='ocrx_word' id='word_1_342' title='bbox 397 4532 600 4598; x_wconf 90' lang='lat' dir='ltr'><strong>tionis</strong></span> <span class='ocrx_word' id='word_1_343' title='bbox 658 4531 888 4598; x_wconf 89' lang='lat' dir='ltr'><strong>Mosen</strong></span> <span class='ocrx_word' id='word_1_344' title='bbox 947 4550 1089 4596; x_wconf 91' lang='lat' dir='ltr'><strong>esse</strong></span> <span class='ocrx_word' id='word_1_345' title='bbox 1141 4540 1466 4597; x_wconf 88' lang='lat' dir='ltr'><strong>autorem:</strong></span> <span class='ocrx_word' id='word_1_346' title='bbox 1530 4531 1854 4617; x_wconf 92' lang='lat' dir='ltr'><strong>simulque</strong></span> <span class='ocrx_word' id='word_1_347' title='bbox 1919 4531 2135 4613; x_wconf 88' lang='lat' dir='ltr'><strong>docet,</strong></span> <span class='ocrx_word' id='word_1_348' title='bbox 2201 4552 2332 4597; x_wconf 91' lang='lat' dir='ltr'><strong>non</strong></span> 
     </span>
     <span class='ocr_line' id='line_1_48' title="bbox 398 4615 2332 4702; baseline -0.002 -17"><span class='ocrx_word' id='word_1_349' title='bbox 398 4637 543 4685; x_wconf 91' lang='lat' dir='ltr'><strong>esse</strong></span> <span class='ocrx_word' id='word_1_350' title='bbox 600 4637 720 4684; x_wconf 90' lang='lat' dir='ltr'><strong>cur</strong></span> <span class='ocrx_word' id='word_1_351' title='bbox 822 4626 1137 4683; x_wconf 87' lang='lat' dir='ltr'><strong>uerantur</strong></span> <span class='ocrx_word' id='word_1_352' title='bbox 1187 4617 1310 4682; x_wconf 89' lang='lat' dir='ltr'><strong>sibi</strong></span> <span class='ocrx_word' id='word_1_353' title='bbox 1368 4615 1718 4702; x_wconf 87' lang='lat' dir='ltr'><strong>quidquam</strong></span> <span class='ocrx_word' id='word_1_354' title='bbox 1771 4618 1970 4685; x_wconf 86' lang='lat' dir='ltr'><strong>fuisse</strong></span> <span class='ocrx_word' id='word_1_355' title='bbox 2014 4625 2332 4701; x_wconf 85' lang='lat' dir='ltr'><strong>ereptum,</strong></span> 
     </span>
     <span class='ocr_line' id='line_1_49' title="bbox 398 4701 2335 4788; baseline 0.001 -19"><span class='ocrx_word' id='word_1_356' title='bbox 398 4704 554 4788; x_wconf 91' lang='lat' dir='ltr'><strong>quia</strong></span> <span class='ocrx_word' id='word_1_357' title='bbox 613 4723 805 4786; x_wconf 86' lang='lat' dir='ltr'><strong>praec</strong></span> <span class='ocrx_word' id='word_1_358' title='bbox 833 4723 948 4768; x_wconf 89' lang='lat' dir='ltr'><strong>ara</strong></span> <span class='ocrx_word' id='word_1_359' title='bbox 1004 4703 1440 4786; x_wconf 76' lang='lat' dir='ltr'><strong>compensatio</strong></span> <span class='ocrx_word' id='word_1_360' title='bbox 1495 4701 1646 4768; x_wconf 89' lang='lat' dir='ltr'><strong>data</strong></span> <span class='ocrx_word' id='word_1_361' title='bbox 1698 4703 1912 4770; x_wconf 77' lang='lat' dir='ltr'><strong>fuerit.</strong></span> <span class='ocrx_word' id='word_1_362' title='bbox 2013 4703 2335 4787; x_wconf 78' lang='lat' dir='ltr'><strong>Quamvis</strong></span> 
     </span>
     <span class='ocr_line' id='line_1_50' title="bbox 399 4785 2336 4872; baseline -0.002 -16"><span class='ocrx_word' id='word_1_363' title='bbox 399 4797 619 4856; x_wconf 89' lang='lat' dir='ltr'><strong>autem</strong></span> <span class='ocrx_word' id='word_1_364' title='bbox 664 4808 797 4854; x_wconf 89' lang='lat' dir='ltr'><strong>non</strong></span> <span class='ocrx_word' id='word_1_365' title='bbox 841 4785 1382 4853; x_wconf 86' lang='lat' dir='ltr'><strong>distribuerentur</strong></span> <span class='ocrx_word' id='word_1_366' title='bbox 1422 4809 1506 4853; x_wconf 89' lang='lat' dir='ltr'><strong>ex</strong></span> <span class='ocrx_word' id='word_1_367' title='bbox 1551 4808 1755 4872; x_wconf 89' lang='lat' dir='ltr'><strong>aequo</strong></span> <span class='ocrx_word' id='word_1_368' title='bbox 1799 4788 2117 4856; x_wconf 90' lang='lat' dir='ltr'><strong>sacrificia</strong></span> <span class='ocrx_word' id='word_1_369' title='bbox 2158 4789 2336 4854; x_wconf 90' lang='lat' dir='ltr'><strong>inter</strong></span> 
     </span>
     <span class='ocr_line' id='line_1_51' title="bbox 397 4873 2336 4959; baseline -0.002 -17"><span class='ocrx_word' id='word_1_370' title='bbox 397 4874 712 4942; x_wconf 81' lang='lat' dir='ltr'><strong>Levitae:</strong></span> <span class='ocrx_word' id='word_1_371' title='bbox 770 4873 931 4940; x_wconf 89' lang='lat' dir='ltr'><strong>satis</strong></span> <span class='ocrx_word' id='word_1_372' title='bbox 988 4884 1210 4939; x_wconf 87' lang='lat' dir='ltr'><strong>tamen</strong></span> <span class='ocrx_word' id='word_1_373' title='bbox 1263 4881 1366 4939; x_wconf 88' lang='lat' dir='ltr'><strong>est</strong></span> <span class='ocrx_word' id='word_1_374' title='bbox 1417 4873 1725 4939; x_wconf 91' lang='lat' dir='ltr'><strong>alimenta</strong></span> <span class='ocrx_word' id='word_1_375' title='bbox 1781 4896 1866 4941; x_wconf 91' lang='lat' dir='ltr'><strong>ex</strong></span> <span class='ocrx_word' id='word_1_376' title='bbox 1917 4875 2226 4959; x_wconf 92' lang='lat' dir='ltr'><strong>primitiis</strong></span> <span class='ocrx_word' id='word_1_377' title='bbox 2269 4883 2336 4940; x_wconf 90' lang='lat' dir='ltr'><strong>et</strong></span> 
     </span>
     <span class='ocr_line' id='line_1_52' title="bbox 402 4958 2334 5028; baseline -0.001 -2"><span class='ocrx_word' id='word_1_378' title='bbox 402 4962 669 5027; x_wconf 90' lang='lat' dir='ltr'><strong>decimis</strong></span> <span class='ocrx_word' id='word_1_379' title='bbox 726 4958 929 5025; x_wconf 85' lang='lat' dir='ltr'><strong>fuisse</strong></span> <span class='ocrx_word' id='word_1_380' title='bbox 994 4959 1294 5025; x_wconf 90' lang='lat' dir='ltr'><strong>omnibus</strong></span> <span class='ocrx_word' id='word_1_381' title='bbox 1353 4960 1522 5025; x_wconf 90' lang='lat' dir='ltr'><strong>data.</strong></span> <span class='ocrx_word' id='word_1_382' title='bbox 1626 4960 1833 5027; x_wconf 88' lang='lat' dir='ltr'><strong>Porro</strong></span> <span class='ocrx_word' id='word_1_383' title='bbox 1897 4961 2094 5028; x_wconf 89' lang='lat' dir='ltr'><strong>sicuti</strong></span> <span class='ocrx_word' id='word_1_384' title='bbox 2150 4961 2334 5027; x_wconf 91' lang='lat' dir='ltr'><strong>Deus</strong></span> 
     </span>
     <span class='ocr_line' id='line_1_53' title="bbox 400 5043 2333 5114; baseline -0.002 -2"><span class='ocrx_word' id='word_1_385' title='bbox 400 5044 698 5112; x_wconf 89' lang='lat' dir='ltr'><strong>mercede</strong></span> <span class='ocrx_word' id='word_1_386' title='bbox 740 5065 850 5111; x_wconf 92' lang='lat' dir='ltr'><strong>eos</strong></span> <span class='ocrx_word' id='word_1_387' title='bbox 893 5043 1094 5110; x_wconf 89' lang='lat' dir='ltr'><strong>allicit</strong></span> <span class='ocrx_word' id='word_1_388' title='bbox 1135 5044 1218 5111; x_wconf 91' lang='lat' dir='ltr'><strong>ad</strong></span> <span class='ocrx_word' id='word_1_389' title='bbox 1260 5043 1664 5111; x_wconf 88' lang='lat' dir='ltr'><strong>subeundam</strong></span> <span class='ocrx_word' id='word_1_390' title='bbox 1709 5067 2038 5113; x_wconf 88' lang='lat' dir='ltr'><strong>sacrorum</strong></span> <span class='ocrx_word' id='word_1_391' title='bbox 2074 5064 2333 5114; x_wconf 89' lang='lat' dir='ltr'><strong>curam:</strong></span> 
     </span>
     <span class='ocr_line' id='line_1_54' title="bbox 397 5130 2333 5215; baseline -0.001 -17"><span class='ocrx_word' id='word_1_392' title='bbox 397 5132 497 5198; x_wconf 88' lang='lat' dir='ltr'><strong>ita</strong></span> <span class='ocrx_word' id='word_1_393' title='bbox 551 5130 840 5197; x_wconf 87' lang='lat' dir='ltr'><strong>vicissim</strong></span> <span class='ocrx_word' id='word_1_394' title='bbox 891 5131 1201 5215; x_wconf 92' lang='lat' dir='ltr'><strong>populum</strong></span> <span class='ocrx_word' id='word_1_395' title='bbox 1247 5130 1549 5197; x_wconf 85' lang='lat' dir='ltr'><strong>hortatur</strong></span> <span class='ocrx_word' id='word_1_396' title='bbox 1592 5130 1673 5196; x_wconf 91' lang='lat' dir='ltr'><strong>ad</strong></span> <span class='ocrx_word' id='word_1_397' title='bbox 1715 5153 1931 5199; x_wconf 90' lang='lat' dir='ltr'><strong>sacras</strong></span> <span class='ocrx_word' id='word_1_398' title='bbox 1974 5131 2333 5199; x_wconf 87' lang='lat' dir='ltr'><strong>oblationes</strong></span> 
     </span>
     <span class='ocr_line' id='line_1_55' title="bbox 396 5215 2330 5303; baseline 0.001 -19"><span class='ocrx_word' id='word_1_399' title='bbox 396 5215 682 5284; x_wconf 86' lang='lat' dir='ltr'><strong>fideliter</strong></span> <span class='ocrx_word' id='word_1_400' title='bbox 737 5216 1228 5300; x_wconf 87' lang='lat' dir='ltr'><strong>persolvendas,</strong></span> <span class='ocrx_word' id='word_1_401' title='bbox 1288 5216 1399 5283; x_wconf 92' lang='lat' dir='ltr'><strong>ubi</strong></span> <span class='ocrx_word' id='word_1_402' title='bbox 1456 5216 1701 5284; x_wconf 82' lang='lat' dir='ltr'><strong>victum</strong></span> <span class='ocrx_word' id='word_1_403' title='bbox 1746 5219 2130 5285; x_wconf 82' lang='lat' dir='ltr'><strong>Levitarum</strong></span> <span class='ocrx_word' id='word_1_404' title='bbox 2182 5239 2330 5303; x_wconf 89' lang='lat' dir='ltr'><strong>pro·</strong></span> 
     </span>
     <span class='ocr_line' id='line_1_56' title="bbox 397 5301 1384 5369; baseline 0 -1"><span class='ocrx_word' id='word_1_405' title='bbox 397 5301 672 5368; x_wconf 90' lang='lat' dir='ltr'><strong>nunciat</strong></span> <span class='ocrx_word' id='word_1_406' title='bbox 713 5322 831 5368; x_wconf 90' lang='lat' dir='ltr'><strong>sua</strong></span> <span class='ocrx_word' id='word_1_407' title='bbox 872 5323 1011 5369; x_wconf 91' lang='lat' dir='ltr'><strong>esse</strong></span> <span class='ocrx_word' id='word_1_408' title='bbox 1052 5303 1384 5369; x_wconf 84' lang='lat' dir='ltr'><strong>sacrificia.</strong></span> 
     </span>
    </p>
   </div>
   <div class='ocr_carea' id='block_1_3' title="bbox 1552 487 3250 560">
    <p class='ocr_par' dir='ltr' id='par_1_3' title="bbox 1552 487 3250 560">
     <span class='ocr_line' id='line_1_57' title="bbox 1552 487 3250 560; baseline 0.001 -3"><span class='ocrx_word' id='word_1_409' title='bbox 1552 487 2291 558; x_wconf 75' lang='lat' dir='ltr'><strong>COMMENTARIUS</strong></span> <span class='ocrx_word' id='word_1_410' title='bbox 2336 489 2435 556; x_wconf 93' lang='lat' dir='ltr'><strong>IN</strong></span> <span class='ocrx_word' id='word_1_411' title='bbox 2481 490 2763 560; x_wconf 89' lang='lat' dir='ltr'><strong>IOSUE</strong></span> <span class='ocrx_word' id='word_1_412' title='bbox 2807 490 3007 558; x_wconf 83' lang='lat' dir='ltr'><strong>OAP.</strong></span> <span class='ocrx_word' id='word_1_413' title='bbox 3054 491 3250 558; x_wconf 86' lang='lat' dir='ltr'><strong>XIII.</strong></span> 
     </span>
    </p>
   </div>
   <div class='ocr_carea' id='block_1_4' title="bbox 2380 677 2396 5439">
    <p class='ocr_par' dir='ltr' id='par_1_4' title="bbox 2380 677 2396 5439">
     <span class='ocr_line' id='line_1_58' title="bbox 2380 677 2396 5439; baseline 0 0"><span class='ocrx_word' id='word_1_414' title='bbox 2380 677 2396 5439; x_wconf 95' lang='lat' dir='ltr'><strong> </strong></span> 
     </span>
    </p>
   </div>
   <div class='ocr_carea' id='block_1_5' title="bbox 4251 490 4376 557">
    <p class='ocr_par' dir='ltr' id='par_1_5' title="bbox 4251 490 4376 557">
     <span class='ocr_line' id='line_1_59' title="bbox 4251 490 4376 557; baseline 0 0"><span class='ocrx_word' id='word_1_415' title='bbox 4251 490 4376 557; x_wconf 84' lang='lat'><strong>518</strong></span> 
     </span>
    </p>
   </div>
   <div class='ocr_carea' id='block_1_6' title="bbox 2431 678 4381 1538">
    <p class='ocr_par' dir='ltr' id='par_1_6' title="bbox 2431 678 4381 1538">
     <span class='ocr_line' id='line_1_60' title="bbox 2611 678 4376 764; baseline 0 -17"><span class='ocrx_word' id='word_1_416' title='bbox 2611 680 2709 747; x_wconf 89' lang='lat'><strong>15.</strong></span> <span class='ocrx_word' id='word_1_417' title='bbox 2756 678 2949 747; x_wconf 87' lang='lat' dir='ltr'><strong>Dedit</strong></span> <span class='ocrx_word' id='word_1_418' title='bbox 3002 696 3142 764; x_wconf 70' lang='lat' dir='ltr'><strong>erqo</strong></span> <span class='ocrx_word' id='word_1_419' title='bbox 3185 678 3395 746; x_wconf 85' lang='lat' dir='ltr'><strong>Moses</strong></span> <span class='ocrx_word' id='word_1_420' title='bbox 3449 678 3644 746; x_wconf 79' lang='lat' dir='ltr'><strong>tribui</strong></span> <span class='ocrx_word' id='word_1_421' title='bbox 3680 680 3961 763; x_wconf 74' lang='lat' dir='ltr'><strong>filiorum</strong></span> <span class='ocrx_word' id='word_1_422' title='bbox 4006 681 4223 747; x_wconf 82' lang='lat' dir='ltr'><strong>Ruben</strong></span> <span class='ocrx_word' id='word_1_423' title='bbox 4256 699 4376 762; x_wconf 77' lang='lat' dir='ltr'><strong>per</strong></span> 
     </span>
     <span class='ocr_line' id='line_1_61' title="bbox 2431 763 4375 848; baseline 0.001 -18"><span class='ocrx_word' id='word_1_424' title='bbox 2431 765 2723 848; x_wconf 77' lang='lat' dir='ltr'><strong>familias</strong></span> <span class='ocrx_word' id='word_1_425' title='bbox 2763 786 2951 832; x_wconf 82' lang='lat' dir='ltr'><strong>suas.-</strong></span> <span class='ocrx_word' id='word_1_426' title='bbox 3028 765 3129 830; x_wconf 88' lang='lat'><strong>16.</strong></span> <span class='ocrx_word' id='word_1_427' title='bbox 3175 763 3446 847; x_wconf 78' lang='lat' dir='ltr'><strong>Fuitque</strong></span> <span class='ocrx_word' id='word_1_428' title='bbox 3501 765 3637 832; x_wconf 85' lang='lat' dir='ltr'><strong>illis</strong></span> <span class='ocrx_word' id='word_1_429' title='bbox 3694 767 3995 834; x_wconf 75' lang='lat' dir='ltr'><strong>terminus</strong></span> <span class='ocrx_word' id='word_1_430' title='bbox 4036 767 4116 833; x_wconf 90' lang='lat' dir='ltr'><strong>ab</strong></span> <span class='ocrx_word' id='word_1_431' title='bbox 4150 766 4375 845; x_wconf 83' lang='lat' dir='ltr'><strong>Aroer,</strong></span> 
     </span>
     <span class='ocr_line' id='line_1_62' title="bbox 2435 851 4377 934; baseline -0.001 -15"><span class='ocrx_word' id='word_1_432' title='bbox 2435 871 2595 933; x_wconf 75' lang='lat' dir='ltr'><strong>quae</strong></span> <span class='ocrx_word' id='word_1_433' title='bbox 2636 858 2728 919; x_wconf 90' lang='lat' dir='ltr'><strong>est</strong></span> <span class='ocrx_word' id='word_1_434' title='bbox 2764 852 2948 918; x_wconf 73' lang='lat' dir='ltr'><strong>iuxta</strong></span> <span class='ocrx_word' id='word_1_435' title='bbox 2988 852 3203 933; x_wconf 77' lang='lat' dir='ltr'><strong>ripam</strong></span> <span class='ocrx_word' id='word_1_436' title='bbox 3244 852 3536 917; x_wconf 83' lang='lat' dir='ltr'><strong>torrentis</strong></span> <span class='ocrx_word' id='word_1_437' title='bbox 3578 851 3803 918; x_wconf 80' lang='lat' dir='ltr'><strong>Arnon</strong></span> <span class='ocrx_word' id='word_1_438' title='bbox 3820 904 3837 932; x_wconf 93' lang='lat'><strong>,</strong></span> <span class='ocrx_word' id='word_1_439' title='bbox 3895 859 3952 919; x_wconf 86' lang='lat' dir='ltr'><strong>et</strong></span> <span class='ocrx_word' id='word_1_440' title='bbox 4007 851 4160 919; x_wconf 75' lang='lat' dir='ltr'><strong>urbs</strong></span> <span class='ocrx_word' id='word_1_441' title='bbox 4215 870 4377 934; x_wconf 77' lang='lat' dir='ltr'><strong>quae</strong></span> 
     </span>
     <span class='ocr_line' id='line_1_63' title="bbox 2436 936 4378 1020; baseline 0.001 -17"><span class='ocrx_word' id='word_1_442' title='bbox 2436 942 2528 1003; x_wconf 90' lang='lat' dir='ltr'><strong>est</strong></span> <span class='ocrx_word' id='word_1_443' title='bbox 2560 939 2632 1003; x_wconf 76' lang='lat' dir='ltr'><strong>in</strong></span> <span class='ocrx_word' id='word_1_444' title='bbox 2663 938 2866 1005; x_wconf 85' lang='lat' dir='ltr'><strong>medio</strong></span> <span class='ocrx_word' id='word_1_445' title='bbox 2896 936 3107 1017; x_wconf 86' lang='lat' dir='ltr'><strong>vallis,</strong></span> <span class='ocrx_word' id='word_1_446' title='bbox 3139 941 3196 1003; x_wconf 89' lang='lat' dir='ltr'><strong>et</strong></span> <span class='ocrx_word' id='word_1_447' title='bbox 3228 937 3528 1003; x_wconf 79' lang='lat' dir='ltr'><strong>universa</strong></span> <span class='ocrx_word' id='word_1_448' title='bbox 3548 938 3854 1020; x_wconf 76' lang='lat' dir='ltr'><strong>planities</strong></span> <span class='ocrx_word' id='word_1_449' title='bbox 3885 959 4045 1020; x_wconf 78' lang='lat' dir='ltr'><strong>quae</strong></span> <span class='ocrx_word' id='word_1_450' title='bbox 4076 942 4165 1003; x_wconf 87' lang='lat' dir='ltr'><strong>est</strong></span> <span class='ocrx_word' id='word_1_451' title='bbox 4196 939 4378 1004; x_wconf 62' lang='lat' dir='ltr'><strong>inccta</strong></span> 
     </span>
     <span class='ocr_line' id='line_1_64' title="bbox 2438 1021 4381 1124; baseline -0.001 -34"><span class='ocrx_word' id='word_1_452' title='bbox 2438 1021 2732 1123; x_wconf 40' lang='lat' dir='ltr'><strong>Medaba..</strong></span> <span class='ocrx_word' id='word_1_453' title='bbox 2768 1024 2900 1124; x_wconf 31' lang='lat'><strong>⁶17.</strong></span> <span class='ocrx_word' id='word_1_454' title='bbox 2945 1022 3190 1089; x_wconf 76' lang='lat' dir='ltr'><strong>Hesbon</strong></span> <span class='ocrx_word' id='word_1_455' title='bbox 3232 1027 3289 1087; x_wconf 87' lang='lat' dir='ltr'><strong>et</strong></span> <span class='ocrx_word' id='word_1_456' title='bbox 3329 1042 3539 1089; x_wconf 76' lang='lat' dir='ltr'><strong>omnes</strong></span> <span class='ocrx_word' id='word_1_457' title='bbox 3577 1023 3758 1090; x_wconf 65' lang='lat' dir='ltr'><strong>urbes</strong></span> <span class='ocrx_word' id='word_1_458' title='bbox 3798 1025 3953 1107; x_wconf 81' lang='lat' dir='ltr'><strong>eius,</strong></span> <span class='ocrx_word' id='word_1_459' title='bbox 3997 1044 4156 1107; x_wconf 78' lang='lat' dir='ltr'><strong>quae</strong></span> <span class='ocrx_word' id='word_1_460' title='bbox 4197 1026 4381 1089; x_wconf 78' lang='lat' dir='ltr'><strong>erant</strong></span> 
     </span>
     <span class='ocr_line' id='line_1_65' title="bbox 2437 1106 4380 1295; baseline 0.001 -36"><span class='ocrx_word' id='word_1_461' title='bbox 2437 1109 3034 1295; x_wconf 49' lang='lat' dir='ltr'><strong>i’sf&#39;lsstmiffiasah,</strong></span> <span class='ocrx_word' id='word_1_462' title='bbox 3079 1198 3134 1259; x_wconf 70' lang='lat' dir='ltr'><strong>a</strong></span> <span class='ocrx_word' id='word_1_463' title='bbox 3158 1106 3660 1285; x_wconf 44' lang='lat' dir='ltr'><strong>ww</strong></span> <span class='ocrx_word' id='word_1_464' title='bbox 3673 1108 4181 1295; x_wconf 54' lang='grc' dir='ltr'><strong>’ΜέᾗῖιῖῨωῖ</strong></span> <span class='ocrx_word' id='word_1_465' title='bbox 4177 1195 4238 1261; x_wconf 88' lang='lat'><strong>9.</strong></span> <span class='ocrx_word' id='word_1_466' title='bbox 4285 1160 4380 1260; x_wconf 71' lang='lat' dir='ltr'><strong>Ei</strong></span> 
     </span>
     <span class='ocr_line' id='line_1_66' title="bbox 2443 1278 4375 1359; baseline 0.001 -14"><span class='ocrx_word' id='word_1_467' title='bbox 2443 1278 2840 1357; x_wconf 62' lang='lat' dir='ltr'><strong>ciriathaim</strong></span> <span class='ocrx_word' id='word_1_468' title='bbox 2881 1286 2941 1347; x_wconf 91' lang='lat' dir='ltr'><strong>et</strong></span> <span class='ocrx_word' id='word_1_469' title='bbox 2963 1278 3239 1359; x_wconf 80' lang='lat' dir='ltr'><strong>Sibmah‚</strong></span> <span class='ocrx_word' id='word_1_470' title='bbox 3280 1284 3338 1346; x_wconf 91' lang='lat' dir='ltr'><strong>et</strong></span> <span class='ocrx_word' id='word_1_471' title='bbox 3361 1278 3800 1346; x_wconf 83' lang='lat' dir='ltr'><strong>Sereth-sahar</strong></span> <span class='ocrx_word' id='word_1_472' title='bbox 3831 1301 3903 1345; x_wconf 78' lang='lat' dir='ltr'><strong>m</strong></span> <span class='ocrx_word' id='word_1_473' title='bbox 3934 1285 4131 1346; x_wconf 69' lang='lat' dir='ltr'><strong>morde</strong></span> <span class='ocrx_word' id='word_1_474' title='bbox 4169 1280 4375 1348; x_wconf 70' lang='lat' dir='ltr'><strong>vallis.</strong></span> 
     </span>
     <span class='ocr_line' id='line_1_67' title="bbox 2437 1363 4375 1451; baseline 0.001 -21"><span class='ocrx_word' id='word_1_475' title='bbox 2437 1366 2543 1430; x_wconf 90' lang='grc'><strong>20.</strong></span> <span class='ocrx_word' id='word_1_476' title='bbox 2587 1363 2684 1430; x_wconf 87' lang='lat' dir='ltr'><strong>Et</strong></span> <span class='ocrx_word' id='word_1_477' title='bbox 2717 1365 3068 1449; x_wconf 77' lang='lat' dir='ltr'><strong>Beth-peor,</strong></span> <span class='ocrx_word' id='word_1_478' title='bbox 3111 1370 3166 1431; x_wconf 86' lang='lat' dir='ltr'><strong>et</strong></span> <span class='ocrx_word' id='word_1_479' title='bbox 3206 1364 3743 1451; x_wconf 73' lang='lat' dir='ltr'><strong>Asdoth-Pisyah,</strong></span> <span class='ocrx_word' id='word_1_480' title='bbox 3789 1371 3846 1431; x_wconf 87' lang='lat' dir='ltr'><strong>et</strong></span> <span class='ocrx_word' id='word_1_481' title='bbox 3882 1364 4375 1432; x_wconf 83' lang='lat' dir='ltr'><strong>Beth-iesimoth.</strong></span> 
     </span>
     <span class='ocr_line' id='line_1_68' title="bbox 2439 1449 4379 1538; baseline -0.001 -21"><span class='ocrx_word' id='word_1_482' title='bbox 2439 1451 2547 1518; x_wconf 91' lang='grc'><strong>21.</strong></span> <span class='ocrx_word' id='word_1_483' title='bbox 2597 1449 2687 1517; x_wconf 84' lang='lat' dir='ltr'><strong>Et</strong></span> <span class='ocrx_word' id='word_1_484' title='bbox 2737 1470 2950 1517; x_wconf 78' lang='lat' dir='ltr'><strong>omnes</strong></span> <span class='ocrx_word' id='word_1_485' title='bbox 3001 1451 3184 1516; x_wconf 79' lang='lat' dir='ltr'><strong>urbes</strong></span> <span class='ocrx_word' id='word_1_486' title='bbox 3228 1450 3528 1532; x_wconf 77' lang='lat' dir='ltr'><strong>planitiei</strong></span> <span class='ocrx_word' id='word_1_487' title='bbox 3542 1500 3559 1531; x_wconf 93' lang='lat'><strong>,</strong></span> <span class='ocrx_word' id='word_1_488' title='bbox 3616 1456 3673 1517; x_wconf 87' lang='lat' dir='ltr'><strong>et</strong></span> <span class='ocrx_word' id='word_1_489' title='bbox 3719 1453 4082 1517; x_wconf 78' lang='lat' dir='ltr'><strong>universum</strong></span> <span class='ocrx_word' id='word_1_490' title='bbox 4123 1472 4379 1538; x_wconf 68' lang='lat' dir='ltr'><strong>requam</strong></span> 
     </span>
    </p>
   </div>
   <div class='ocr_carea' id='block_1_7' title="bbox 2444 1535 4496 1621">
    <p class='ocr_par' dir='ltr' id='par_1_7' title="bbox 2444 1535 4496 1621">
     <span class='ocr_line' id='line_1_69' title="bbox 2444 1535 4496 1621; baseline 0.003 -20"><span class='ocrx_word' id='word_1_491' title='bbox 2444 1535 2644 1602; x_wconf 79' lang='lat' dir='ltr'><strong>Sihon</strong></span> <span class='ocrx_word' id='word_1_492' title='bbox 2683 1538 2852 1621; x_wconf 75' lang='lat' dir='ltr'><strong>reyis</strong></span> <span class='ocrx_word' id='word_1_493' title='bbox 2873 1535 3270 1614; x_wconf 83' lang='lat' dir='ltr'><strong>Emorrhaei,</strong></span> <span class='ocrx_word' id='word_1_494' title='bbox 3313 1537 3425 1618; x_wconf 76' lang='lat' dir='ltr'><strong>qui</strong></span> <span class='ocrx_word' id='word_1_495' title='bbox 3463 1537 3762 1621; x_wconf 70' lang='lat' dir='ltr'><strong>reynabat</strong></span> <span class='ocrx_word' id='word_1_496' title='bbox 3801 1537 3872 1602; x_wconf 78' lang='lat' dir='ltr'><strong>in</strong></span> <span class='ocrx_word' id='word_1_497' title='bbox 3893 1535 4155 1617; x_wconf 81' lang='lat' dir='ltr'><strong>Hesbon,</strong></span> <span class='ocrx_word' id='word_1_498' title='bbox 4197 1557 4378 1620; x_wconf 73' lang='lat' dir='ltr'><strong>quem</strong></span> <span class='ocrx_word' id='word_1_499' title='bbox 4491 1553 4496 1559; x_wconf 89' lang='grc'><strong><em>’</em></strong></span> 
     </span>
    </p>
   </div>
   <div class='ocr_carea' id='block_1_8' title="bbox 2425 1620 4383 4090">
    <p class='ocr_par' dir='ltr' id='par_1_8' title="bbox 2425 1620 4383 3931">
     <span class='ocr_line' id='line_1_70' title="bbox 2427 1620 4375 1705; baseline 0 -17"><span class='ocrx_word' id='word_1_500' title='bbox 2427 1624 2748 1704; x_wconf 74' lang='lat' dir='ltr'><strong>percussit</strong></span> <span class='ocrx_word' id='word_1_501' title='bbox 2788 1621 3033 1688; x_wconf 81' lang='lat' dir='ltr'><strong>Moses.-</strong></span> <span class='ocrx_word' id='word_1_502' title='bbox 3074 1626 3132 1687; x_wconf 86' lang='lat' dir='ltr'><strong>et</strong></span> <span class='ocrx_word' id='word_1_503' title='bbox 3164 1621 3491 1705; x_wconf 77' lang='lat' dir='ltr'><strong>principes</strong></span> <span class='ocrx_word' id='word_1_504' title='bbox 3535 1620 3816 1703; x_wconf 77' lang='lat' dir='ltr'><strong>Midian,</strong></span> <span class='ocrx_word' id='word_1_505' title='bbox 3863 1620 3992 1687; x_wconf 79' lang='lat' dir='ltr'><strong>Evi</strong></span> <span class='ocrx_word' id='word_1_506' title='bbox 4032 1626 4087 1688; x_wconf 89' lang='lat' dir='ltr'><strong>et</strong></span> <span class='ocrx_word' id='word_1_507' title='bbox 4127 1622 4375 1704; x_wconf 68' lang='lat' dir='ltr'><strong>Belem,</strong></span> 
     </span>
     <span class='ocr_line' id='line_1_71' title="bbox 2438 1705 4375 1788; baseline 0 -15"><span class='ocrx_word' id='word_1_508' title='bbox 2438 1713 2494 1773; x_wconf 89' lang='lat' dir='ltr'><strong>et</strong></span> <span class='ocrx_word' id='word_1_509' title='bbox 2522 1708 2667 1787; x_wconf 76' lang='lat' dir='ltr'><strong>Sur,</strong></span> <span class='ocrx_word' id='word_1_510' title='bbox 2712 1712 2766 1773; x_wconf 89' lang='lat' dir='ltr'><strong>et</strong></span> <span class='ocrx_word' id='word_1_511' title='bbox 2788 1705 2953 1787; x_wconf 78' lang='lat' dir='ltr'><strong>Har,</strong></span> <span class='ocrx_word' id='word_1_512' title='bbox 2995 1713 3050 1774; x_wconf 87' lang='lat' dir='ltr'><strong>et</strong></span> <span class='ocrx_word' id='word_1_513' title='bbox 3073 1706 3266 1788; x_wconf 84' lang='lat' dir='ltr'><strong>Reba,</strong></span> <span class='ocrx_word' id='word_1_514' title='bbox 3306 1707 3491 1773; x_wconf 79' lang='lat' dir='ltr'><strong>duces</strong></span> <span class='ocrx_word' id='word_1_515' title='bbox 3517 1706 3707 1773; x_wconf 81' lang='lat' dir='ltr'><strong>Sihon</strong></span> <span class='ocrx_word' id='word_1_516' title='bbox 3748 1706 4115 1774; x_wconf 74' lang='lat' dir='ltr'><strong>habitatores</strong></span> <span class='ocrx_word' id='word_1_517' title='bbox 4156 1714 4375 1775; x_wconf 86' lang='lat' dir='ltr'><strong>terrae.</strong></span> 
     </span>
     <span class='ocr_line' id='line_1_72' title="bbox 2440 1790 4380 1876; baseline 0.001 -16"><span class='ocrx_word' id='word_1_518' title='bbox 2440 1794 2545 1860; x_wconf 88' lang='grc'><strong>22.</strong></span> <span class='ocrx_word' id='word_1_519' title='bbox 2604 1792 2696 1859; x_wconf 88' lang='lat' dir='ltr'><strong>Et</strong></span> <span class='ocrx_word' id='word_1_520' title='bbox 2748 1793 3004 1860; x_wconf 85' lang='lat' dir='ltr'><strong>Bileam</strong></span> <span class='ocrx_word' id='word_1_521' title='bbox 3061 1793 3269 1876; x_wconf 75' lang='lat' dir='ltr'><strong>filium</strong></span> <span class='ocrx_word' id='word_1_522' title='bbox 3325 1790 3498 1858; x_wconf 88' lang='lat' dir='ltr'><strong>Beor</strong></span> <span class='ocrx_word' id='word_1_523' title='bbox 3559 1791 3971 1860; x_wconf 80' lang='lat' dir='ltr'><strong>divinatorem</strong></span> <span class='ocrx_word' id='word_1_524' title='bbox 4035 1794 4380 1861; x_wconf 79' lang='lat' dir='ltr'><strong>occiderunt</strong></span> 
     </span>
     <span class='ocr_line' id='line_1_73' title="bbox 2435 1877 4380 1964; baseline 0 -19"><span class='ocrx_word' id='word_1_525' title='bbox 2435 1879 2565 1961; x_wconf 70' lang='lat' dir='ltr'><strong>filii</strong></span> <span class='ocrx_word' id='word_1_526' title='bbox 2622 1878 2833 1945; x_wconf 85' lang='lat' dir='ltr'><strong>Israel</strong></span> <span class='ocrx_word' id='word_1_527' title='bbox 2874 1879 3087 1964; x_wconf 75' lang='lat' dir='ltr'><strong>yladio</strong></span> <span class='ocrx_word' id='word_1_528' title='bbox 3140 1897 3282 1944; x_wconf 81' lang='lat' dir='ltr'><strong>eum</strong></span> <span class='ocrx_word' id='word_1_529' title='bbox 3336 1877 3674 1960; x_wconf 79' lang='lat' dir='ltr'><strong>interfectis</strong></span> <span class='ocrx_word' id='word_1_530' title='bbox 3737 1898 3966 1945; x_wconf 77' lang='lat' dir='ltr'><strong>eorum.</strong></span> <span class='ocrx_word' id='word_1_531' title='bbox 4054 1879 4156 1946; x_wconf 87' lang='grc'><strong>23.</strong></span> <span class='ocrx_word' id='word_1_532' title='bbox 4225 1879 4380 1946; x_wconf 80' lang='lat' dir='ltr'><strong>Fuit</strong></span> 
     </span>
     <span class='ocr_line' id='line_1_74' title="bbox 2440 1962 4374 2046; baseline 0.002 -16"><span class='ocrx_word' id='word_1_533' title='bbox 2440 1968 2647 2030; x_wconf 77' lang='lat' dir='ltr'><strong>autem</strong></span> <span class='ocrx_word' id='word_1_534' title='bbox 2686 1966 2989 2030; x_wconf 81' lang='lat' dir='ltr'><strong>terminus</strong></span> <span class='ocrx_word' id='word_1_535' title='bbox 3026 1963 3305 2046; x_wconf 73' lang='lat' dir='ltr'><strong>filiorum</strong></span> <span class='ocrx_word' id='word_1_536' title='bbox 3328 1962 3581 2029; x_wconf 77' lang='lat' dir='ltr'><strong>Ruben:</strong></span> <span class='ocrx_word' id='word_1_537' title='bbox 3621 1964 3925 2031; x_wconf 80' lang='lat' dir='ltr'><strong>Iordanis</strong></span> <span class='ocrx_word' id='word_1_538' title='bbox 3964 1969 4020 2031; x_wconf 91' lang='lat' dir='ltr'><strong>et</strong></span> <span class='ocrx_word' id='word_1_539' title='bbox 4057 1966 4374 2035; x_wconf 63' lang='lat' dir='ltr'><strong>tammus.</strong></span> 
     </span>
     <span class='ocr_line' id='line_1_75' title="bbox 2440 2047 4376 2134; baseline 0.002 -18"><span class='ocrx_word' id='word_1_540' title='bbox 2440 2050 2617 2116; x_wconf 84' lang='lat' dir='ltr'><strong>Haec</strong></span> <span class='ocrx_word' id='word_1_541' title='bbox 2657 2054 2746 2116; x_wconf 88' lang='lat' dir='ltr'><strong>est</strong></span> <span class='ocrx_word' id='word_1_542' title='bbox 2777 2049 3129 2116; x_wconf 82' lang='lat' dir='ltr'><strong>haereditas</strong></span> <span class='ocrx_word' id='word_1_543' title='bbox 3166 2048 3447 2131; x_wconf 77' lang='lat' dir='ltr'><strong>filiorum</strong></span> <span class='ocrx_word' id='word_1_544' title='bbox 3469 2047 3688 2115; x_wconf 79' lang='lat' dir='ltr'><strong>Ruben</strong></span> <span class='ocrx_word' id='word_1_545' title='bbox 3720 2070 3843 2133; x_wconf 79' lang='lat' dir='ltr'><strong>per</strong></span> <span class='ocrx_word' id='word_1_546' title='bbox 3880 2050 4171 2133; x_wconf 78' lang='lat' dir='ltr'><strong>familias</strong></span> <span class='ocrx_word' id='word_1_547' title='bbox 4203 2071 4376 2134; x_wconf 80' lang='lat' dir='ltr'><strong>suas,</strong></span> 
     </span>
     <span class='ocr_line' id='line_1_76' title="bbox 2440 2133 4378 2218; baseline 0.002 -16"><span class='ocrx_word' id='word_1_548' title='bbox 2440 2136 2628 2203; x_wconf 79' lang='lat' dir='ltr'><strong>urbes</strong></span> <span class='ocrx_word' id='word_1_549' title='bbox 2690 2140 2747 2202; x_wconf 88' lang='lat' dir='ltr'><strong>et</strong></span> <span class='ocrx_word' id='word_1_550' title='bbox 2808 2136 2996 2203; x_wconf 87' lang='lat' dir='ltr'><strong>villae</strong></span> <span class='ocrx_word' id='word_1_551' title='bbox 3051 2155 3285 2202; x_wconf 74' lang='lat' dir='ltr'><strong>eamn.</strong></span> <span class='ocrx_word' id='word_1_552' title='bbox 3383 2134 3487 2200; x_wconf 87' lang='grc'><strong>24.</strong></span> <span class='ocrx_word' id='word_1_553' title='bbox 3546 2133 3856 2218; x_wconf 77' lang='lat' dir='ltr'><strong>Deditque</strong></span> <span class='ocrx_word' id='word_1_554' title='bbox 3911 2135 4123 2203; x_wconf 88' lang='lat' dir='ltr'><strong>Moses</strong></span> <span class='ocrx_word' id='word_1_555' title='bbox 4178 2137 4378 2205; x_wconf 82' lang='lat' dir='ltr'><strong>tribui</strong></span> 
     </span>
     <span class='ocr_line' id='line_1_77' title="bbox 2445 2220 4377 2306; baseline 0.001 -19"><span class='ocrx_word' id='word_1_556' title='bbox 2445 2221 2626 2306; x_wconf 76' lang='lat' dir='ltr'><strong>Gad,</strong></span> <span class='ocrx_word' id='word_1_557' title='bbox 2679 2222 2841 2302; x_wconf 74' lang='lat' dir='ltr'><strong>filiis</strong></span> <span class='ocrx_word' id='word_1_558' title='bbox 2887 2221 3033 2287; x_wconf 83' lang='lat' dir='ltr'><strong>Gad</strong></span> <span class='ocrx_word' id='word_1_559' title='bbox 3073 2241 3198 2304; x_wconf 78' lang='lat' dir='ltr'><strong>per</strong></span> <span class='ocrx_word' id='word_1_560' title='bbox 3247 2220 3542 2304; x_wconf 79' lang='lat' dir='ltr'><strong>familias</strong></span> <span class='ocrx_word' id='word_1_561' title='bbox 3580 2240 3751 2287; x_wconf 79' lang='lat' dir='ltr'><strong>suas.</strong></span> <span class='ocrx_word' id='word_1_562' title='bbox 3838 2220 3941 2288; x_wconf 85' lang='lat'><strong>25.</strong></span> <span class='ocrx_word' id='word_1_563' title='bbox 3988 2220 4081 2287; x_wconf 86' lang='lat' dir='ltr'><strong>Et</strong></span> <span class='ocrx_word' id='word_1_564' title='bbox 4115 2222 4246 2305; x_wconf 78' lang='lat' dir='ltr'><strong>fuit</strong></span> <span class='ocrx_word' id='word_1_565' title='bbox 4283 2224 4377 2290; x_wconf 86' lang='lat' dir='ltr'><strong>eis</strong></span> 
     </span>
     <span class='ocr_line' id='line_1_78' title="bbox 2438 2304 4376 2388; baseline 0.002 -16"><span class='ocrx_word' id='word_1_566' title='bbox 2438 2308 2749 2373; x_wconf 79' lang='lat' dir='ltr'><strong>terminus</strong></span> <span class='ocrx_word' id='word_1_567' title='bbox 2791 2307 3009 2388; x_wconf 68' lang='lat' dir='ltr'><strong>Iaser,</strong></span> <span class='ocrx_word' id='word_1_568' title='bbox 3059 2311 3119 2372; x_wconf 92' lang='lat' dir='ltr'><strong>et</strong></span> <span class='ocrx_word' id='word_1_569' title='bbox 3156 2326 3365 2372; x_wconf 81' lang='lat' dir='ltr'><strong>omnes</strong></span> <span class='ocrx_word' id='word_1_570' title='bbox 3405 2304 3588 2372; x_wconf 76' lang='lat' dir='ltr'><strong>urbes</strong></span> <span class='ocrx_word' id='word_1_571' title='bbox 3634 2305 3895 2387; x_wconf 63' lang='lat' dir='ltr'><strong>Gdead,</strong></span> <span class='ocrx_word' id='word_1_572' title='bbox 3938 2311 3994 2373; x_wconf 92' lang='lat' dir='ltr'><strong>et</strong></span> <span class='ocrx_word' id='word_1_573' title='bbox 4036 2308 4376 2376; x_wconf 81' lang='lat' dir='ltr'><strong>dimidium</strong></span> 
     </span>
     <span class='ocr_line' id='line_1_79' title="bbox 2438 2391 4378 2477; baseline 0.002 -18"><span class='ocrx_word' id='word_1_574' title='bbox 2438 2397 2642 2459; x_wconf 84' lang='lat' dir='ltr'><strong>terrae</strong></span> <span class='ocrx_word' id='word_1_575' title='bbox 2698 2392 2975 2475; x_wconf 78' lang='lat' dir='ltr'><strong>filiorum</strong></span> <span class='ocrx_word' id='word_1_576' title='bbox 3031 2391 3302 2458; x_wconf 77' lang='lat' dir='ltr'><strong>Ammon</strong></span> <span class='ocrx_word' id='word_1_577' title='bbox 3366 2411 3564 2474; x_wconf 77' lang='lat' dir='ltr'><strong>usque</strong></span> <span class='ocrx_word' id='word_1_578' title='bbox 3627 2391 3715 2458; x_wconf 89' lang='lat' dir='ltr'><strong>ad</strong></span> <span class='ocrx_word' id='word_1_579' title='bbox 3768 2391 4002 2471; x_wconf 82' lang='lat' dir='ltr'><strong>Aroer,</strong></span> <span class='ocrx_word' id='word_1_580' title='bbox 4067 2414 4228 2477; x_wconf 78' lang='lat' dir='ltr'><strong>quae</strong></span> <span class='ocrx_word' id='word_1_581' title='bbox 4289 2401 4378 2462; x_wconf 85' lang='lat' dir='ltr'><strong>est</strong></span> 
     </span>
     <span class='ocr_line' id='line_1_80' title="bbox 2434 2475 4378 2560; baseline -0.001 -14"><span class='ocrx_word' id='word_1_582' title='bbox 2434 2498 2652 2546; x_wconf 79' lang='lat' dir='ltr'><strong>coram</strong></span> <span class='ocrx_word' id='word_1_583' title='bbox 2698 2477 2975 2544; x_wconf 86' lang='lat' dir='ltr'><strong>Rabbah.</strong></span> <span class='ocrx_word' id='word_1_584' title='bbox 3062 2477 3165 2544; x_wconf 90' lang='grc'><strong>26.</strong></span> <span class='ocrx_word' id='word_1_585' title='bbox 3205 2476 3295 2543; x_wconf 78' lang='lat' dir='ltr'><strong>Et</strong></span> <span class='ocrx_word' id='word_1_586' title='bbox 3332 2476 3412 2543; x_wconf 90' lang='lat' dir='ltr'><strong>ab</strong></span> <span class='ocrx_word' id='word_1_587' title='bbox 3454 2475 3701 2544; x_wconf 78' lang='lat' dir='ltr'><strong>Hesbon</strong></span> <span class='ocrx_word' id='word_1_588' title='bbox 3741 2498 3936 2560; x_wconf 74' lang='lat' dir='ltr'><strong>usque</strong></span> <span class='ocrx_word' id='word_1_589' title='bbox 3976 2479 4064 2545; x_wconf 90' lang='lat' dir='ltr'><strong>ad</strong></span> <span class='ocrx_word' id='word_1_590' title='bbox 4099 2479 4378 2547; x_wconf 83' lang='lat' dir='ltr'><strong>Ramath</strong></span> 
     </span>
     <span class='ocr_line' id='line_1_81' title="bbox 2437 2561 4379 2649; baseline 0.002 -18"><span class='ocrx_word' id='word_1_591' title='bbox 2437 2564 2650 2649; x_wconf 73' lang='lat' dir='ltr'><strong>ipsius</strong></span> <span class='ocrx_word' id='word_1_592' title='bbox 2691 2563 2920 2646; x_wconf 70' lang='lat' dir='ltr'><strong>Mispe,</strong></span> <span class='ocrx_word' id='word_1_593' title='bbox 2962 2568 3020 2629; x_wconf 86' lang='lat' dir='ltr'><strong>et</strong></span> <span class='ocrx_word' id='word_1_594' title='bbox 3059 2561 3423 2630; x_wconf 76' lang='lat' dir='ltr'><strong>Bethonim:</strong></span> <span class='ocrx_word' id='word_1_595' title='bbox 3463 2567 3520 2629; x_wconf 88' lang='lat' dir='ltr'><strong>et</strong></span> <span class='ocrx_word' id='word_1_596' title='bbox 3559 2584 3603 2628; x_wconf 91' lang='lat' dir='ltr'><strong>a</strong></span> <span class='ocrx_word' id='word_1_597' title='bbox 3636 2561 4017 2630; x_wconf 79' lang='lat' dir='ltr'><strong>Mahanaim</strong></span> <span class='ocrx_word' id='word_1_598' title='bbox 4056 2584 4137 2630; x_wconf 74' lang='lat' dir='ltr'><strong>us</strong></span> <span class='ocrx_word' id='word_1_599' title='bbox 4291 2567 4379 2634; x_wconf 89' lang='lat' dir='ltr'><strong>ad</strong></span> 
     </span>
     <span class='ocr_line' id='line_1_82' title="bbox 2439 2646 4376 2732; baseline 0 -16"><span class='ocrx_word' id='word_1_600' title='bbox 2439 2650 2775 2716; x_wconf 77' lang='lat' dir='ltr'><strong>terminum</strong></span> <span class='ocrx_word' id='word_1_601' title='bbox 2816 2650 3025 2730; x_wconf 78' lang='lat' dir='ltr'><strong>ipsius</strong></span> <span class='ocrx_word' id='word_1_602' title='bbox 3064 2646 3282 2715; x_wconf 84' lang='lat' dir='ltr'><strong>Debir.</strong></span> <span class='ocrx_word' id='word_1_603' title='bbox 3348 2649 3452 2714; x_wconf 85' lang='grc'><strong>27.</strong></span> <span class='ocrx_word' id='word_1_604' title='bbox 3498 2647 3589 2714; x_wconf 86' lang='lat' dir='ltr'><strong>Et</strong></span> <span class='ocrx_word' id='word_1_605' title='bbox 3628 2649 3699 2714; x_wconf 78' lang='lat' dir='ltr'><strong>in</strong></span> <span class='ocrx_word' id='word_1_606' title='bbox 3738 2648 3898 2715; x_wconf 86' lang='lat' dir='ltr'><strong>valle</strong></span> <span class='ocrx_word' id='word_1_607' title='bbox 3942 2648 4130 2715; x_wconf 84' lang='lat' dir='ltr'><strong>Beth-</strong></span> <span class='ocrx_word' id='word_1_608' title='bbox 4215 2671 4376 2732; x_wconf 87' lang='lat' dir='ltr'><strong>ram,</strong></span> 
     </span>
     <span class='ocr_line' id='line_1_83' title="bbox 2439 2732 4380 2822; baseline 0.001 -21"><span class='ocrx_word' id='word_1_609' title='bbox 2439 2740 2498 2801; x_wconf 88' lang='lat' dir='ltr'><strong>et</strong></span> <span class='ocrx_word' id='word_1_610' title='bbox 2530 2733 2962 2815; x_wconf 80' lang='lat' dir='ltr'><strong>Bethnimrah,</strong></span> <span class='ocrx_word' id='word_1_611' title='bbox 3003 2739 3061 2800; x_wconf 84' lang='lat' dir='ltr'><strong>et</strong></span> <span class='ocrx_word' id='word_1_612' title='bbox 3096 2732 3370 2812; x_wconf 77' lang='lat' dir='ltr'><strong>Succoth,</strong></span> <span class='ocrx_word' id='word_1_613' title='bbox 3413 2737 3470 2800; x_wconf 88' lang='lat' dir='ltr'><strong>et</strong></span> <span class='ocrx_word' id='word_1_614' title='bbox 3506 2732 3790 2818; x_wconf 75' lang='lat' dir='ltr'><strong>Saphon:</strong></span> <span class='ocrx_word' id='word_1_615' title='bbox 3834 2736 4162 2802; x_wconf 79' lang='lat' dir='ltr'><strong>residuum</strong></span> <span class='ocrx_word' id='word_1_616' title='bbox 4201 2738 4380 2822; x_wconf 69' lang='lat' dir='ltr'><strong>requi</strong></span> 
     </span>
     <span class='ocr_line' id='line_1_84' title="bbox 2444 2819 4382 2905; baseline 0.001 -18"><span class='ocrx_word' id='word_1_617' title='bbox 2444 2819 2661 2901; x_wconf 77' lang='lat' dir='ltr'><strong>Sihon,</strong></span> <span class='ocrx_word' id='word_1_618' title='bbox 2702 2822 2870 2905; x_wconf 73' lang='lat' dir='ltr'><strong>reyis</strong></span> <span class='ocrx_word' id='word_1_619' title='bbox 2890 2819 3160 2898; x_wconf 82' lang='lat' dir='ltr'><strong>Hesbon,</strong></span> <span class='ocrx_word' id='word_1_620' title='bbox 3205 2819 3544 2886; x_wconf 75' lang='lat' dir='ltr'><strong>Iordanem</strong></span> <span class='ocrx_word' id='word_1_621' title='bbox 3584 2825 3640 2885; x_wconf 88' lang='lat' dir='ltr'><strong>et</strong></span> <span class='ocrx_word' id='word_1_622' title='bbox 3670 2820 4022 2903; x_wconf 71' lang='lat' dir='ltr'><strong>confinium,</strong></span> <span class='ocrx_word' id='word_1_623' title='bbox 4064 2842 4261 2905; x_wconf 81' lang='lat' dir='ltr'><strong>usque</strong></span> <span class='ocrx_word' id='word_1_624' title='bbox 4294 2823 4382 2889; x_wconf 88' lang='lat' dir='ltr'><strong>ad</strong></span> 
     </span>
     <span class='ocr_line' id='line_1_85' title="bbox 2439 2904 4380 2987; baseline 0.001 -14"><span class='ocrx_word' id='word_1_625' title='bbox 2439 2909 2778 2973; x_wconf 76' lang='lat' dir='ltr'><strong>extremum</strong></span> <span class='ocrx_word' id='word_1_626' title='bbox 2815 2906 3019 2972; x_wconf 89' lang='lat' dir='ltr'><strong>maris</strong></span> <span class='ocrx_word' id='word_1_627' title='bbox 3043 2904 3426 2987; x_wconf 78' lang='lat' dir='ltr'><strong>Ghinnereth,</strong></span> <span class='ocrx_word' id='word_1_628' title='bbox 3466 2910 3646 2971; x_wconf 76' lang='lat' dir='ltr'><strong>trans</strong></span> <span class='ocrx_word' id='word_1_629' title='bbox 3670 2906 4009 2973; x_wconf 79' lang='lat' dir='ltr'><strong>Iordanem</strong></span> <span class='ocrx_word' id='word_1_630' title='bbox 4048 2908 4136 2975; x_wconf 88' lang='lat' dir='ltr'><strong>ad</strong></span> <span class='ocrx_word' id='word_1_631' title='bbox 4162 2907 4380 2975; x_wconf 83' lang='lat' dir='ltr'><strong>Orien-</strong></span> 
     </span>
     <span class='ocr_line' id='line_1_86' title="bbox 2439 2990 4383 3077; baseline 0.002 -19"><span class='ocrx_word' id='word_1_632' title='bbox 2439 2996 2575 3058; x_wconf 68' lang='lat' dir='ltr'><strong>tem:</strong></span> <span class='ocrx_word' id='word_1_633' title='bbox 2663 2991 2766 3058; x_wconf 82' lang='lat'><strong>28.</strong></span> <span class='ocrx_word' id='word_1_634' title='bbox 2814 2990 2988 3057; x_wconf 86' lang='lat' dir='ltr'><strong>Haec</strong></span> <span class='ocrx_word' id='word_1_635' title='bbox 3027 2997 3118 3058; x_wconf 84' lang='lat' dir='ltr'><strong>est</strong></span> <span class='ocrx_word' id='word_1_636' title='bbox 3152 2991 3504 3057; x_wconf 77' lang='lat' dir='ltr'><strong>hae-reditas</strong></span> <span class='ocrx_word' id='word_1_637' title='bbox 3538 2990 3815 3073; x_wconf 79' lang='lat' dir='ltr'><strong>filiorum</strong></span> <span class='ocrx_word' id='word_1_638' title='bbox 3855 2991 4003 3059; x_wconf 83' lang='lat' dir='ltr'><strong>Gad</strong></span> <span class='ocrx_word' id='word_1_639' title='bbox 4035 3012 4153 3076; x_wconf 80' lang='lat' dir='ltr'><strong>per</strong></span> <span class='ocrx_word' id='word_1_640' title='bbox 4189 2994 4383 3077; x_wconf 88' lang='lat' dir='ltr'><strong>fami-</strong></span> 
     </span>
     <span class='ocr_line' id='line_1_87' title="bbox 2439 3075 4380 3162; baseline 0.002 -18"><span class='ocrx_word' id='word_1_641' title='bbox 2439 3077 2570 3144; x_wconf 85' lang='lat' dir='ltr'><strong>lias</strong></span> <span class='ocrx_word' id='word_1_642' title='bbox 2607 3096 2780 3158; x_wconf 78' lang='lat' dir='ltr'><strong>suas,</strong></span> <span class='ocrx_word' id='word_1_643' title='bbox 2819 3076 3005 3143; x_wconf 77' lang='lat' dir='ltr'><strong>urbes</strong></span> <span class='ocrx_word' id='word_1_644' title='bbox 3042 3082 3100 3144; x_wconf 91' lang='lat' dir='ltr'><strong>et</strong></span> <span class='ocrx_word' id='word_1_645' title='bbox 3138 3075 3323 3143; x_wconf 79' lang='lat' dir='ltr'><strong>villae</strong></span> <span class='ocrx_word' id='word_1_646' title='bbox 3362 3095 3598 3142; x_wconf 79' lang='lat' dir='ltr'><strong>earam.</strong></span> <span class='ocrx_word' id='word_1_647' title='bbox 3673 3076 3776 3143; x_wconf 83' lang='lat'><strong>29.</strong></span> <span class='ocrx_word' id='word_1_648' title='bbox 3822 3076 4019 3144; x_wconf 87' lang='lat' dir='ltr'><strong>Dedit</strong></span> <span class='ocrx_word' id='word_1_649' title='bbox 4049 3085 4380 3162; x_wconf 76' lang='lat' dir='ltr'><strong>praeterea</strong></span> 
     </span>
     <span class='ocr_line' id='line_1_88' title="bbox 2441 3161 4381 3247; baseline 0.002 -18"><span class='ocrx_word' id='word_1_650' title='bbox 2441 3162 2656 3229; x_wconf 87' lang='lat' dir='ltr'><strong>Moses</strong></span> <span class='ocrx_word' id='word_1_651' title='bbox 2729 3163 3037 3229; x_wconf 79' lang='lat' dir='ltr'><strong>dimidiae</strong></span> <span class='ocrx_word' id='word_1_652' title='bbox 3098 3162 3292 3228; x_wconf 81' lang='lat' dir='ltr'><strong>tribui</strong></span> <span class='ocrx_word' id='word_1_653' title='bbox 3351 3161 3656 3228; x_wconf 80' lang='lat' dir='ltr'><strong>Manasse</strong></span> <span class='ocrx_word' id='word_1_654' title='bbox 3669 3186 3689 3227; x_wconf 94' lang='lat'><strong>.·</strong></span> <span class='ocrx_word' id='word_1_655' title='bbox 3760 3164 4002 3247; x_wconf 70' lang='lat' dir='ltr'><strong>fuitque</strong></span> <span class='ocrx_word' id='word_1_656' title='bbox 4075 3165 4381 3233; x_wconf 83' lang='lat' dir='ltr'><strong>dimidiae</strong></span> 
     </span>
     <span class='ocr_line' id='line_1_89' title="bbox 2437 3246 4381 3334; baseline 0.002 -19"><span class='ocrx_word' id='word_1_657' title='bbox 2437 3248 2632 3315; x_wconf 80' lang='lat' dir='ltr'><strong>tribui</strong></span> <span class='ocrx_word' id='word_1_658' title='bbox 2666 3248 2946 3331; x_wconf 74' lang='lat' dir='ltr'><strong>filiorum</strong></span> <span class='ocrx_word' id='word_1_659' title='bbox 2988 3246 3291 3315; x_wconf 79' lang='lat' dir='ltr'><strong>Manasse</strong></span> <span class='ocrx_word' id='word_1_660' title='bbox 3319 3268 3443 3329; x_wconf 78' lang='lat' dir='ltr'><strong>per</strong></span> <span class='ocrx_word' id='word_1_661' title='bbox 3480 3246 3771 3330; x_wconf 88' lang='lat' dir='ltr'><strong>familias</strong></span> <span class='ocrx_word' id='word_1_662' title='bbox 3808 3268 3993 3316; x_wconf 78' lang='lat' dir='ltr'><strong>suas.-</strong></span> <span class='ocrx_word' id='word_1_663' title='bbox 4056 3250 4160 3317; x_wconf 90' lang='grc'><strong>30.</strong></span> <span class='ocrx_word' id='word_1_664' title='bbox 4205 3250 4381 3334; x_wconf 76' lang='lat' dir='ltr'><strong>Fuit,</strong></span> 
     </span>
     <span class='ocr_line' id='line_1_90' title="bbox 2438 3332 4380 3489; baseline 0.002 -3"><span class='ocrx_word' id='word_1_665' title='bbox 2438 3335 2730 3487; x_wconf 41' lang='lat'><strong>{2332</strong></span> <span class='ocrx_word' id='word_1_666' title='bbox 2786 3333 3093 3487; x_wconf 35' lang='lat' dir='ltr'><strong>&amp;limi</strong></span> <span class='ocrx_word' id='word_1_667' title='bbox 3144 3332 3896 3487; x_wconf 47' lang='lat' dir='ltr'><strong>‘&#39;f&#39;&#39;“ss‘asinmffmmim</strong></span> <span class='ocrx_word' id='word_1_668' title='bbox 3909 3337 4380 3489; x_wconf 43' lang='lat' dir='ltr'><strong>&amp;zaim</strong></span> 
     </span>
     <span class='ocr_line' id='line_1_91' title="bbox 2437 3439 4380 3682; baseline 0.003 -25"><span class='ocrx_word' id='word_1_669' title='bbox 2437 3527 2618 3658; x_wconf 58' lang='lat' dir='ltr'><strong>aa</strong></span> <span class='ocrx_word' id='word_1_670' title='bbox 2638 3440 2896 3658; x_wconf 45' lang='lat' dir='ltr'><strong>*mm</strong></span> <span class='ocrx_word' id='word_1_671' title='bbox 2980 3439 3824 3658; x_wconf 53' lang='lat' dir='ltr'><strong>ffifflmr</strong></span> <span class='ocrx_word' id='word_1_672' title='bbox 3838 3507 4021 3659; x_wconf 61' lang='grc'><strong>..3.</strong></span> <span class='ocrx_word' id='word_1_673' title='bbox 4060 3445 4380 3682; x_wconf 51' lang='lat' dir='ltr'><strong>mi&amp;</strong></span> 
     </span>
     <span class='ocr_line' id='line_1_92' title="bbox 2439 3675 4379 3760; baseline 0.003 -18"><span class='ocrx_word' id='word_1_674' title='bbox 2439 3677 2510 3742; x_wconf 81' lang='lat' dir='ltr'><strong>in</strong></span> <span class='ocrx_word' id='word_1_675' title='bbox 2554 3675 2813 3757; x_wconf 79' lang='lat' dir='ltr'><strong>Basan,</strong></span> <span class='ocrx_word' id='word_1_676' title='bbox 2865 3677 3150 3760; x_wconf 77' lang='lat' dir='ltr'><strong>filiorum</strong></span> <span class='ocrx_word' id='word_1_677' title='bbox 3193 3675 3477 3755; x_wconf 85' lang='lat' dir='ltr'><strong>Maehir,</strong></span> <span class='ocrx_word' id='word_1_678' title='bbox 3530 3675 3660 3758; x_wconf 76' lang='lat' dir='ltr'><strong>filii</strong></span> <span class='ocrx_word' id='word_1_679' title='bbox 3702 3675 4028 3760; x_wconf 76' lang='lat' dir='ltr'><strong>Manasse,</strong></span> <span class='ocrx_word' id='word_1_680' title='bbox 4072 3680 4379 3748; x_wconf 88' lang='lat' dir='ltr'><strong>dimidiae</strong></span> 
     </span>
     <span class='ocr_line' id='line_1_93' title="bbox 2425 3761 4380 3845; baseline 0.002 -16"><span class='ocrx_word' id='word_1_681' title='bbox 2425 3763 2613 3845; x_wconf 75' lang='lat' dir='ltr'><strong>parti</strong></span> <span class='ocrx_word' id='word_1_682' title='bbox 2649 3761 2927 3844; x_wconf 77' lang='lat' dir='ltr'><strong>filiorum</strong></span> <span class='ocrx_word' id='word_1_683' title='bbox 2969 3761 3227 3830; x_wconf 83' lang='lat' dir='ltr'><strong>Machir</strong></span> <span class='ocrx_word' id='word_1_684' title='bbox 3241 3812 3257 3843; x_wconf 91' lang='lat'><strong>,</strong></span> <span class='ocrx_word' id='word_1_685' title='bbox 3296 3783 3421 3844; x_wconf 75' lang='lat' dir='ltr'><strong>per</strong></span> <span class='ocrx_word' id='word_1_686' title='bbox 3464 3761 3754 3845; x_wconf 86' lang='lat' dir='ltr'><strong>familias</strong></span> <span class='ocrx_word' id='word_1_687' title='bbox 3788 3783 3959 3830; x_wconf 82' lang='lat' dir='ltr'><strong>suas.</strong></span> <span class='ocrx_word' id='word_1_688' title='bbox 4046 3765 4151 3831; x_wconf 83' lang='lat'><strong>32.</strong></span> <span class='ocrx_word' id='word_1_689' title='bbox 4208 3765 4380 3833; x_wconf 84' lang='lat' dir='ltr'><strong>Istae</strong></span> 
     </span>
     <span class='ocr_line' id='line_1_94' title="bbox 2435 3846 4265 3931; baseline 0.001 -17"><span class='ocrx_word' id='word_1_690' title='bbox 2435 3854 2584 3915; x_wconf 78' lang='lat' dir='ltr'><strong>sunt</strong></span> <span class='ocrx_word' id='word_1_691' title='bbox 2624 3847 3035 3916; x_wconf 84' lang='lat' dir='ltr'><strong>haereditates</strong></span> <span class='ocrx_word' id='word_1_692' title='bbox 3074 3868 3236 3931; x_wconf 71' lang='lat' dir='ltr'><strong>quas</strong></span> <span class='ocrx_word' id='word_1_693' title='bbox 3272 3847 3538 3915; x_wconf 81' lang='lat' dir='ltr'><strong>tradidit</strong></span> <span class='ocrx_word' id='word_1_694' title='bbox 3571 3846 3784 3913; x_wconf 89' lang='lat' dir='ltr'><strong>Moses</strong></span> <span class='ocrx_word' id='word_1_695' title='bbox 3823 3851 3895 3914; x_wconf 82' lang='lat' dir='ltr'><strong>in</strong></span> <span class='ocrx_word' id='word_1_696' title='bbox 3936 3870 4072 3916; x_wconf 86' lang='lat' dir='ltr'><strong>cam</strong></span> <span class='ocrx_word' id='word_1_697' title='bbox 4251 3852 4265 3865; x_wconf 83' lang='lat'><strong>‘</strong></span> 
     </span>
    </p>

    <p class='ocr_par' dir='ltr' id='par_1_9' title="bbox 2437 3933 4376 4090">
     <span class='ocr_line' id='line_1_95' title="bbox 2438 3933 4374 4017; baseline 0.003 -17"><span class='ocrx_word' id='word_1_698' title='bbox 2438 3933 2631 4001; x_wconf 83' lang='lat' dir='ltr'><strong>Moab</strong></span> <span class='ocrx_word' id='word_1_699' title='bbox 2672 3954 2716 3999; x_wconf 90' lang='lat' dir='ltr'><strong>a</strong></span> <span class='ocrx_word' id='word_1_700' title='bbox 2771 3934 3042 4000; x_wconf 75' lang='lat' dir='ltr'><strong>transitu</strong></span> <span class='ocrx_word' id='word_1_701' title='bbox 3081 3934 3383 4000; x_wconf 82' lang='lat' dir='ltr'><strong>Iordanis</strong></span> <span class='ocrx_word' id='word_1_702' title='bbox 3438 3933 3570 4017; x_wconf 71' lang='lat' dir='ltr'><strong>ipsi</strong></span> <span class='ocrx_word' id='word_1_703' title='bbox 3613 3933 3857 3999; x_wconf 78' lang='lat' dir='ltr'><strong>Iericho</strong></span> <span class='ocrx_word' id='word_1_704' title='bbox 3913 3936 4000 4002; x_wconf 87' lang='lat' dir='ltr'><strong>ad</strong></span> <span class='ocrx_word' id='word_1_705' title='bbox 4153 3938 4166 3952; x_wconf 88' lang='grc'><em>“</em></span> <span class='ocrx_word' id='word_1_706' title='bbox 4359 3989 4374 4005; x_wconf 92' lang='grc'><strong>.</strong></span> 
     </span>
     <span class='ocr_line' id='line_1_96' title="bbox 2437 4017 4376 4090; baseline 0.002 -4"><span class='ocrx_word' id='word_1_707' title='bbox 2437 4019 2541 4087; x_wconf 85' lang='grc'><strong>33.</strong></span> <span class='ocrx_word' id='word_1_708' title='bbox 2591 4019 2817 4086; x_wconf 82' lang='lat' dir='ltr'><strong>Tribui</strong></span> <span class='ocrx_word' id='word_1_709' title='bbox 2858 4024 3062 4085; x_wconf 79' lang='lat' dir='ltr'><strong>autem</strong></span> <span class='ocrx_word' id='word_1_710' title='bbox 3105 4019 3263 4085; x_wconf 80' lang='lat' dir='ltr'><strong>Levi</strong></span> <span class='ocrx_word' id='word_1_711' title='bbox 3304 4039 3424 4085; x_wconf 77' lang='lat' dir='ltr'><strong>non</strong></span> <span class='ocrx_word' id='word_1_712' title='bbox 3464 4019 3634 4085; x_wconf 87' lang='lat' dir='ltr'><strong>dedit</strong></span> <span class='ocrx_word' id='word_1_713' title='bbox 3661 4017 3874 4086; x_wconf 86' lang='lat' dir='ltr'><strong>Moses</strong></span> <span class='ocrx_word' id='word_1_714' title='bbox 3913 4019 4376 4090; x_wconf 84' lang='lat' dir='ltr'><strong>haereditatem:</strong></span> 
     </span>
    </p>
   </div>
   <div class='ocr_carea' id='block_1_9' title="bbox 2438 4103 4509 4191">
    <p class='ocr_par' dir='ltr' id='par_1_10' title="bbox 2438 4103 4509 4191">
     <span class='ocr_line' id='line_1_97' title="bbox 2438 4103 4509 4191; baseline 0.004 -21"><span class='ocrx_word' id='word_1_715' title='bbox 2438 4104 2674 4173; x_wconf 84' lang='lat' dir='ltr'><strong>Iehova</strong></span> <span class='ocrx_word' id='word_1_716' title='bbox 2715 4104 2896 4172; x_wconf 83' lang='lat' dir='ltr'><strong>Deus</strong></span> <span class='ocrx_word' id='word_1_717' title='bbox 2937 4104 3147 4171; x_wconf 81' lang='lat' dir='ltr'><strong>Israel</strong></span> <span class='ocrx_word' id='word_1_718' title='bbox 3181 4105 3318 4186; x_wconf 76' lang='lat' dir='ltr'><strong>ipse</strong></span> <span class='ocrx_word' id='word_1_719' title='bbox 3358 4109 3446 4171; x_wconf 88' lang='lat' dir='ltr'><strong>est</strong></span> <span class='ocrx_word' id='word_1_720' title='bbox 3485 4103 3841 4173; x_wconf 84' lang='lat' dir='ltr'><strong>haereditas</strong></span> <span class='ocrx_word' id='word_1_721' title='bbox 3882 4126 4123 4189; x_wconf 80' lang='lat' dir='ltr'><strong>eorum,</strong></span> <span class='ocrx_word' id='word_1_722' title='bbox 4167 4128 4372 4191; x_wconf 72' lang='lat' dir='ltr'><strong>quem·</strong></span> <span class='ocrx_word' id='word_1_723' title='bbox 4505 4124 4509 4129; x_wconf 57' lang='lat'><strong>⁴</strong></span> 
     </span>
    </p>
   </div>
   <div class='ocr_carea' id='block_1_10' title="bbox 2437 4189 3243 4278">
    <p class='ocr_par' dir='ltr' id='par_1_11' title="bbox 2437 4189 3243 4278">
     <span class='ocr_line' id='line_1_98' title="bbox 2437 4189 3243 4278; baseline -0.005 -19"><span class='ocrx_word' id='word_1_724' title='bbox 2437 4191 2770 4259; x_wconf 81' lang='lat' dir='ltr'><strong>admodum</strong></span> <span class='ocrx_word' id='word_1_725' title='bbox 2810 4189 2980 4256; x_wconf 76' lang='lat' dir='ltr'><strong>dixit</strong></span> <span class='ocrx_word' id='word_1_726' title='bbox 3015 4190 3153 4258; x_wconf 86' lang='lat' dir='ltr'><strong>illis</strong></span> <span class='ocrx_word' id='word_1_727' title='bbox 3176 4189 3243 4278; x_wconf 86' lang='lat'><strong>¹).</strong></span> 
     </span>
    </p>
   </div>
   <div class='ocr_carea' id='block_1_11' title="bbox 2434 4359 4381 5305">
    <p class='ocr_par' dir='ltr' id='par_1_12' title="bbox 2434 4359 4381 5305">
     <span class='ocr_line' id='line_1_99' title="bbox 2612 4359 4374 4446; baseline 0.004 -21"><span class='ocrx_word' id='word_1_728' title='bbox 2612 4360 2712 4427; x_wconf 85' lang='lat'><strong>15.</strong></span> <span class='ocrx_word' id='word_1_729' title='bbox 2755 4359 2950 4427; x_wconf 84' lang='lat' dir='ltr'><strong>Dedit</strong></span> <span class='ocrx_word' id='word_1_730' title='bbox 2990 4379 3132 4446; x_wconf 74' lang='lat' dir='ltr'><strong>eryo</strong></span> <span class='ocrx_word' id='word_1_731' title='bbox 3174 4360 3399 4427; x_wconf 88' lang='lat' dir='ltr'><strong>Moses.</strong></span> <span class='ocrx_word' id='word_1_732' title='bbox 3491 4359 3685 4444; x_wconf 78' lang='lat' dir='ltr'><strong>Quod</strong></span> <span class='ocrx_word' id='word_1_733' title='bbox 3728 4362 3909 4430; x_wconf 82' lang='lat' dir='ltr'><strong>visus</strong></span> <span class='ocrx_word' id='word_1_734' title='bbox 3962 4365 4174 4431; x_wconf 85' lang='lat' dir='ltr'><strong>fuerat</strong></span> <span class='ocrx_word' id='word_1_735' title='bbox 4216 4365 4374 4432; x_wconf 89' lang='lat' dir='ltr'><strong>satis</strong></span> 
     </span>
     <span class='ocr_line' id='line_1_100' title="bbox 2438 4445 4381 4533; baseline 0.003 -21"><span class='ocrx_word' id='word_1_736' title='bbox 2438 4447 2613 4512; x_wconf 88' lang='lat' dir='ltr'><strong>clare</strong></span> <span class='ocrx_word' id='word_1_737' title='bbox 2657 4445 2919 4527; x_wconf 84' lang='lat' dir='ltr'><strong>dixisse,</strong></span> <span class='ocrx_word' id='word_1_738' title='bbox 2964 4467 3141 4513; x_wconf 90' lang='lat' dir='ltr'><strong>nunc</strong></span> <span class='ocrx_word' id='word_1_739' title='bbox 3182 4445 3557 4514; x_wconf 89' lang='lat' dir='ltr'><strong>distinctius</strong></span> <span class='ocrx_word' id='word_1_740' title='bbox 3591 4451 4024 4533; x_wconf 88' lang='lat' dir='ltr'><strong>persequitur,</strong></span> <span class='ocrx_word' id='word_1_741' title='bbox 4068 4472 4200 4516; x_wconf 91' lang='lat' dir='ltr'><strong>non</strong></span> <span class='ocrx_word' id='word_1_742' title='bbox 4236 4459 4381 4519; x_wconf 90' lang='lat' dir='ltr'><strong>tan-</strong></span> 
     </span>
     <span class='ocr_line' id='line_1_101' title="bbox 2439 4530 4377 4620; baseline 0.003 -22"><span class='ocrx_word' id='word_1_743' title='bbox 2439 4541 2579 4598; x_wconf 91' lang='lat' dir='ltr'><strong>tum</strong></span> <span class='ocrx_word' id='word_1_744' title='bbox 2624 4539 2700 4598; x_wconf 89' lang='lat' dir='ltr'><strong>ut</strong></span> <span class='ocrx_word' id='word_1_745' title='bbox 2742 4530 2934 4597; x_wconf 89' lang='lat' dir='ltr'><strong>lectio</strong></span> <span class='ocrx_word' id='word_1_746' title='bbox 2977 4532 3287 4616; x_wconf 92' lang='lat' dir='ltr'><strong>populum</strong></span> <span class='ocrx_word' id='word_1_747' title='bbox 3345 4533 3575 4598; x_wconf 90' lang='lat' dir='ltr'><strong>incitet</strong></span> <span class='ocrx_word' id='word_1_748' title='bbox 3632 4533 3715 4600; x_wconf 89' lang='lat' dir='ltr'><strong>ad</strong></span> <span class='ocrx_word' id='word_1_749' title='bbox 3771 4535 4018 4619; x_wconf 89' lang='lat' dir='ltr'><strong>gratias</strong></span> <span class='ocrx_word' id='word_1_750' title='bbox 4075 4536 4377 4620; x_wconf 88' lang='lat' dir='ltr'><strong>agendas,</strong></span> 
     </span>
     <span class='ocr_line' id='line_1_102' title="bbox 2438 4616 4379 4704; baseline 0.003 -22"><span class='ocrx_word' id='word_1_751' title='bbox 2438 4616 2595 4683; x_wconf 91' lang='lat' dir='ltr'><strong>dum</strong></span> <span class='ocrx_word' id='word_1_752' title='bbox 2673 4616 2953 4701; x_wconf 85' lang='lat' dir='ltr'><strong>publicis</strong></span> <span class='ocrx_word' id='word_1_753' title='bbox 3017 4618 3462 4685; x_wconf 89' lang='lat' dir='ltr'><strong>monumentis</strong></span> <span class='ocrx_word' id='word_1_754' title='bbox 3540 4619 3994 4704; x_wconf 88' lang='lat' dir='ltr'><strong>consignatum</strong></span> <span class='ocrx_word' id='word_1_755' title='bbox 4061 4623 4187 4687; x_wconf 90' lang='lat' dir='ltr'><strong>erit</strong></span> <span class='ocrx_word' id='word_1_756' title='bbox 4249 4622 4379 4689; x_wconf 91' lang='lat' dir='ltr'><strong>Dei</strong></span> 
     </span>
     <span class='ocr_line' id='line_1_103' title="bbox 2437 4703 4377 4787; baseline 0.002 -17"><span class='ocrx_word' id='word_1_757' title='bbox 2437 4703 2858 4782; x_wconf 88' lang='lat' dir='ltr'><strong>beneficium,</strong></span> <span class='ocrx_word' id='word_1_758' title='bbox 2930 4711 2996 4768; x_wconf 91' lang='lat' dir='ltr'><strong>et</strong></span> <span class='ocrx_word' id='word_1_759' title='bbox 3059 4704 3244 4787; x_wconf 89' lang='lat' dir='ltr'><strong>quasi</strong></span> <span class='ocrx_word' id='word_1_760' title='bbox 3302 4712 3456 4769; x_wconf 91' lang='lat' dir='ltr'><strong>ante</strong></span> <span class='ocrx_word' id='word_1_761' title='bbox 3511 4704 3733 4771; x_wconf 90' lang='lat' dir='ltr'><strong>oculos</strong></span> <span class='ocrx_word' id='word_1_762' title='bbox 3797 4705 4197 4773; x_wconf 82' lang='lat' dir='ltr'><strong>versabitur:</strong></span> <span class='ocrx_word' id='word_1_763' title='bbox 4263 4707 4377 4774; x_wconf 91' lang='lat' dir='ltr'><strong>sed</strong></span> 
     </span>
     <span class='ocr_line' id='line_1_104' title="bbox 2439 4788 4376 4874; baseline 0.002 -19"><span class='ocrx_word' id='word_1_764' title='bbox 2439 4790 2637 4855; x_wconf 90' lang='lat' dir='ltr'><strong>etiam</strong></span> <span class='ocrx_word' id='word_1_765' title='bbox 2684 4796 2760 4854; x_wconf 92' lang='lat' dir='ltr'><strong>ut</strong></span> <span class='ocrx_word' id='word_1_766' title='bbox 2800 4808 2919 4853; x_wconf 93' lang='lat' dir='ltr'><strong>sua</strong></span> <span class='ocrx_word' id='word_1_767' title='bbox 2973 4790 3245 4874; x_wconf 90' lang='lat' dir='ltr'><strong>quisque</strong></span> <span class='ocrx_word' id='word_1_768' title='bbox 3298 4788 3700 4856; x_wconf 87' lang='lat' dir='ltr'><strong>haereditate</strong></span> <span class='ocrx_word' id='word_1_769' title='bbox 3753 4792 3894 4857; x_wconf 91' lang='lat' dir='ltr'><strong>sine</strong></span> <span class='ocrx_word' id='word_1_770' title='bbox 3953 4790 4253 4858; x_wconf 88' lang='lat' dir='ltr'><strong>molestia</strong></span> <span class='ocrx_word' id='word_1_771' title='bbox 4308 4803 4376 4859; x_wconf 90' lang='lat' dir='ltr'><strong>et</strong></span> 
     </span>
     <span class='ocr_line' id='line_1_105' title="bbox 2436 4872 4374 4961; baseline 0.002 -21"><span class='ocrx_word' id='word_1_772' title='bbox 2436 4874 2653 4958; x_wconf 88' lang='lat' dir='ltr'><strong>iurgio</strong></span> <span class='ocrx_word' id='word_1_773' title='bbox 2707 4874 2979 4939; x_wconf 85' lang='lat' dir='ltr'><strong>fruatur.</strong></span> <span class='ocrx_word' id='word_1_774' title='bbox 3068 4872 3328 4941; x_wconf 86' lang='lat' dir='ltr'><strong>Scimus</strong></span> <span class='ocrx_word' id='word_1_775' title='bbox 3384 4896 3581 4961; x_wconf 90' lang='lat' dir='ltr'><strong>quam</strong></span> <span class='ocrx_word' id='word_1_776' title='bbox 3636 4877 3975 4960; x_wconf 87' lang='lat' dir='ltr'><strong>ingeniosa</strong></span> <span class='ocrx_word' id='word_1_777' title='bbox 4030 4879 4120 4943; x_wconf 90' lang='lat' dir='ltr'><strong>sit</strong></span> <span class='ocrx_word' id='word_1_778' title='bbox 4162 4877 4374 4943; x_wconf 91' lang='lat' dir='ltr'><strong>homi-</strong></span> 
     </span>
     <span class='ocr_line' id='line_1_106' title="bbox 2438 4956 4372 5046; baseline 0.003 -22"><span class='ocrx_word' id='word_1_779' title='bbox 2438 4980 2598 5025; x_wconf 91' lang='lat' dir='ltr'><strong>num</strong></span> <span class='ocrx_word' id='word_1_780' title='bbox 2640 4956 2961 5042; x_wconf 89' lang='lat' dir='ltr'><strong>cupiditas</strong></span> <span class='ocrx_word' id='word_1_781' title='bbox 3003 4959 3085 5024; x_wconf 91' lang='lat' dir='ltr'><strong>ad</strong></span> <span class='ocrx_word' id='word_1_782' title='bbox 3129 4961 3592 5045; x_wconf 86' lang='lat' dir='ltr'><strong>excogitandos</strong></span> <span class='ocrx_word' id='word_1_783' title='bbox 3635 4961 3932 5046; x_wconf 88' lang='lat' dir='ltr'><strong>litigandi</strong></span> <span class='ocrx_word' id='word_1_784' title='bbox 3970 4970 4372 5044; x_wconf 87' lang='lat' dir='ltr'><strong>praetextus:</strong></span> 
     </span>
     <span class='ocr_line' id='line_1_107' title="bbox 2437 5044 4377 5132; baseline 0.002 -21"><span class='ocrx_word' id='word_1_785' title='bbox 2437 5053 2514 5111; x_wconf 91' lang='lat' dir='ltr'><strong>ut</strong></span> <span class='ocrx_word' id='word_1_786' title='bbox 2557 5044 2801 5110; x_wconf 91' lang='lat' dir='ltr'><strong>nemini</strong></span> <span class='ocrx_word' id='word_1_787' title='bbox 2844 5044 2947 5111; x_wconf 92' lang='lat' dir='ltr'><strong>ius</strong></span> <span class='ocrx_word' id='word_1_788' title='bbox 2988 5066 3179 5111; x_wconf 90' lang='lat' dir='ltr'><strong>suum</strong></span> <span class='ocrx_word' id='word_1_789' title='bbox 3223 5047 3480 5113; x_wconf 88' lang='lat' dir='ltr'><strong>salvum</strong></span> <span class='ocrx_word' id='word_1_790' title='bbox 3525 5068 3665 5113; x_wconf 91' lang='lat' dir='ltr'><strong>esse</strong></span> <span class='ocrx_word' id='word_1_791' title='bbox 3700 5048 3924 5132; x_wconf 92' lang='lat' dir='ltr'><strong>possit,</strong></span> <span class='ocrx_word' id='word_1_792' title='bbox 3968 5048 4096 5113; x_wconf 90' lang='lat' dir='ltr'><strong>nisi</strong></span> <span class='ocrx_word' id='word_1_793' title='bbox 4129 5047 4377 5132; x_wconf 91' lang='lat' dir='ltr'><strong>liquida</strong></span> 
     </span>
     <span class='ocr_line' id='line_1_108' title="bbox 2436 5130 4373 5215; baseline 0.003 -19"><span class='ocrx_word' id='word_1_794' title='bbox 2436 5139 2505 5197; x_wconf 91' lang='lat' dir='ltr'><strong>et</strong></span> <span class='ocrx_word' id='word_1_795' title='bbox 2526 5130 2862 5215; x_wconf 90' lang='lat' dir='ltr'><strong>perspicua</strong></span> <span class='ocrx_word' id='word_1_796' title='bbox 2898 5130 3061 5197; x_wconf 90' lang='lat' dir='ltr'><strong>iuris</strong></span> <span class='ocrx_word' id='word_1_797' title='bbox 3093 5131 3382 5198; x_wconf 91' lang='lat' dir='ltr'><strong>definitio</strong></span> <span class='ocrx_word' id='word_1_798' title='bbox 3417 5136 3891 5198; x_wconf 86' lang='lat' dir='ltr'><strong>controversias</strong></span> <span class='ocrx_word' id='word_1_799' title='bbox 3914 5154 4142 5199; x_wconf 90' lang='lat' dir='ltr'><strong>omnes</strong></span> <span class='ocrx_word' id='word_1_800' title='bbox 4163 5134 4373 5201; x_wconf 88' lang='lat' dir='ltr'><strong>tollat.</strong></span> 
     </span>
     <span class='ocr_line' id='line_1_109' title="bbox 2434 5216 4373 5305; baseline 0.003 -23"><span class='ocrx_word' id='word_1_801' title='bbox 2434 5217 2648 5282; x_wconf 85' lang='lat' dir='ltr'><strong>Extra</strong></span> <span class='ocrx_word' id='word_1_802' title='bbox 2689 5225 2929 5280; x_wconf 86' lang='lat' dir='ltr'><strong>sortem</strong></span> <span class='ocrx_word' id='word_1_803' title='bbox 2975 5216 3128 5282; x_wconf 90' lang='lat' dir='ltr'><strong>data</strong></span> <span class='ocrx_word' id='word_1_804' title='bbox 3170 5216 3385 5283; x_wconf 83' lang='lat' dir='ltr'><strong>fuerat</strong></span> <span class='ocrx_word' id='word_1_805' title='bbox 3426 5218 3538 5282; x_wconf 89' lang='lat' dir='ltr'><strong>illa</strong></span> <span class='ocrx_word' id='word_1_806' title='bbox 3582 5218 3780 5303; x_wconf 88' lang='lat' dir='ltr'><strong>regio.</strong></span> <span class='ocrx_word' id='word_1_807' title='bbox 3859 5217 4185 5305; x_wconf 85' lang='lat' dir='ltr'><strong>Excipere</strong></span> <span class='ocrx_word' id='word_1_808' title='bbox 4229 5220 4373 5287; x_wconf 89' lang='lat' dir='ltr'><strong>aliis</strong></span> 
     </span>
    </p>
   </div>
   <div class='ocr_carea' id='block_1_12' title="bbox 2435 5338 2845 5349">
    <p class='ocr_par' dir='ltr' id='par_1_13' title="bbox 2435 5338 2845 5349">
     <span class='ocr_line' id='line_1_110' title="bbox 2435 5338 2845 5349; baseline 0 793"><span class='ocrx_word' id='word_1_809' title='bbox 2435 5338 2845 5349; x_wconf 95' lang='lat' dir='ltr'><strong> </strong></span> 
     </span>
    </p>
   </div>
   <div class='ocr_carea' id='block_1_13' title="bbox 2609 5403 3966 5545">
    <p class='ocr_par' dir='ltr' id='par_1_14' title="bbox 2609 5403 3966 5545">
     <span class='ocr_line' id='line_1_111' title="bbox 2609 5403 3966 5545; baseline 0.001 -87"><span class='ocrx_word' id='word_1_810' title='bbox 2609 5406 2666 5475; x_wconf 96' lang='lat'><strong>1)</strong></span> <span class='ocrx_word' id='word_1_811' title='bbox 2707 5404 2777 5460; x_wconf 76' lang='lat' dir='ltr'><strong>In</strong></span> <span class='ocrx_word' id='word_1_812' title='bbox 2811 5403 3083 5476; x_wconf 67' lang='lat' dir='ltr'><strong>man-qim.-</strong></span> <span class='ocrx_word' id='word_1_813' title='bbox 3118 5405 3224 5470; x_wconf 78' lang='lat' dir='ltr'><strong>vel,</strong></span> <span class='ocrx_word' id='word_1_814' title='bbox 3261 5404 3328 5460; x_wconf 88' lang='lat' dir='ltr'><strong>de</strong></span> <span class='ocrx_word' id='word_1_815' title='bbox 3362 5404 3490 5459; x_wconf 88' lang='lat' dir='ltr'><strong>illis.</strong></span> <span class='ocrx_word' id='word_1_816' title='bbox 3854 5490 3966 5545; x_wconf 74' lang='lat'><strong>33*</strong></span> 
     </span>
    </p>
   </div>
  </div>
 </body>
</html>
