5017 6142
642 437 772 502 367

648 623 905 691 vissimo
946 640 1194 687 eorum.-
1245 619 1558 704 qeneratio
1598 619 1766 685 enim
1797 618 2285 701 perversitatum
2325 622 2504 683 sunt.-
2546 622 2604 684 et

644 709 771 793 filii
822 709 893 773 in
950 706 1177 790 quibus
1228 704 1406 771 nulla
1472 708 1561 771 est
1618 704 1792 784 fides.
1880 703 1984 769 21.
2056 703 2204 784 Ipsi
2256 702 2342 769 ad
2395 702 2602 770 selum

638 797 1133 880 provocaverunt
1172 810 1299 869 me,
1356 790 1427 855 in
1469 811 1537 854 eo
1581 791 1744 873 quod
1786 809 1908 856 non
1950 794 2041 855 est
2089 789 2275 869 deas,
2336 788 2422 855 ad
2463 789 2599 857 ira-

649 881 946 948 cundiam
985 898 1082 945 me
1111 881 1600 960 provocaverant
1639 877 1712 942 in
1752 874 2138 942 vanitatibus
2178 876 2347 941 sais:
2398 879 2455 940 et
2495 896 2600 959 eqo

648 967 736 1033 ad
791 967 994 1032 zelum
1035 961 1374 1045 provocabo
1429 981 1529 1027 eos
1582 962 1654 1026 in
1710 981 1778 1028 eo
1834 961 1949 1044 qm·
1994 982 2120 1028 non
2161 965 2251 1027 est
2293 961 2601 1044 populus.-

650 1054 723 1118 ἐκ
779 1056 953 1137 yente
1014 1049 1209 1115 stulta
1261 1047 1603 1130 provocabo
1661 1067 1763 1114 eos
1815 1047 1901 1112 ad
1963 1047 2151 1112 iram.
2238 1047 2345 1112 22.
2414 1047 2601 1129 Iynis

652 1139 820 1204 enim
878 1136 1275 1202 succendetm
1337 1134 1406 1198 in
1460 1133 1962 1200 excandescentia
2013 1152 2155 1198 mea
2168 1183 2185 1212 ,
2249 1136 2305 1197 et
2360 1132 2603 1198 ardebit

650 1244 844 1306 usque
889 1221 974 1287 ad
1028 1220 1349 1303 infernam
1406 1219 1766 1300 inferiorem
1783 1243 1803 1283 .·
1865 1219 2305 1301 devorabitque
2360 1222 2599 1284 terram

650 1316 706 1376 et
764 1308 1036 1392 fructum
1098 1307 1267 1384 eius,
1332 1304 1745 1385 inflammabit
1801 1302 2215 1386 fundamenta
2276 1304 2594 1369 montium.

651 1396 755 1462 23.
825 1391 1164 1460 Oumulabo
1206 1411 1396 1472 super
1438 1410 1543 1456 eos
1582 1390 1787 1469 mala,
1852 1391 2117 1475 sayittas
2157 1409 2333 1455 meas
2373 1408 2595 1456 consu·

650 1500 822 1547 mam
875 1480 947 1545 in
1002 1479 1109 1545 eis.
1196 1477 1300 1542 24.
1368 1474 1680 1542 Combusti
1744 1479 1924 1541 erunt
1974 1476 2178 1558 fame,
2244 1479 2299 1540 et
2350 1476 2600 1541 comesti

651 1565 1041 1652 aeyritudine
1081 1562 1323 1639 calida,
1368 1567 1426 1628 et
1465 1562 1770 1628 excisione
1814 1582 2069 1627 amara:
2110 1561 2320 1627 dentes
2361 1580 2600 1644 quoque

650 1653 991 1719 bestiarum
1052 1650 1387 1714 immittam
1447 1648 1518 1713 in
1582 1667 1681 1712 eos
1735 1666 1873 1712 cum
1939 1666 2161 1713 veneno
2223 1648 2599 1728 serpentium

651 1758 841 1820 super
880 1743 1135 1803 terram.
1226 1733 1329 1800 25.
1406 1732 1599 1801 Foris
1642 1731 1878 1799 orbabit
1903 1733 2178 1817 qladius,
2221 1737 2277 1798 et
2320 1733 2391 1797 im
2433 1733 2601 1798 cubi-

537 1888 540 1891 .
650 1824 812 1891 culis
853 1822 970 1889 erit
1013 1826 1239 1887 terror:
1281 1820 1467 1885 etiam
1508 1819 1817 1898 iuvenem,
1865 1819 2055 1884 etiam
2095 1819 2427 1903 viryinem,
2475 1819 2600 1885 zac-

651 1914 869 1977 tentem
922 1927 1062 1973 cum
1117 1907 1252 1971 vio-o
1289 1925 1443 1972 sene.
1531 1905 1636 1970 26.
1694 1903 2015 1970 Dicerem:
2072 1903 2458 1988 Disperyam
2496 1924 2600 1970 eos

640 2015 765 2080 per
807 1994 1069 2078 anmatos
1083 2041 1101 2076 ,
1159 2011 1400 2058 cessare
1439 1991 1679 2073 faciam
1717 2010 1796 2054 ex
1836 1989 2188 2055 hominibus
2237 1990 2598 2056 meritoriam

653 2101 865 2146 eorum
888 2130 902 2157 ‚
992 2079 1096 2143 27.
1175 2076 1329 2142 Nisi
1392 2078 1562 2143 iram
1624 2075 1871 2141 inimici
1933 2076 2242 2155 timerem,
2306 2096 2382 2142 ne
2440 2076 2600 2157 forte

650 2167 885 2233 alienos
947 2185 1015 2231 se
1078 2167 1370 2229 ostentent
1428 2162 1631 2228 hostes
1693 2182 1928 2227 eoram.-
2001 2183 2078 2227 ne
2136 2163 2300 2244 forte
2356 2162 2600 2228 dicant:

654 2252 898 2317 Manus
937 2254 1149 2317 nostra
1190 2247 1424 2315 excelsa
1440 2299 1457 2328 ,
1511 2268 1707 2331 neque
1750 2246 1979 2314 Iekova
2020 2252 2308 2330 operatus
2346 2252 2435 2313 est
2475 2267 2600 2314 om-

652 2339 767 2403 nia
810 2338 951 2403 ista.

826 2506 924 2573 19.
978 2507 1183 2589 Quum
1225 2511 1430 2571 autem
1460 2505 1731 2571 vidisset.
1784 2504 2028 2569 Videre
2072 2504 2218 2583 Dei,
2265 2504 2447 2570 cuius
2492 2503 2601 2571 hic

652 2595 731 2659 fit
772 2593 1049 2671 mentio,
1095 2589 1176 2657 ad
1222 2590 1449 2656 iudicii·
1486 2589 1998 2656 moderationem
2043 2589 2364 2656 refertur:
2424 2609 2498 2655 ac
2543 2591 2601 2656 si

655 2679 901 2746 dictum
946 2688 1132 2757 esset,
1179 2698 1330 2742 eum
1376 2697 1511 2741 non
1557 2677 1663 2760 agi
1705 2675 2152 2760 praecipitem,
2198 2697 2320 2742 nec
2364 2697 2403 2740 a
2445 2675 2601 2742 filiis

654 2766 789 2832 suis
833 2764 1132 2841 alienari,
1181 2762 1306 2827 nisi
1351 2782 1550 2829 causa
1592 2762 1791 2844 probe
1835 2762 2128 2846 cognita:
2172 2782 2304 2845 qua
2345 2762 2601 2827 ratione

655 2851 808 2917 alibi
853 2849 1039 2915 dicit:
1108 2847 1374 2914 Clamor
1417 2846 1739 2913 Sodomae
1789 2846 2262 2932 multiplicatus
2307 2856 2441 2927 est,
2488 2845 2601 2912 de-

655 2936 985 3015 scendam,
1027 2943 1091 3000 et
1129 2932 1360 2999 videbo
1405 2955 1489 2998 an
1512 2933 1608 2998 ita
1643 2934 1748 3010 sit,
1794 2942 1871 2997 ut
1897 2934 2114 2999 sciam.
2175 2932 2372 3000 Certe
2419 2933 2600 2999 nullo

656 3021 958 3088 examine
1024 3018 1279 3103 indiget
1343 3017 1561 3098 Deus,
1643 3019 1828 3085 cuius
1893 3019 2118 3086 oculos
2185 3019 2352 3084 nihil
2415 3020 2601 3104 fugit,

655 3106 1012 3193 quamlibet
1076 3104 1553 3171 absconditum:
1623 3103 1738 3170 sed
1805 3103 2156 3171 descensus
2199 3113 2265 3170 et
2329 3105 2603 3189 inquisi-

655 3196 745 3259 tio
788 3200 1245 3277 praeposterae
1288 3190 1690 3256 festinationi
1724 3192 2092 3274 opponitur.
2150 3190 2257 3256 Ita
2295 3192 2417 3256 hoc
2459 3191 2603 3256 loco

657 3281 877 3345 Moses
926 3276 1148 3343 Deum
1205 3274 1660 3342 exacerbatum
1719 3277 1919 3342 fuisse
1977 3275 2190 3355 docet,
2302 3284 2604 3361 ostquam

658 3366 826 3431 filios
873 3385 1024 3429 suos
1080 3372 1146 3428 et
1201 3362 1370 3428 filias
1417 3382 1570 3427 suas
1631 3362 1797 3428 vidit
1843 3370 2026 3427 tanta
2074 3364 2236 3447 perfi
2280 3364 2345 3428 ia
2401 3363 2602 3429 fuisse

659 3450 1013 3517 abstractos
1051 3457 1199 3533 post
1240 3448 1431 3514 idola.
1519 3447 1772 3513 Iterum
1816 3468 1974 3514 vero
2015 3448 2189 3513 filios
2234 3449 2601 3529 nominans,

657 3557 790 3603 non
836 3557 1056 3601 eorum
1103 3535 1409 3599 meritum
1456 3536 1787 3598 aestimat:
1840 3532 1953 3600 sed
1996 3534 2123 3599 Dei
2166 3533 2601 3617 adoptionem,

657 3644 822 3706 quae
865 3621 1126 3687 tametsi
1168 3620 1412 3685 abolita
1447 3635 1588 3684 erat
1632 3619 1842 3703 quoad
1879 3620 2070 3702 ipsos,
2118 3620 2335 3685 valere
2382 3629 2604 3685 tamen

658 3708 869 3774 adhuc
927 3707 1149 3772 debuit
1204 3704 1287 3769 ad
1340 3704 1712 3789 augendum
1777 3705 2276 3789 ingratitudinis
2332 3707 2601 3772 crimen.

657 3795 910 3860 Eadem
967 3812 1121 3856 vero
1166 3791 1415 3855 ratione
1468 3812 1598 3873 qua
1652 3811 1862 3874 nuper
1918 3790 2084 3856 dixit
2133 3791 2337 3857 Moses
2381 3792 2602 3857 Deum

661 3880 897 3948 vidisse
916 3930 930 3957 ,
975 3881 1191 3960 ipsum
1235 3875 1421 3959 quasi
1463 3874 1929 3942 deliberantem
1973 3876 2256 3955 inducit,
2303 3898 2428 3961 quo
2466 3898 2603 3943 me-

656 3967 782 4033 lius
815 3964 1095 4050 perspici
1125 3973 1321 4046 queat
1354 3981 1602 4045 poenae
1637 3962 2002 4027 maturitas.
2061 3962 2122 4026 N
2125 3962 2350 4028 otandi
2382 3972 2604 4028 autem

657 4060 816 4118 sunt
874 4048 1147 4135 gradus:
1206 4048 1358 4131 quia
1402 4067 1534 4112 non
1595 4048 1816 4113 statim
1861 4047 2045 4113 Deus
2095 4048 2461 4131 prorumpit
2519 4048 2601 4114 ad

658 4145 1026 4203 extremum
1078 4134 1362 4217 rigorem
1408 4133 1520 4199 sed
1560 4133 1796 4199 dicitur
1836 4132 2070 4200 faciem
2104 4155 2292 4200 suam
2330 4133 2601 4199 abscon-

661 4224 847 4300 dere,
903 4230 977 4286 ut
1020 4219 1270 4286 occulte
1322 4218 1688 4286 consideret
1744 4219 1900 4303 quid
1957 4220 2195 4285 facturi
2239 4220 2389 4285 sint.
2480 4220 2605 4286 Est

658 4318 874 4374 autem
934 4305 1098 4371 haec
1142 4304 1358 4370 media
1414 4306 1580 4370 ratio
1641 4306 1816 4371 inter
1871 4305 2285 4371 manifestam
2352 4308 2603 4390 gratiae

659 4413 734 4459 ac
811 4392 1052 4458 favoris
1131 4390 1688 4471 testificationem,
1773 4399 1843 4456 et
1918 4391 2057 4457 irae
2136 4391 2602 4464 testimonium.

659 4479 922 4547 Dicitur
986 4475 1249 4560 quidem
1325 4476 1480 4542 alibi
1544 4476 1837 4559 pluribus
1903 4477 2059 4544 loeis
2124 4477 2310 4543 Deus
2374 4478 2606 4543 faciem

661 4586 845 4634 suam
901 4561 1297 4630 abscondere
1344 4563 1460 4628 ubi
1505 4563 1831 4646 supplices
1890 4561 2192 4647 repudiat
2252 4563 2605 4629 auxilium-

658 4674 785 4737 que
825 4670 1019 4717 suum
1065 4646 1393 4713 subducit:
1438 4646 1553 4713 sed
1598 4647 1720 4715 hoc
1755 4648 1896 4715 loco
1940 4657 2279 4714 mutuatur
2322 4650 2607 4715 hominis

657 4756 1036 4822 personam,
1096 4735 1205 4818 qui
1260 4732 1418 4799 dum
1483 4730 1669 4799 videt
1724 4735 1891 4800 nihil
1948 4756 2019 4800 se
2071 4734 2398 4800 monendo
2453 4756 2607 4820 pro-

658 4827 883 4903 ficere,
941 4841 1088 4887 rece
1325 4819 1579 4902 quaerit
1623 4818 1798 4886 unde
1855 4828 2168 4887 eventum
2211 4822 2407 4886 tacite
2450 4842 2604 4887 con·

658 4910 1029 4993 templetur.
1121 4907 1336 4988 Atque
1400 4903 1526 4970 hoc
1591 4905 1781 4971 modo
1856 4906 2247 4990 exprimitur
2312 4906 2604 4972 taedium

657 4997 815 5062 Dei:
875 4994 1028 5078 quia
1070 4992 1183 5057 ubi
1242 4987 1410 5056 vidit
1449 5011 1519 5055 se
1575 5012 1839 5074 operam
1886 4992 2055 5057 male
2110 5013 2491 5059 consumere
2534 4992 2605 5057 in

659 5079 945 5166 regendo
1001 5077 1266 5162 populo,
1325 5095 1548 5142 curam
1595 5078 1733 5143 eius
1776 5076 2039 5143 tandem
2086 5078 2336 5144 abiecit.
2424 5078 2604 5144 Hinc

662 5176 883 5233 autem
940 5183 1283 5249 perperam
1342 5161 1660 5246 colligunt
1714 5163 1975 5246 quidam
2031 5162 2329 5231 homines
2376 5185 2416 5229 a
2459 5163 2605 5230 Deo

662 5251 1001 5319 derelictos
1017 5301 1032 5331 ,
1095 5249 1359 5333 proprio
1413 5247 1600 5316 liberi
1659 5248 1917 5315 arbitrii
1969 5256 2156 5314 motu
2205 5252 2604 5334 resipiscere,

662 5361 736 5405 ae
784 5339 839 5403 si
885 5338 1067 5403 Deus
1124 5356 1160 5400 e
1218 5333 1482 5421 specula
1526 5336 1785 5420 quietus
1834 5345 1899 5401 et
1963 5335 2206 5401 otiosus
2269 5342 2606 5420 exspectet

2072 428 2479 498 REDITUS
2526 430 2653 497 AD
2696 430 3244 498 HISTORIAM.

4526 427 4645 495 368

2707 618 3024 704 quidnam
3084 618 3318 686 facturi
3377 618 3539 686 sint:
3596 618 3855 704 quando
3898 619 4060 686 haec
4103 617 4445 685 occultatio
4488 639 4644 684 non-

2707 706 2835 772 nisi
2879 704 2962 770 ad
3007 715 3349 772 externam
3406 706 3655 791 gratiae
3712 705 4304 772 manifestationem
4349 703 4644 787 pertinet.

2707 791 3012 893 Denique
3070 790 3425 857 similitudo
3482 800 3583 858 est
3638 791 3734 892 ab·
3764 790 4136 891 horninibus
4177 797 4471 874 sumpta,
4525 809 4645 887 qus

2703 876 3156 1047 gbgglggztulin
3158 896 3447 1029 {1¹1²}me
3459 876 3550 1029 acf
3545 877 4218 1042 Βὲιξιᾶιοοάθέῗῃῗίῗῑιθέ
4221 896 4325 1027 033
4366 874 4644 1044 ξέἕιέιῗ

2708 1056 2842 1115 teat
2904 1046 3118 1113 modis
3184 1048 3488 1113 omnibus
3555 1068 3695 1114 esse
3762 1046 4226 1114 intractabiles.
4315 1043 4510 1127 Quod
4566 1066 4644 1112 ex

2703 1135 2955 1201 ratione
2999 1155 3156 1199 mox
3199 1132 3420 1200 addita
3461 1133 3808 1219 colligitur,
3853 1133 3964 1201 ubi
4007 1154 4171 1217 perv

2703 1228 3008 1286 naturam
3053 1228 3117 1285 et
3159 1218 3615 1286 infidelitatem
3658 1228 3945 1287 accusat:
3991 1240 4067 1286 ac
4103 1219 4162 1284 si
4197 1218 4460 1297 diceret,
4505 1226 4644 1301 post

2700 1306 2900 1391 longa
2958 1307 3410 1388 experimenta
3468 1325 3605 1371 non
3660 1304 3834 1370 aliud
3894 1313 4144 1371 restare
4186 1303 4318 1369 nisi
4357 1310 4436 1369 ut
4476 1303 4642 1386 ipsos

2700 1391 2922 1459 valere
2962 1388 3201 1457 iubeat.

2871 1477 2974 1542 21.
3044 1477 3189 1559 Ipsi
3242 1477 3329 1542 ad
3383 1475 3600 1543 zelum.
3686 1475 3833 1541 Iam
3891 1474 4155 1560 longius
4199 1472 4640 1559 progreditur,

2702 1563 2921 1629 Deum
2974 1563 3246 1641 scilicet,
3308 1562 3416 1628 ubi
3476 1583 3547 1629 se
3595 1559 3676 1627 ad
3736 1571 3995 1645 tempus
4038 1558 4456 1640 subduxerit,
4510 1569 4644 1625 tan·

2703 1648 2852 1714 dem
2887 1649 3110 1732 populi
3148 1655 3448 1732 apertum
3492 1647 3631 1713 fore
3675 1646 3966 1726 hostem,
4020 1655 4096 1711 ut
4136 1664 4257 1729 par
4297 1646 4442 1729 pari
4486 1646 4642 1710 refe·

2703 1743 2824 1801 rat.
2914 1734 3226 1799 Formam
3286 1753 3441 1799 vero
3494 1733 3757 1799 talionis
3799 1739 4015 1812 notat,
4062 1729 4236 1815 quod
4270 1729 4466 1797 sicuti
4509 1730 4642 1796 Deo

2703 1820 3010 1904 probrose
3074 1832 3511 1903 opposuerant
3577 1818 3764 1884 nihili
3806 1819 4120 1903 figmenta
4184 1826 4253 1881 et
4308 1816 4644 1898 vanitates,

2702 1908 2795 1972 ita
2839 1905 3127 1971 vicissim
3185 1913 3415 1971 contra
3456 1925 3567 1970 eos
3610 1903 3883 1970 extollet
3939 1901 4251 1969 barbaras
4307 1909 4542 1987 gentes
4583 1912 4644 1967 et

2705 1991 2950 2057 nullius
2993 1991 3205 2075 pretii.
3295 1990 3481 2059 Haec
3535 2010 3788 2074 quoque
3842 1987 4198 2080 similitudo
4253 1995 4521 2071 sumpta
4552 1997 4645 2054 est

2704 2099 2743 2143 a
2797 2077 3112 2162 zelotypis
3167 2077 3422 2142 maritis
3479 2078 3589 2161 qui
3634 2076 3693 2141 si
3743 2075 4073 2141 contemni
4121 2094 4193 2139 se
4235 2072 4319 2140 ab
4373 2074 4644 2157 impuris

2703 2161 3018 2229 uxoribus
3062 2162 3349 2242 videant,
3394 2162 3659 2229 obiectis
3698 2160 4044 2228 contrariis
4071 2158 4400 2225 amoribus
4443 2179 4518 2225 se
4551 2160 4642 2243 ip-

2703 2269 2810 2316 sos
2852 2249 3270 2316 ulciscuntur.
3328 2247 3466 2315 Gur
3499 2248 3858 2333 zelotypiae
3901 2247 4206 2312 affectum
4248 2245 4317 2310 in
4352 2265 4424 2310 se
4463 2245 4643 2311 Deus

2703 2335 3046 2418 suscipiat,
3090 2333 3337 2400 dictum
3381 2342 3504 2400 est·
3521 2335 3591 2398 in
3636 2330 3919 2399 secundo
3958 2332 4123 2417 legis
4163 2340 4543 2415 praecepte,
4585 2340 4645 2396 et

2702 2441 2914 2505 nuper
2978 2419 3226 2504 aliquid
3290 2419 3509 2505 attigi:
3585 2439 3764 2484 nunc
3838 2425 4101 2483 tantum
4178 2415 4365 2484 docet
4430 2416 4644 2483 Moses

2705 2507 3172 2590 aequissimum
3230 2505 3367 2571 fore
3425 2504 3753 2572 vindictae
3810 2523 4017 2589 genus
4035 2551 4051 2583 ,
4122 2503 4234 2568 ubi
4293 2501 4482 2569 Deus
4537 2523 4646 2588 per

2704 2601 2933 2677 gentes
2988 2600 3393 2675 contemptas
3436 2601 3504 2656 et
3550 2589 3869 2674 ignobiles
3924 2587 4270 2655 insultabit
4313 2589 4646 2673 apostatis,

2703 2678 2815 2761 qui
2880 2678 2948 2742 in
3015 2677 3157 2742 eius
3234 2676 3696 2743 contumeliam
3769 2675 3892 2742 sibi
3969 2673 4145 2740 idola
4225 2672 4645 2741 fabricarunt.

2704 2764 2910 2831 Porro
2967 2762 3258 2828 eiusdem
3317 2763 3678 2827 sententiae
3732 2762 4004 2827 effectus
4063 2758 4420 2825 identidem
4466 2760 4647 2825 exhi-

2703 2849 2877 2915 bitus
2919 2849 3060 2928 fuit,
3103 2848 3216 2914 ubi
3258 2848 3603 2933 tyrannice
3647 2869 3687 2914 a
3731 2847 3964 2916 vicinis
4007 2846 4314 2930 gentibus
4356 2865 4396 2911 o
4439 2846 4650 2929 pressi

2703 2934 2998 3001 fuerunt.
3086 2934 3340 3000 Verum
3426 2932 3686 3018 quidem
3765 2942 3865 2998 est
3925 2932 4291 3017 Aegyptios
4307 2981 4326 3011 ,
4451 2935 4648 3017 yrios,

2705 3020 3016 3105 Assyrios
3075 3028 3143 3085 et
3200 3019 3564 3087 Chaldaeos
3620 3019 3692 3084 in
3750 3018 4005 3102 populis
4063 3017 4257 3082 nihili
4313 3024 4381 3084 et
4434 3018 4650 3085 stultis

2706 3107 3014 3192 gentibus
3066 3105 3529 3189 comprehendi
3548 3156 3562 3183 ‚
3618 3105 3918 3188 quamvis
3972 3103 4269 3188 potentia
4312 3111 4379 3169 et
4420 3104 4650 3189 opibus

2708 3200 3145 3277 praestarent,
3206 3191 3478 3276 aliisque
3522 3189 3884 3276 splendidis
3925 3188 4187 3254 dotibus
4230 3199 4451 3255 essent
4495 3191 4651 3256 cele-

2705 3278 2889 3344 bres:
2952 3277 3064 3342 sed
3111 3277 3352 3343 mirum
3408 3298 3539 3343 non
3598 3285 3696 3343 est
3737 3296 3896 3359 prae
3953 3275 4069 3340 illa
4127 3275 4470 3342 nobilitate
4529 3296 4651 3360 qua

2708 3362 2892 3429 Deus
2954 3371 3303 3430 ornaverat
3366 3362 3698 3429 Israelitas
3716 3413 3731 3441 ,
3811 3360 3970 3427 alios
4036 3381 4263 3426 omnes
4337 3369 4649 3446 tanquam

2707 3449 3085 3534 quisquilias
3165 3451 3473 3533 reputari.
3564 3447 3839 3515 Summa
3915 3457 4041 3525 est,
4127 3446 4442 3513 ultionem
4511 3447 4650 3514 Deo

2707 3537 2845 3601 fore
2900 3535 2970 3600 in
3026 3543 3365 3619 promptu,
3418 3555 3547 3619 qua
3587 3534 3821 3619 puniat
3877 3531 4101 3617 populi
4153 3533 4254 3598 sui
4301 3534 4650 3600 vanitates:

2707 3622 2859 3705 quia
2890 3642 2972 3687 ex
2994 3621 3202 3686 nihilo
3224 3641 3445 3687 creare
3468 3621 3712 3704 poterit
3733 3619 3971 3697 hostes,
4009 3638 4049 3683 a
4081 3618 4319 3702 quibus
4346 3618 4650 3705 redigan-

2708 3715 2816 3773 tur
2850 3706 2923 3771 in
2970 3707 3269 3772 nihilum.
3331 3705 3521 3788 Quod
3565 3727 3721 3772 vero
3763 3704 4012 3771 Paulus
4034 3702 4080 3790 ¹)
4125 3704 4321 3771 latius
4362 3705 4656 3771 extendit

2709 3793 2882 3858 hanc
2936 3793 3331 3858 sententiam
3383 3790 3452 3856 id
3509 3793 3666 3858 facit
3713 3791 4034 3857 concinna
4088 3789 4435 3857 allusione:
4493 3812 4652 3875 quo-

2710 3881 2887 3944 niam
2945 3878 3057 3944 ubi
3100 3886 3331 3963 gentes
3375 3878 3560 3943 Deus
3615 3878 3686 3941 in
3744 3877 4085 3943 ecclesiam
4146 3896 4336 3943 suam
4392 3878 4646 3958 ascivit,

2708 3964 2791 4029 ad
2843 3964 3237 4048 zelotypiam
3293 3962 3573 4028 Iudaeos
3626 3960 3957 4042 accendit,
4018 3972 4095 4028 ut
4152 3963 4417 4029 tandem
4471 3964 4651 4048 igno·

2708 4050 2914 4115 minia
2974 4050 3131 4115 tacti
3194 4049 3670 4133 resipiscerent.
3758 4047 3957 4114 Certe
4035 4048 4331 4134 gentium
4401 4050 4654 4115 vocatio

2709 4135 2979 4219 perinde
3022 4136 3172 4215 fuit,
3230 4155 3306 4202 ac
3349 4138 3406 4202 si
3451 4136 3720 4201 umbras
3764 4144 4046 4215 crearet,
4094 4155 4253 4219 quas
4295 4135 4656 4219 praeferret

2708 4221 2982 4305 reprobo
3025 4221 3281 4305 populo.

2876 4306 2980 4372 22.
3050 4307 3235 4392 Iynis
3298 4307 3464 4372 enim
3525 4307 3937 4373 succendetur.
4037 4305 4224 4372 Idem
4289 4307 4652 4384 confirmat,

2707 4390 2820 4458 sed
2865 4394 3077 4476 magis
3139 4393 3554 4478 generaliter.
3642 4392 3821 4459 Iram
3866 4392 4042 4458 enim
4087 4413 4276 4460 suam
4320 4407 4656 4477 comparat

2707 4478 2846 4562 igni
2903 4498 3202 4559 accenso,
3261 4478 3372 4562 qui
3432 4478 3806 4562 penetrabit
3847 4499 4050 4562 usque
4094 4478 4178 4545 ad
4219 4479 4654 4563 profundissi-

2708 4585 2851 4629 mas
2895 4585 3184 4648 quasque
3228 4564 3527 4648 abyssos:
3574 4572 3820 4631 terram
3864 4584 4091 4629 eorum
4126 4564 4422 4631 funditus
4466 4565 4657 4631 absu-

2708 4658 2845 4715 met
2886 4660 2960 4715 ut
3003 4670 3085 4715 ne
3128 4650 3450 4715 montium
3493 4649 3757 4734 quidem
3792 4649 4116 4717 radicibus
4157 4658 4402 4734 parcat.
4489 4651 4654 4717 Fre-

2710 4743 2984 4820 quenter
3026 4734 3287 4819 quidem
3331 4736 3613 4802 occurrit
3658 4735 3817 4802 haec
3861 4736 4272 4820 metaphora:
4319 4736 4432 4803 sed
4479 4755 4656 4803 nunc

2706 4822 2859 4906 plus
2923 4822 3317 4906 exprimitur
3382 4842 3578 4905 quam
3643 4822 3790 4888 aliis
3853 4821 4031 4888 locis.
4136 4821 4389 4890 Eodem
4456 4824 4656 4889 etiam

2710 4928 2904 4973 sensu
2951 4928 3106 4973 mox
3149 4907 3491 4975 subiicitur
3507 4959 3523 4988 ,
3569 4908 3789 4973 Deum
3848 4916 4387 4992 consumpturum
4435 4909 4658 4974 omnia

2709 5014 2827 5060 sua
2891 4993 3155 5078 flagella
3216 5001 3285 5058 et
3362 4995 3637 5080 sagittas
3712 5002 3941 5060 contra
4003 4995 4209 5077 ipsos:
4286 4995 4476 5061 sicuti
4547 4993 4656 5061 ubi

2708 5080 2962 5144 exarsit
3002 5078 3431 5162 implacabilis
3487 5078 3854 5159 iracundia,
3908 5078 4130 5146 nullus
4174 5090 4274 5147 est
4316 5079 4655 5147 saeviendi

2708 5163 2957 5229 modus.
3022 5163 3416 5249 Quanquam
3459 5165 3740 5233 verbum
3774 5178 3960 5235 3750&
3995 5166 4165 5233 sumi
4208 5166 4407 5233 etiam
4441 5174 4658 5252 potest

2882 5353 2941 5423 1)
2975 5351 3134 5411 Rom.
3169 5353 3252 5422 11,
3289 5353 3370 5408 11.

4318 1151 4645 1197 meorum
4722 1149 4727 1153 ’
