5017 6142
510 436 630 504 121

510 634 729 694 autem
775 624 1166 710 tempestiva
1209 625 1289 690 fit
1330 623 1474 692 eius
1517 625 1610 690 rei
1655 624 1933 701 mentio,
1979 624 2151 709 quod
2194 624 2440 692 scilicet

509 713 743 779 foedus
789 711 868 776 de
918 712 1175 795 integro
1220 711 1419 775 fuerit
1461 709 1948 776 renovandum:
2016 711 2305 794 ideoque,
2365 732 2441 776 ac

512 799 569 864 si
614 797 779 863 nihil
824 804 1040 862 actum
1088 807 1290 875 esset,
1348 798 1583 862 iterum
1646 818 1764 880 per
1828 795 1967 862 dies
2010 796 2443 880 quadraginta

511 883 899 950 abstinuerit
954 904 994 947 a
1049 879 1188 946 cibo
1246 889 1312 946 et
1367 890 1540 966 potu.
1637 881 1946 947 Vidimus
2004 892 2224 947 autem
2286 881 2441 947 alibi

513 970 675 1035 alias
724 967 925 1034 fuisse
983 964 1402 1033 intermedias
1451 988 1709 1051 preces,
1768 980 2113 1051 antequam
2159 966 2442 1032 secundo

511 1063 803 1124 montem
840 1052 1239 1120 ascenderet.
1326 1052 1464 1119 Sed
1516 1053 1624 1119 hic
1660 1074 1792 1118 non
1840 1065 2101 1118 enarrat
2144 1052 2443 1118 distincte

510 1140 804 1229 singula,
861 1139 994 1204 imo
1053 1159 1277 1222 preces
1322 1138 1555 1221 quibus
1598 1140 1965 1206 intercessit
2006 1138 2179 1222 apud
2225 1138 2443 1203 Deum

514 1227 742 1292 miscet
804 1246 954 1291 eum
1021 1223 1307 1290 seeundo
1372 1224 1649 1290 ieiunio:
1710 1225 1863 1308 quia
1921 1224 2044 1289 hoc
2102 1224 2444 1308 praecipue

513 1311 788 1396 dignum
826 1311 954 1375 fuit
987 1310 1350 1389 observatu,
1387 1311 1680 1395 prosectu
1715 1310 2000 1376 caruisse
2033 1311 2314 1394 primam
2351 1309 2445 1372 le-

514 1399 616 1483 gis
677 1395 1300 1481 promulgationem,
1380 1406 1449 1460 et
1512 1395 1736 1462 foedus
1802 1394 1970 1479 quod
2035 1396 2445 1461 violaverant

512 1483 712 1550 fuisse
775 1482 1149 1547 iterandum
1213 1482 1395 1564 quasi
1462 1502 1502 1546 a
1557 1482 1891 1566 principio.
2004 1482 2151 1547 Etsi
2223 1488 2444 1547 autem

514 1568 671 1634 dicit
704 1578 972 1652 propter
1007 1588 1233 1633 eorum
1278 1575 1616 1649 peceatum
1660 1588 1730 1633 se
1774 1587 2008 1650 panem
2055 1588 2187 1632 non
2235 1587 2444 1633 come-

514 1656 717 1730 disse,
779 1674 989 1737 neque
1049 1674 1284 1736 aquam
1345 1652 1616 1732 bibisse,
1678 1674 1806 1718 non
1850 1653 2177 1738 significat
2222 1662 2443 1717 tamen

512 1740 830 1805 ieiunium
878 1739 1079 1805 fuisse
1127 1737 1438 1804 indicium
1497 1739 1695 1804 fietus
1737 1750 1804 1803 et
1845 1738 2194 1804 moeroris:
2254 1737 2442 1803 sicuti

513 1826 649 1891 Iocl
711 1822 1058 1890 testandae
1100 1823 1540 1908 poenitentiae
1582 1844 1777 1890 causa
1818 1824 2129 1908 populum
2176 1823 2258 1889 ad
2302 1843 2442 1889 sac-

512 1933 660 1978 cum
722 1918 784 1975 et
841 1911 1127 1977 cinerem
1194 1918 1416 1988 vocat,
1474 1921 1540 1974 et
1595 1908 1679 1974 ad
1735 1910 1957 1974 fletum
2019 1919 2085 1976 et
2127 1908 2443 1976 ieiunium

514 1997 816 2063 hortatur
867 1994 1031 2084 (Ioel
1087 1996 1148 2075 2,
1211 1993 1335 2082 12).
1426 1994 1598 2060 Mosi
1654 1996 1828 2060 enim
1875 1992 1975 2080 (ut
2018 2003 2170 2060 ante
2217 1991 2440 2080 docui)

512 2082 718 2148 nihilo
754 2081 1080 2148 difficilior
1118 2079 1220 2146 vel
1266 2081 1530 2165 gravior
1573 2081 1698 2146 fuit
1740 2080 1961 2146 inedia
2004 2102 2196 2164 quam
2243 2101 2445 2164 ange-

510 2169 615 2235 lis.
694 2169 943 2233 Verum
1001 2166 1384 2252 suppliciter
1429 2166 1734 2232 admonet
1777 2187 1909 2232 non
1955 2167 2145 2230 aliter
2189 2164 2445 2248 expiari

512 2262 770 2319 tantum
822 2252 1034 2319 scelus
1089 2253 1379 2338 potuisse
1421 2253 1548 2317 nisi
1591 2250 1804 2317 denuo
1849 2253 2296 2320 renunciasset
2330 2250 2448 2316 hu-

511 2360 746 2406 manae
782 2338 977 2414 vitae,
1013 2348 1080 2405 et
1123 2337 1206 2404 ad
1249 2339 1467 2404 Deum
1511 2336 1745 2403 fuisset
1788 2337 2116 2404 collectus.
2181 2337 2446 2402 Interea

511 2422 866 2492 tenendum
927 2439 1029 2491 est
1081 2431 1232 2489 ante
1297 2423 1462 2489 illud
1524 2436 1783 2508 tempus
1835 2426 1965 2489 iam
2025 2422 2444 2506 deprecatum

509 2511 713 2577 fuisse
746 2532 865 2594 pro
909 2509 1166 2593 populo,
1210 2517 1275 2575 et
1311 2508 1506 2575 simul
1550 2509 1962 2575 exauditum:
2012 2511 2164 2592 quia
2205 2507 2445 2592 placati

510 2607 577 2662 et
635 2596 1030 2662 reconciliati
1093 2595 1216 2660 Dei
1273 2595 1535 2681 signum
1593 2595 1751 2676 fuit,
1810 2595 2039 2660 Mosen
2088 2615 2435 2672 accersere,

511 2694 584 2746 ut
626 2681 836 2766 legem
884 2683 1201 2765 acciperet
1246 2702 1321 2748 ac
1364 2680 1576 2745 denuo
1618 2681 1953 2764 perferret.
2042 2680 2194 2747 Huc
2237 2679 2442 2763 perti-

511 2778 630 2833 net
678 2766 848 2850 quod
895 2764 1076 2831 addit
1118 2769 1414 2850 proximo
1460 2788 1681 2832 versu:
1726 2765 1898 2846 Quia
1941 2766 2133 2831 timui
2175 2772 2445 2849 propter

511 2851 1113 2920 excandescentiam
1131 2903 1147 2934 ,
1205 2860 1325 2918 etc.
1384 2851 1599 2917 adhuc
1655 2852 1832 2917 enim
1888 2852 2125 2918 anxius
2174 2861 2319 2916 erat
2363 2849 2443 2915 de

510 2938 724 3006 salute
758 2938 999 3021 populi,
1036 2959 1238 3021 quum
1275 2938 1462 3003 Deus
1498 2937 1735 3002 minari
1776 2958 1910 3002 non
1954 2948 2255 3003 cessaret.
2319 2937 2441 3001 Vi·

511 3024 738 3091 demus
775 3043 931 3107 ergo
966 3023 1268 3088 timorem
1303 3022 1482 3089 hunc
1526 3029 1591 3088 et
1632 3022 1986 3088 sollicitum
2029 3021 2262 3089 orandi
2304 3031 2443 3087 stu-

512 3110 689 3175 dium
748 3131 789 3175 a
832 3109 1070 3174 ieiunio
1114 3109 1402 3193 disiungi
1444 3115 1753 3191 tanquam
1797 3129 1903 3173 res
1950 3108 2262 3175 diversas.
2350 3108 2442 3173 Et

508 3205 683 3262 certe
715 3197 850 3260 iam
889 3195 1108 3259 Deum
1143 3202 1550 3273 exoraverat,
1587 3215 1788 3277 quum
1828 3216 1912 3259 ex
1947 3194 2089 3259 eius
2130 3192 2439 3259 mandato

508 3302 713 3347 novas
767 3279 1024 3345 tabulas
1066 3279 1347 3359 dolavit,
1406 3278 1641 3362 quibus
1699 3278 1926 3345 foedus
1986 3279 2438 3364 redintegran-

511 3366 666 3432 dum
716 3376 877 3432 erat.
965 3364 1359 3448 Quanquam
1418 3386 1550 3430 non
1614 3366 1859 3430 infitior
1908 3365 1972 3430 in
2020 3373 2241 3430 monte
2284 3387 2439 3449 quo-

507 3473 636 3536 que
694 3451 773 3517 de
831 3451 1245 3535 impetranda
1286 3452 1479 3516 venia
1521 3450 1879 3517 laborasse:
1916 3449 2104 3517 sicuti
2146 3451 2239 3534 pii
2282 3462 2438 3516 vota

508 3558 781 3623 quorum
805 3538 1131 3603 factisunt
1165 3543 1495 3619 compotes
1515 3534 1975 3616 continuando,
2011 3536 2207 3601 fidem
2245 3557 2431 3602 suam

504 3622 719 3708 magis
753 3642 826 3690 ac
860 3645 923 3688 m
1015 3623 1072 3689 is
1108 3623 1513 3689 confirmant.
1579 3623 1865 3688 Tantum
1910 3642 2140 3687 moneo
2161 3622 2438 3688 lectores

507 3718 586 3775 ut
618 3707 782 3774 illud
826 3729 952 3792 quo
1040 3708 1228 3794 posui
1272 3707 1584 3792 temporis
1628 3707 1976 3773 discrimen
2018 3706 2385 3773 observent.

681 3794 785 3860 20.
850 3794 1079 3861 Contra
1136 3794 1414 3861 Ali-aron.
1503 3794 1682 3860 Hine
1737 3801 2008 3878 apparet
2050 3814 2242 3877 quam
2287 3814 2439 3859 eva-

510 3881 648 3946 nidi
707 3883 843 3946 sint
885 3890 1281 3963 praetextus,
1333 3881 1567 3963 quibus
1610 3878 1848 3947 delicta
1889 3902 2008 3945 sua
2050 3888 2272 3964 tegere
2316 3879 2433 3948 ho·

506 3967 724 4033 mines
794 3972 1053 4031 tentant
1116 3977 1464 4049 antequam
1523 3968 1691 4032 serio
1747 3966 1874 4032 Dei
1940 3972 2122 4031 metu
2180 3963 2437 4031 subacti

509 4053 644 4117 sint
699 4050 780 4116 ad
821 4050 1080 4134 culpam
1127 4050 1626 4136 agnoscendam.
1713 4051 2033 4132 Quamvis
2076 4072 2211 4117 non
2256 4072 2439 4135 pror-

511 4159 623 4203 sus
693 4158 764 4202 se
822 4135 1163 4201 innoxium
1221 4137 1492 4202 iactaret
1549 4136 1819 4200 Aharon
1835 4185 1852 4216 ,
1910 4135 2158 4203 diluere
2213 4144 2436 4202 tamen

509 4222 616 4287 vel
673 4231 1030 4289 extenuare
1084 4221 1348 4287 sceleris
1416 4222 1824 4287 atrocitatem
1893 4222 2216 4302 tentabat,
2267 4221 2438 4306 quod

512 4316 685 4375 esset
719 4317 1002 4374 coactus.
1074 4307 1277 4390 Atqui
1313 4308 1704 4390 pronunciat
1739 4307 1957 4373 Moses
1991 4306 2209 4373 Deum
2245 4306 2438 4374 valde

511 4393 956 4460 excanduisse.
1044 4392 1237 4459 Unde
1281 4393 1574 4476 sequitur
1617 4393 1989 4477 gravissimi
2035 4393 2295 4460 sceleris
2336 4393 2439 4459 fu·

509 4479 640 4544 isse
685 4500 868 4543 reum
894 4478 1066 4562 quod
1111 4479 1353 4545 certius
1389 4479 1521 4543 iam
1557 4478 1951 4562 exprimitur
1976 4499 2225 4564 poenae
2255 4500 2439 4564 mag-

511 4564 830 4630 nitudine.
920 4564 1147 4649 Neque
1200 4564 1374 4629 enim
1434 4564 1518 4630 ad
1577 4585 1729 4629 eum
1786 4586 1989 4649 usque
2032 4564 2441 4650 perdendum

509 4659 874 4716 commotus
938 4650 1167 4716 fuisset
1228 4651 1447 4728 Deus,
1516 4650 1645 4716 nisi
1709 4650 1862 4733 quia
1917 4649 2237 4716 obnoxius
2301 4659 2445 4716 erat

511 4735 829 4802 eiusmodi
857 4735 1115 4802 iudicio.
1174 4735 1487 4800 Proximo
1522 4756 1715 4801 versu
1750 4736 1996 4820 peccati
2034 4756 2274 4801 nomen
2309 4757 2441 4801 non

508 4842 628 4906 pro
679 4830 829 4887 actu
876 4822 1015 4907 ipso
1063 4840 1137 4885 ea
1185 4820 1351 4897 itur,
1409 4819 1523 4886 sed
1566 4821 2005 4905 metonymice
2050 4821 2446 4887 transfertur

510 4906 592 4973 ad
634 4906 951 4972 vitulum:
997 4928 1126 4990 quo
1212 4906 1528 4990 appositio
1564 4904 1869 4972 declarat.
1938 4906 2080 4971 Iam
2116 4927 2314 4989 quum
2353 4905 2445 4971 di-

510 4993 602 5060 cit
661 5015 730 5059 se
788 4992 952 5058 bene
994 4992 1296 5058 molendo
1353 4991 1724 5058 contudisse
1780 4990 2057 5058 vitulum
2124 4991 2329 5059 donec
2370 4993 2437 5057 in

509 5080 796 5144 cinerem
848 5076 1149 5144 redactus
1194 5089 1396 5157 esset,
1446 5078 1684 5142 iterum
1729 5077 2057 5163 significat
2099 5099 2294 5161 quam
2338 5078 2445 5143 ab·

508 5162 859 5229 ominabile
882 5164 1079 5228 fuerit
1098 5163 1263 5228 illud
1287 5162 1561 5229 idolum:
1607 5164 1990 5246 praesertim
2036 5186 2235 5247 quum
2281 5163 2443 5228 adii-

510 5253 642 5314 ciat
704 5249 1039 5333 pulverem
1103 5249 1305 5316 fuisse
1359 5250 1426 5314 in
1488 5258 1840 5315 torrentem
1905 5251 2301 5334 proiectum,
2360 5272 2445 5315 ne

509 5336 679 5421 quod
728 5342 1223 5401 monumentum
1267 5356 1537 5419 usquam
1584 5334 1919 5401 residuum
1963 5337 2147 5402 foret.

1921 437 2321 507 REDITUS
2367 437 2495 504 AD
2538 435 3083 505 HISTORIAM.

4350 439 4475 504 122

2715 622 2819 688 25.
2882 621 3144 689 Procidi
3198 644 3410 691 coram
3468 623 3698 691 Iebova
3757 624 4184 707 quadrayinta
4237 624 4472 693 diebus.

2546 707 2797 774 Iterum
2836 710 3159 792 permixta
3194 716 3292 775 est
3328 710 3653 776 narratio:
3698 710 3850 794 quia
3885 721 4132 775 certum
4173 720 4270 777 est
4304 710 4477 778 hanc

2546 794 2900 860 orationem
2938 795 3121 878 prius
3157 794 3355 861 fuisse
3390 804 3765 880 conceptam
3810 816 4003 880 quam
4051 795 4274 863 alteris
4317 819 4476 881 qua-

2549 879 2851 965 draginta
2873 879 3101 945 diebus
3126 882 3383 946 ieiunus
3419 889 3715 947 maneret
3748 883 3814 946 in
3853 887 4093 948 monte.
4153 881 4287 949 Sed
4321 883 4478 967 quia

2547 973 2720 1043 tunc,
2766 973 2841 1029 ut
2876 973 3016 1031 erat
3059 988 3140 1030 ex
3186 966 3522 1033 anxietate
3564 968 3972 1045 constrictus,
4019 967 4276 1034 easdem
4322 989 4476 1035 con-

2547 1051 2836 1116 tinuavit
2878 1072 3124 1135 preces,
3162 1072 3292 1116 non
3341 1052 3580 1118 mirum
3626 1065 3720 1118 est
3766 1052 3824 1117 si
3865 1051 3988 1118 sub
4031 1053 4273 1118 ieiunio
4317 1074 4477 1137 qua-

2548 1137 2851 1221 draginta
2907 1135 3157 1202 dierum
3215 1137 3724 1223 comprehendat
3777 1136 4087 1222 quidquid
4148 1149 4301 1206 ante
4344 1140 4477 1206 fac-

2549 1231 2691 1288 tum
2727 1234 2888 1287 erat.
2936 1221 3119 1287 Nihil
3157 1223 3332 1288 enim
3370 1223 3636 1289 absurdi
3679 1224 3735 1289 si
3780 1223 4001 1307 populi
4036 1225 4311 1290 salutem
4356 1245 4475 1309 pro

2548 1328 2675 1392 qua
2697 1319 3061 1391 rogaverat,
3098 1307 3392 1393 adeptus,
3430 1309 3641 1374 adhuc
3663 1316 3884 1375 tamen
3907 1309 4203 1393 trepidet.
4269 1311 4476 1377 Porro

2548 1394 2860 1459 ieiunium
2921 1393 3042 1459 hoe
3101 1395 3421 1477 posterius
3483 1395 3686 1460 fuisse
3744 1404 4036 1478 tempore
4082 1417 4277 1478 quam
4332 1417 4476 1462 ora-

2549 1480 2789 1544 tionem
2835 1478 3022 1543 cuius
3066 1481 3258 1546 simul
3295 1481 3383 1545 sit
3425 1481 3684 1559 mentio,
3733 1479 4038 1565 colligere
4061 1481 4212 1546 licet
4247 1503 4329 1548 ex
4353 1482 4476 1547 ini·

2551 1564 2642 1630 tio
2701 1565 2979 1648 proximi
3040 1565 3306 1649 capitis,
3366 1566 3478 1631 ubi
3535 1574 3996 1631 commemorat
4051 1565 4172 1633 sibi
4215 1568 4478 1634 tabulas

2547 1650 2863 1717 secundas
2926 1650 3125 1717 fuisse
3191 1650 3408 1718 datas:
3487 1651 3567 1717 de
3629 1652 3869 1717 ieiunio
3936 1661 4151 1718 autem
4219 1651 4477 1718 nullum

2549 1736 2841 1802 verbum.
2929 1734 3089 1801 Dixi
3136 1747 3353 1802 autem
3397 1757 3514 1802 eur
3556 1739 3815 1822 saepius
3860 1737 3996 1803 dies
4045 1737 4480 1824 quadraginta

2547 1829 2830 1905 repetat:
2902 1823 3054 1905 quia
3110 1823 3356 1889 scilicet
3414 1844 3541 1888 non
3596 1825 3758 1889 satis
3814 1823 4046 1889 fuisset
4099 1825 4479 1908 simpliciter

2548 1905 2982 1986 intercedere,
3028 1908 3153 1973 nisi
3198 1920 3470 1992 sequuta
3515 1917 3688 1976 esset
3727 1908 3890 1975 haec
3935 1909 4240 1992 expiatio,
4283 1930 4479 1994 quam

2548 1993 2834 2093 obtinuit
2892 2003 3153 2078 accepto
3197 2015 3367 2061 novo
3412 1994 3685 2061 foedere.
3771 1994 4054 2078 Reliqua
4095 1996 4224 2060 iam
4283 2016 4481 2080 expo-

2548 2100 2818 2145 suimus.

2720 2163 2916 2229 Dent.
2956 2163 3057 2243 10,
3085 2164 3141 2230 1.
3186 2165 3483 2249 Tempore
3516 2165 3644 2231 illo.
3711 2164 4131 2249 Aliquamdiu
4178 2187 4325 2233 eum
4371 2187 4480 2250 po-

2551 2250 2701 2334 pulo
2736 2257 3037 2316 versatus
3072 2258 3172 2316 est
3208 2260 3559 2333 antequam
3598 2250 3839 2316 rediret
3881 2251 3950 2315 in
3996 2262 4286 2318 montem
4331 2274 4482 2319 cum

2550 2336 2850 2403 secundis
2905 2334 3164 2401 tabulis.
3233 2337 3453 2418 Quare
3497 2337 3629 2402 iam
3671 2356 3996 2419 exponere
4041 2338 4270 2421 incipit
4310 2336 4482 2421 quod

2549 2424 2816 2488 inversa
2858 2422 3024 2488 serie
3068 2423 3382 2506 temporis
3428 2421 3700 2503 dixerat,
3746 2444 3817 2488 se
3860 2443 3975 2505 per
4018 2422 4155 2489 dios
4200 2424 4479 2507 quadra-

2551 2508 2736 2593 ginta
2803 2507 2883 2573 ad
2968 2506 3449 2590 deprecandum
3521 2508 3590 2573 in
3665 2515 3891 2573 monte
3968 2511 4243 2590 stetisse,
4306 2507 4475 2593 quod

2550 2594 2746 2660 etiam
2794 2595 3083 2677 apertius
3136 2593 3544 2665 demonstrat
3596 2594 3898 2679 repetitio
3945 2614 4170 2660 versus
4225 2593 4477 2674 decimi,

2551 2679 2660 2744 ubi
2698 2678 2856 2746 dicit
2889 2701 2958 2744 se
2996 2680 3063 2744 in
3095 2688 3315 2746 monte
3351 2681 3608 2747 stetisse
3643 2679 4003 2746 secundum
4041 2679 4177 2745 dies
4211 2681 4478 2763 priores.

2550 2765 2694 2831 Etsi
2755 2773 2973 2830 autem
3040 2764 3170 2832 illic
3215 2787 3466 2850 quoque
3511 2786 3581 2832 se
3624 2764 4006 2832 exauditum
4063 2765 4260 2832 fuisse
4321 2765 4481 2832 dicit

2550 2872 2751 2935 quum
2817 2851 2887 2915 in
2953 2860 3174 2917 monte
3231 2850 3691 2928 intercederet,
3757 2851 4204 2936 complectitur
4259 2859 4478 2916 tamen

2550 2958 2711 3021 quas
2754 2939 2937 3021 prius
2980 2938 3312 3004 orationes
3360 2950 3775 3022 conceperat,
3831 2938 4054 3003 audita
4098 2937 4320 3021 populi
4363 2935 4475 3000 de·

2545 3022 2846 3103 sectione,
2904 3032 2972 3086 et
3011 3031 3354 3107 postquam
3399 3024 3625 3091 fractis
3669 3022 3906 3089 tabulis
3950 3023 4308 3090 abstulerat
4349 3021 4480 3086 Dei

2547 3108 3070 3188 tabernaculum,
3127 3108 3238 3174 ubi
3309 3130 3603 3176 seorsum
3660 3116 3880 3175 oraret
3938 3109 4019 3174 ad
4077 3107 4481 3192 expiandum

2545 3196 2780 3261 scelus.
2883 3192 3075 3273 Quod
3134 3194 3329 3259 otiam
3389 3195 3498 3260 hic
3555 3193 3794 3261 «licitur
3839 3193 3919 3258 de
3963 3214 4144 3273 arca,
4204 3216 4333 3260 non
4379 3201 4481 3259 est

2545 3302 2661 3346 suo
2703 3280 2846 3346 loco
2938 3279 3194 3345 ositum.
3283 3281 3451 3346 Erat
3504 3280 3680 3345 enim
3722 3299 3874 3363 pars
3917 3278 4355 3360 tabernaculi,
4402 3288 4480 3345 ut

2546 3365 2704 3433 alibi
2797 3301 3100 3431 vidimus.
3236 3367 3472 3451 Itaque
3548 3364 3788 3431 nimiae
3881 3365 4279 3432 morositatis
4355 3378 4473 3445 est,

2541 3471 2707 3537 quae
2777 3449 2976 3516 simul
3047 3460 3406 3518 narrantur
3471 3452 3738 3537 exigere
3797 3451 3878 3516 ad
3935 3450 4108 3517 idem
4165 3452 4478 3535 temporis

2540 3546 2965 3603 momentum.

3128 3876 3431 3945 EXODI
3475 3878 3674 3946 CAP.
3716 3878 3871 3945 XL.

2715 4050 2772 4115 1.
2833 4049 3156 4132 Loquutus
3213 4054 3301 4116 est
3346 4048 3573 4115 Iehova
3614 4049 3699 4115 ad
3743 4047 3994 4125 Mosen,
4048 4046 4330 4114 dicendo.-
4415 4049 4475 4115 2.

2542 4136 2671 4202 Die
2728 4137 2965 4203 mensis
2992 4137 3201 4220 primi
3218 4184 3237 4220 ,
3266 4135 3487 4218 prima
3531 4134 3822 4214 eiusdern,
3873 4135 4071 4217 eriyes
4113 4134 4479 4201 tabernacu-

2542 4224 2675 4290 lum
2693 4273 2709 4301 ,
2753 4221 3219 4288 tabernaculum
3260 4221 3691 4288 conventionis.
3780 4220 3840 4286 3.
3884 4218 3973 4284 Et
4003 4239 4202 4301 pones
4245 4219 4335 4285 ibi
4376 4243 4479 4288 ar·

2543 4328 2682 4376 cam
2714 4308 3054 4374 testimonii
3086 4328 3276 4390 quam
3310 4312 3469 4392 teyes
3499 4307 3643 4373 velo.
3707 4306 3768 4372 4.
3803 4305 4286 4387 Introducesque
4311 4327 4481 4372 men-

2544 4415 2701 4475 sam,
2744 4399 2803 4458 et
2841 4392 3164 4459 ordinabis
3204 4393 3652 4458 ordinationem
3694 4393 3863 4457 eius.-
3900 4391 4267 4458 indroduces
4308 4393 4482 4458 insu-

2533 4501 2657 4563 per
2698 4478 3154 4557 candelabrum,
3187 4483 3244 4543 et
3276 4478 3565 4545 accendes
3598 4477 3884 4543 lucernas
3924 4478 4078 4543 eius.
4165 4477 4225 4543 5.
4277 4476 4480 4543 Panes

2544 4566 2746 4631 altare
2779 4585 3040 4630 aureum
3075 4564 3162 4629 ad
3194 4564 3616 4647 suffimentum
3650 4585 3682 4629 e
3713 4563 3958 4648 reqione
3991 4581 4177 4628 arcae
4218 4564 4480 4627 testimo·

2544 4652 2676 4718 nii.-
2717 4655 2774 4716 et
2802 4670 3006 4731 pones
3046 4650 3341 4715 aulaeum
3383 4650 3529 4716 ostii
3572 4647 3970 4716 tabernaculi.
4060 4648 4117 4713 6.
4164 4646 4332 4712 Dein
4362 4667 4478 4727 po-

2543 4757 2654 4802 nes
2710 4735 2910 4801 altare
2964 4735 3301 4802 holocausti
3358 4755 3566 4802 coram
3609 4736 3763 4802 ostio
3804 4732 4184 4799 tabernaculi
4226 4752 4479 4798 conven-

2545 4822 2761 4887 tionis.-
2850 4821 2908 4885 7.
2973 4820 3197 4886 Postea
3244 4841 3442 4904 pones
3483 4820 3770 4888 concham
3813 4822 3974 4885 inter
4014 4818 4478 4884 tabernaculum

2544 4907 2957 4973 conventionis
2999 4911 3057 4970 et
3090 4906 3307 4987 altare,
3364 4908 3434 4971 in
3476 4927 3603 4988 qua
3633 4927 3833 4988 pones
3875 4924 4124 4986 aquam.
4214 4902 4273 4969 8.
4323 4902 4477 4968 Pos-

2545 4998 2736 5059 tremo
2791 5012 2989 5072 pones
3046 4992 3287 5058 atrium
3342 4992 3413 5057 in
3469 4992 3736 5058 circuitu
3750 5041 3766 5071 ‚
3825 4997 3881 5056 et
3934 4990 4226 5055 aulaeum
4253 4993 4480 5071 portae

2549 5079 2724 5144 atrii.
2812 5076 2872 5143 9.
2925 5077 3101 5144 Tunc
3136 5078 3402 5160 accipies
3445 5077 3644 5144 oleum
3686 5075 4014 5159 unctionis,
4059 5079 4115 5138 et
4156 5094 4348 5159 unqes
4388 5078 4479 5138 ta-

2546 5164 2943 5231 bernaculum
2986 5169 3170 5246 atque
3211 5164 3419 5229 omnia
3462 5184 3620 5230 vasa
3661 5183 3818 5246 quae
3857 5165 4003 5225 sunt
4045 5160 4117 5225 in
4159 5180 4255 5226 eo:
4296 5179 4478 5226 sanc-

2547 5250 2926 5331 tificabisque
2964 5249 3127 5315 illud
3170 5254 3228 5315 et
3268 5250 3480 5315 omnia
3522 5270 3680 5314 vasa
3721 5248 3857 5312 eius
3876 5297 3890 5323 ,
3925 5250 3980 5311 et
4020 5247 4139 5311 erit
4176 5251 4478 5313 sanctum.

2553 5335 2651 5401 10.
2711 5334 2910 5419 Unqes
2943 5339 2996 5399 et
3025 5336 3222 5401 altare
3252 5334 3606 5413 holocausti,
3652 5337 3833 5414 atque
3867 5334 4078 5399 omnia
4118 5353 4276 5399 vasa
4314 5333 4483 5397 eius:
