5017 6142
403 492 532 563 465

1144 673 1446 743 CAPUT
1486 674 1608 742 VI.

579 852 637 917 1.
676 848 918 917 Iericho
938 851 1143 914 autem
1177 852 1314 914 erat
1343 847 1565 916 clausa
1598 854 1655 914 et
1672 847 2074 916 claudebatur
2097 855 2357 933 propter

398 939 570 1022 filios
610 936 838 1014 Israel,
883 955 1006 1001 non
1036 938 1282 1018 poterat
1325 935 1660 1017 quisquam
1702 935 1911 1020 eqredi
1951 936 2051 1002 vel
2087 936 2354 1020 ingredi.

405 1026 468 1091 2.
619 1024 632 1038 “
693 1024 704 1036 “
906 1020 1142 1085 ΙεΙιουα
1211 1020 1298 1087 ad
1373 1021 1668 1086 Iosuam:
1751 1020 1911 1088 Ecce
1977 1022 2221 1088 tradidi
2286 1022 2357 1087 in

403 1130 665 1177 manum
705 1114 881 1173 tuam
925 1104 1204 1184 Iericho,
1258 1109 1314 1170 et
1353 1125 1559 1189 reqem
1600 1106 1772 1187 eius,
1817 1111 1873 1171 et
1913 1107 2138 1172 virtute
2167 1128 2357 1190 prae-

403 1200 653 1264 stantes.
720 1195 781 1260 3.
833 1190 1195 1259 Circuibitis
1226 1191 1437 1275 itaque
1470 1191 1701 1271 urbem,
1747 1212 1958 1258 omnes
1998 1194 2130 1258 viri
2171 1192 2355 1260 bella-

355 1349 361 1355 ,
408 1288 568 1349 tores
624 1278 1062 1348 circumdando
1119 1296 1258 1343 eam
1309 1278 1526 1344 semel:
1580 1278 1674 1345 sic
1723 1277 1922 1359 facies
1962 1298 2077 1345 sex
2115 1278 2352 1345 diebus.

406 1370 470 1437 4.
519 1365 718 1434 Porro
757 1369 986 1448 septem
1026 1363 1373 1430 sacerdotes
1411 1364 1609 1446 ferent
1649 1368 1877 1447 septem
1918 1383 2153 1431 cornua
2195 1365 2356 1431 arie-

407 1458 544 1522 tina
587 1458 729 1520 ante
767 1471 1014 1519 arcam:
1058 1449 1161 1515 die
1203 1454 1412 1516 autem
1458 1449 1735 1549 septima·
1768 1450 2113 1516 circuibitis
2143 1450 2356 1517 urbem

405 1564 471 1694 ἓ.
537 1538 949 1708 Ωϋαίωιξξναξ
960 1588 976 1617 ’
991 1535 1443 1703 preotngagrern‘ito
1443 1539 1744 1686 {som-213
1798 1535 2354 1722 wgrieutibnbs:

405 1714 516 1780 ubi
543 1712 836 1795 primum
876 1708 1213 1807 audiemus
1252 1726 1453 1806 vocem
1489 1707 1686 1786 tubae,
1729 1705 2169 1806 vociferabitur
2209 1727 2354 1773 uni-

402 1818 740 1952 ωωνῖῗεειώ
782 1791 1686 1979 oessmagsssseasoepassi
1726 1797 1991 1961 &uisque
2030 1900 2064 1946 e
2103 1881 2355 1964 regione

403 1991 549 2038 sua.
637 1970 699 2035 6.
754 1966 1012 2034 Vocavit
1052 1984 1195 2048 erqo
1239 1961 1427 2030 Iosue
1464 1962 1642 2045 filius
1756 1985 1846 2030 un
1887 1965 2248 2044 sacerdotes,
2296 1968 2355 2030 et

404 2056 576 2123 dixit
615 2055 739 2122 eis.-
787 2051 1008 2120 Tollite
1050 2069 1265 2116 arcam
1303 2049 1586 2133 foederis,
1642 2053 1698 2115 et
1738 2054 1968 2132 septem
2010 2051 2356 2117 sacerdotes

405 2143 708 2228 accipient
755 2144 983 2221 septem
1033 2136 1215 2201 tubas
1268 2135 1576 2202 arietinas
1617 2154 1824 2201 coram
1867 2154 2020 2202 arca
2065 2135 2351 2202 Iebovae.

410 2230 472 2295 7.
535 2227 730 2296 Dixit
791 2243 1026 2308 quoque
1088 2221 1175 2287 ad
1226 2221 1565 2304 populum.-
1632 2221 1927 2287 Transite
1990 2225 2045 2287 et
2100 2221 2355 2288 circuite

405 2314 652 2394 urbem,
708 2315 767 2378 et
807 2313 1094 2376 armatus
1136 2309 1397 2390 quisque
1429 2307 1766 2393 praecedat
1806 2326 2026 2373 arcam
2070 2306 2352 2374 Iehovae.

407 2401 472 2469 8.
525 2397 618 2466 Ec
665 2398 795 2481 fuit
831 2399 1170 2479 postquam
1211 2393 1507 2475 loquutus
1548 2403 1638 2459 est
1679 2392 1869 2459 Iosue
1908 2393 1996 2459 ad
2023 2393 2353 2475 populum,

403 2487 681 2554 tuterunt
719 2487 949 2565 septem
988 2479 1332 2547 sacerdotes
1389 2482 1615 2560 septem
1668 2477 1851 2545 tubas
1902 2479 2240 2558 arietinas,
2297 2482 2355 2544 et

402 2574 800 2640 transetmtes
833 2571 974 2634 ante
1013 2585 1231 2633 arcam
1253 2563 1517 2631 Iekovae
1555 2563 1921 2631 clanaei-unt
1962 2563 2158 2629 tubis:
2200 2583 2353 2631 arca

401 2664 611 2726 autem
638 2654 910 2739 foederis
930 2650 1195 2718 Iehovae
1226 2651 1594 2732 sequebatur
1623 2649 1814 2732 ipsos.
1859 2649 1921 2716 9.
1957 2648 2047 2714 Et
2065 2654 2355 2716 armatus

398 2746 658 2828 quisque
685 2737 1088 2826 praecedebat
1128 2736 1470 2803 sacerdotes
1501 2734 1848 2820 danyentes
1892 2735 2090 2801 tubis.-
2147 2740 2206 2802 et
2237 2735 2349 2818 qui

398 2830 640 2914 coyebat
662 2846 886 2912 cymen
905 2821 1267 2907 sequebatur
1300 2841 1517 2888 arcam
1550 2822 1769 2902 eunde,
1800 2820 2130 2906 clangendo
2163 2821 2346 2888 tubis.

402 2918 507 2983 10.
569 2912 813 2995 Populo
869 2915 1075 2977 autem
1124 2910 1530 2991 praeceperat
1582 2908 1803 2986 Iosue,
1859 2907 2142 2974 dicendo.-
2201 2907 2350 2973 Non

395 2996 915 3085 vociferabimini,
947 3015 1056 3063 nec
1084 2994 1333 3077 facietis
1352 2993 1581 3060 audire
1615 3012 1816 3059 vocem
1835 2997 2120 3074 vestram,
2154 3012 2350 3077 neque

397 3086 748 3173 eyredietur
788 3103 865 3149 ex
904 3102 1010 3150 ore
1063 3084 1265 3147 vestro
1320 3077 1597 3157 verbum,
1654 3098 1850 3162 usque
1893 3078 1980 3145 ad
2018 3079 2189 3145 diem
2229 3099 2349 3163 quo

395 3176 624 3242 dixero
718 3169 891 3237 vobis
913 3218 930 3246 ,
1029 3164 1464 3248 vociferamini
1484 3189 1505 3230 .·
1596 3168 1742 3230 tunc
1832 3162 2348 3248 vociferabimini.

401 3261 508 3326 11.
557 3255 861 3325 Circuivit
900 3253 1112 3334 itaque
1147 3271 1302 3319 arca
1326 3249 1592 3317 Iehovae
1632 3249 1862 3328 urbem
1904 3251 2350 3317 circumdando

394 3344 586 3414 semel
600 3390 617 3420 ,
672 3346 728 3409 et
780 3340 1018 3407 reversi
1055 3342 1202 3404 sunt
1242 3338 1313 3403 in
1367 3339 1611 3404 castra:
1665 3341 2143 3420 manseruntque
2194 3335 2346 3402 illic.

399 3432 506 3498 12.
554 3428 844 3495 Rursum
883 3424 1161 3491 surrexit
1203 3421 1393 3490 Iosue
1442 3440 1655 3500 mane,
2144 3440 2349 3488 sacer-

396 3519 576 3586 dotes
631 3533 846 3581 arcam
900 3509 1186 3577 Iehovae.
1288 3508 1390 3575 13.
1450 3506 1697 3589 Septem
1751 3511 1957 3573 autem
2007 3507 2350 3574 sacerdotes

391 3605 664 3688 ferentes
724 3604 952 3683 septem
1010 3595 1192 3662 tubas
1252 3593 1561 3661 mainus
1622 3592 2073 3675 praecedebant
2134 3612 2351 3659 arcam

398 3688 697 3767 Iehovae,
752 3682 980 3750 eundo.-
1035 3688 1094 3748 et
1143 3680 1503 3766 clanqebant
1558 3678 1742 3746 tusto.
1844 3679 2159 3745 Armatus
2206 3699 2350 3746 vero

389 3771 798 3860 praecedebat
830 3789 949 3848 eos,
984 3767 1184 3852 etqui
1212 3765 1707 3852 coqebataqnem
2064 3785 2101 3829 r
2137 3785 2351 3831 arcam

409 3860 677 3927 Iebovae
716 3854 913 3922 eundo
928 3905 944 3935 ,
999 3859 1056 3920 et
1108 3851 1440 3937 clanyendo
1479 3849 1665 3917 tubis.
1756 3850 1857 3916 14.
1919 3850 2353 3918 Gircuiverunt

402 3965 551 4031 erqo
595 3943 809 4011 urbem
847 3941 951 4008 die
990 3939 1251 4006 secundo
1292 3939 1420 4003 vice
1460 3936 1626 4013 alia,
1677 3937 2032 4019 reversique
2070 3941 2221 4002 sunt
2263 3936 2351 4003 ad

401 4036 633 4110 castra,
678 4031 770 4096 sic
808 4028 1080 4111 fecerunt
1121 4045 1230 4091 sex
1270 4024 1506 4091 diebus.
1599 4019 1700 4086 15.
1760 4019 1884 4089 Ubi
1923 4026 2129 4089 autem
2170 4022 2352 4089 adve-

402 4120 502 4186 nit
542 4117 843 4200 septimus
883 4112 1022 4179 dies
1038 4162 1054 4191 ,
1110 4113 1519 4177 surrexerunt
1573 4107 1771 4174 simul
1809 4128 1885 4174 ac
1927 4108 2203 4175 ascendit
2237 4128 2352 4173 au-

402 4223 558 4270 rora
574 4251 591 4282 ,
634 4206 691 4268 et
732 4199 1151 4267 circuiverunt
1187 4195 1401 4261 urbem
1442 4193 1781 4260 secundum
1819 4194 2079 4261 eumdem
2117 4214 2351 4262 morem

400 4295 631 4373 septem
691 4285 960 4353 vicibus.-
1021 4288 1263 4351 tantum
1315 4281 1419 4349 die
1481 4280 1601 4346 illa
1663 4279 2081 4347 circuiverunt
2140 4279 2350 4346 urbem

398 4380 631 4459 septem
673 4371 926 4440 vicibus.
1015 4371 1117 4435 16.
1179 4366 1460 4451 Septima
1514 4368 1723 4431 autem
1776 4366 1907 4432 vice
1948 4385 2141 4448 quum
2182 4364 2351 4432 clan-

394 4465 610 4547 9erent
641 4458 983 4526 sacerdotes
1017 4455 1203 4533 tubis,
1244 4453 1414 4521 dimit
1434 4450 1623 4517 Iosue
1661 4452 1747 4517 ad
1776 4451 2117 4534 populum:
2175 4448 2352 4518 Voci-

394 4547 723 4633 feramini‚
753 4542 1025 4610 tradidit
1045 4538 1279 4606 Iebova
1309 4537 1485 4604 vobis
1515 4536 1749 4603 urbem.
1817 4537 1920 4601 17.
1955 4535 2110 4603 Erit
2144 4542 2350 4603 autem

396 4634 557 4701 urbs
576 4630 925 4711 anathema,
958 4629 1102 4710 ipsa
1134 4628 1190 4691 et
1222 4643 1617 4708 quaecunque
1650 4623 1717 4689 in
1751 4643 1826 4690 ea
1858 4627 2019 4703 sunt,
2059 4620 2351 4690 Iebovae:

392 4724 641 4786 tantum
664 4713 893 4782 Rahab
924 4711 1221 4779 meretrix
1254 4711 1430 4787 vivet,
1464 4709 1613 4792 ipsa
1646 4714 1699 4774 et
1731 4709 2081 4792 quicunque
2110 4707 2350 4790 fuerint

394 4826 541 4873 cum
579 4825 657 4871 ea
692 4801 894 4869 domi.-
934 4800 1088 4882 quia
1130 4794 1510 4863 abscondidit
1549 4796 1807 4861 nuncios
1849 4813 2002 4878 quos
2033 4794 2346 4861 misimus.

402 4892 506 4957 18.
576 4889 1012 4956 Verumtamen
1066 4904 1178 4950 vos
1220 4886 1418 4948 cavete
1460 4881 1536 4947 ab
1591 4880 2004 4960 anathemate,
2061 4900 2139 4946 ne
2189 4880 2350 4963 forte

391 4974 772 5060 continqatis
814 4970 1061 5053 aliquid
1103 4970 1178 5036 de
1223 4967 1640 5046 anathemate,
1686 4966 2036 5048 tollatisque
2075 4966 2152 5032 de
2193 4987 2347 5033 ana-

390 5064 679 5141 themate,
723 5063 780 5125 et
810 5058 1066 5140 ponatis
1106 5060 1315 5122 castra
1358 5051 1567 5118 Israel
1605 5053 1954 5131 anathema,
1997 5056 2053 5117 et
2090 5052 2347 5121 turbetis

390 5170 491 5218 ea.
583 5145 684 5212 19.
750 5143 943 5211 Omne
994 5145 1199 5208 autem
1257 5143 1609 5225 arpentum,
1667 5143 1722 5206 et
1763 5157 1995 5204 aurum
2010 5187 2027 5218 ,
2081 5142 2139 5203 et
2189 5158 2345 5207 vasa

390 5256 583 5303 aerea
634 5237 690 5298 et
740 5231 952 5314 ferrea
968 5279 984 5308 ,
1038 5227 1342 5294 sanctitas
1395 5227 1571 5291 erma
1627 5225 1918 5293 Iehovae:
1984 5223 2345 5293 thesaurum

390 5320 664 5388 Iehovae
706 5315 1148 5401 inyredientwr.

598 5504 821 5565 Calviui
844 5516 1031 5572 opera.
1103 5502 1222 5558 Vol.
1272 5500 1463 5555 XXV.

1598 487 2340 559 COMMENTARIUS
2385 492 2486 559 IN
2530 490 2812 561 IOSUE
2854 490 3054 559 OAP.
3102 492 3221 558 VI.

4281 490 4409 557 466

2631 682 2686 746 1.
2734 679 2980 747 Iericho
3025 686 3160 747 erat
3198 681 3437 749 clausa.
3504 679 3687 747 Dicit
3705 679 3962 747 Iericho
3997 678 4199 745 fuisse
4234 677 4406 746 clau-

2454 770 2618 843 sam,
2663 768 2815 849 quia
2857 787 2994 831 non
3037 767 3501 851 aperiebantur
3543 774 3805 850 portae:
3851 765 4021 833 sicut
4050 763 4206 832 belli
4239 774 4409 830 tem-

2454 873 2612 936 pore
2676 852 3140 919 custodiuntur
3197 853 3391 919 urbes
3449 851 3830 936 diligentius
3889 850 4101 918 solito.
4201 849 4409 918 Addit

2454 938 2913 1005 vehementiae
2971 959 3197 1020 causa,
3253 946 3477 1022 portas
3533 938 3733 1003 fuisse
3790 939 4124 1004 obseratas
4142 987 4156 1014 ,
4217 938 4409 1021 quasi

2455 1021 2720 1103 diceret,
2762 1030 3043 1090 attentos
3086 1023 3171 1091 ad
3212 1020 3573 1091 custodiam
3616 1022 3823 1089 fuisse
3866 1022 4129 1102 incolae,
4175 1042 4260 1089 ne
4303 1023 4407 1088 in-

2455 1110 2632 1175 canti
2676 1110 3223 1193 opprimerentur.
3311 1109 3419 1175 Ita
3476 1110 3616 1176 eius
3671 1107 4024 1193 potiundae
4083 1128 4216 1174 non
4278 1108 4411 1176 alia

2456 1215 2627 1279 spes,
2665 1196 2792 1261 nisi
2827 1195 2896 1262 vi
2931 1202 2998 1261 et
3021 1216 3223 1262 manu
3262 1204 3769 1279 expugnaretur,
3808 1194 3962 1279 quia
3979 1215 4100 1278 per
4133 1193 4407 1262 insidias

2455 1281 2603 1364 oapi
2644 1302 2780 1347 non
2825 1282 3055 1365 potuit.
3129 1281 3276 1349 Hoc
3319 1280 3405 1346 ad
3447 1280 3728 1365 gratiam
3773 1279 3907 1346 Dei
3949 1279 4408 1347 illustrandam

2456 1365 2651 1448 valet,
2698 1367 2851 1450 quia
2895 1366 3094 1451 longa
3136 1376 3205 1434 et
3246 1366 3521 1433 molesta
3563 1364 3809 1433 obsidio
3851 1366 4195 1451 fatigasset
4236 1365 4408 1432 filios

2453 1452 2683 1531 Israel,
2719 1452 2850 1519 nisi
2874 1462 3133 1519 mature
3155 1452 3448 1519 oblatum
3481 1451 3717 1518 fuisset
3750 1473 3788 1517 e
3807 1452 3986 1518 coelo
4020 1449 4405 1518 remedium.

2456 1538 2723 1605 Interea
2758 1537 3122 1623 periculum
3156 1546 3319 1620 erat,
3361 1559 3448 1604 ne
3483 1538 3556 1603 in
3590 1536 3913 1622 angulum
3945 1536 4154 1604 coacti
4186 1536 4410 1604 inedia

2453 1631 2524 1690 et
2544 1624 2715 1691 fame
2738 1632 3314 1691 consumerentur:
3351 1623 3504 1708 quia
3536 1625 3608 1688 in
3647 1624 3916 1707 regione
3948 1622 4190 1689 infesta
4224 1622 4412 1689 nulla

2453 1718 2599 1776 erat
2653 1708 3012 1793 pabulandi
3069 1709 3364 1777 facultas.
3457 1710 3639 1775 Deus
3692 1730 3849 1794 ergo
3907 1730 3991 1775 ne
4048 1709 4132 1776 ad
4177 1707 4408 1775 urbem

2450 1816 2657 1862 unam
2700 1794 3056 1875 desideant‚
3102 1795 3364 1861 insolito
3396 1793 3712 1861 miraculo
3747 1794 4104 1862 succurrit:
4151 1814 4226 1861 ao
4259 1816 4409 1861 mu·

2453 1883 2545 1948 ris
2609 1880 2870 1965 quidem
2934 1883 3181 1949 eversis
3243 1881 3619 1965 ingressum
3675 1880 3808 1946 illis
3916 1879 4174 1946 atefecit
4192 1930 4211 1963 ,
4276 1900 4407 1964 quo

2455 1966 2691 2033 deinde
2745 1966 3180 2034 confidentius
3235 1966 3402 2033 alias
3459 1967 3657 2033 urbes
3712 1966 3868 2032 inva
3914 1974 4123 2035 erent.
4210 1965 4409 2033 Nunc

2454 2052 2753 2120 videmus
2810 2052 3131 2137 quomodo
3187 2053 3361 2119 inter
3416 2072 3487 2118 se
3551 2051 3948 2119 cohaereant
4010 2052 4140 2118 duo
4249 2052 4407 2118 rimi

2455 2156 2718 2206 versus:
2783 2138 3042 2207 Iericho
3093 2139 3301 2207 fuisse
3358 2137 3678 2218 clausam,
3735 2146 3803 2204 et
3845 2139 3938 2203 ita
3978 2136 4149 2204 filios
4229 2137 4406 2205 srael

2453 2224 2660 2291 fuisse
2703 2226 2785 2290 ab
2830 2245 3092 2292 accessu
3134 2223 3527 2309 prohibitos:
3573 2224 3792 2290 Deum
3836 2244 3994 2290 vero
4027 2223 4230 2290 fuisse
4265 2222 4407 2308 pol·

2452 2310 2707 2377 licitum
2728 2309 2907 2378 illius
2941 2332 3012 2377 se
3051 2331 3180 2396 exp
3274 2319 3568 2377 tiatorem
3603 2308 3770 2376 fore:
3809 2308 3967 2393 quia
4000 2309 4247 2376 scilicet
4282 2309 4408 2376 hoc

2453 2395 2647 2463 modo
2692 2404 3104 2464 antevertere
3146 2417 3229 2463 vo
3258 2397 3355 2462 uit
3370 2446 3386 2476 ,
3445 2416 3528 2461 ne
3584 2394 3786 2461 anxia
3827 2393 4293 2461 deliberatione
4337 2416 4408 2462 se

2454 2489 2860 2567 torquerent.
2949 2481 3030 2547 In
3074 2502 3361 2563 summa,
3406 2480 3591 2547 Deus
3632 2479 3757 2547 hoc
3800 2488 3935 2546 tam
3980 2480 4157 2547 felici
4197 2480 4407 2548 facilis

2453 2567 2768 2636 victoriae
2823 2567 3095 2635 exordio
3152 2566 3454 2653 providet
3469 2617 3487 2647 ,
3550 2587 3636 2633 ne
3690 2566 3761 2632 in
3805 2567 4105 2632 futurum
4148 2566 4407 2634 animos

2458 2653 2925 2754 despondeant.
2991 2653 3056 2720 N
3057 2653 3336 2721 otandus
3369 2653 3628 2719 interea
3668 2651 3894 2737 populi
3935 2651 4114 2717 illius
4158 2660 4405 2752 stupor,

2452 2740 3604 2910 ttfftffinffimffifflssffi.
3619 2745 3952 2909 2..Ρῶῗὲιὲ
3974 2748 4407 2904 3..ῑίῗὲεὲιέ

2452 2932 2650 2996 quam
2695 2911 2952 2978 arefieri
2996 2910 3354 2977 Iordanem.

2625 2997 2688 3062 3.
2737 2996 3099 3065 Circuibitis
3137 2997 3365 3081 itaque.
3452 2995 3809 3065 Promissio
3867 2993 4132 3080 quidem
4174 3016 4292 3079 per
4334 3015 4407 3063 se

2452 3081 2537 3149 ad
2580 3104 2766 3168 spem
2806 3082 3122 3151 victoriae
3164 3082 3401 3150 idonea
3453 3091 3521 3149 et
3577 3083 3809 3150 efficax
3824 3131 3841 3158 ,
3897 3079 4011 3147 sed
4070 3080 4176 3148 cui
4235 3081 4406 3148 ratio

2453 3168 2694 3255 agendi
2738 3178 2871 3235 tam
2914 3168 3169 3236 ludicra
3210 3167 3409 3235 fidem
3451 3168 3743 3253 abrogat.
3815 3166 4003 3234 Iubet
4043 3167 4229 3235 Deus
4273 3187 4407 3234 uno

2451 3256 2729 3323 circuitu
2772 3253 3059 3339 quotidie
3102 3252 3334 3321 urbem
3374 3254 3659 3321 lustrare
3693 3272 3899 3337 nsque
3931 3251 4016 3318 ad
4052 3253 4408 3337 septimum

2453 3339 2648 3420 diem,
2691 3361 2819 3425 quo
2863 3341 3047 3407 iubet
3087 3361 3158 3407 se
3206 3340 3329 3406 ties
3373 3361 3482 3406 eos
3524 3339 3800 3407 circuire
3815 3388 3832 3419 ,
3877 3337 4185 3424 clangere
4228 3338 4406 3408 tubis

2451 3436 2521 3494 et
2577 3427 2947 3494 vociferari:
3015 3448 3101 3511 qu
3242 3432 3454 3492 totum
3513 3425 3682 3492 nihil
3740 3424 3921 3491 aliud
3983 3424 4140 3505 fuit,
4206 3444 4407 3508 quam

2450 3512 2794 3596 pueriliter
2831 3511 3079 3579 ludere.
3165 3510 3418 3578 Verum
3462 3511 3588 3578 hoc
3643 3509 3950 3578 examine
3992 3510 4258 3594 probari
4301 3531 4408 3578 eo·

2451 3619 2600 3664 rum
2645 3597 2844 3664 fidem
2885 3618 3121 3683 operae
3163 3599 3451 3682 pretium
3492 3595 3653 3663 fuit:
3697 3606 3773 3662 ut
3811 3596 3883 3661 in
3926 3616 4000 3663 re
4043 3597 4188 3680 ipsa
4231 3595 4409 3663 nihil

2451 3692 2716 3767 praeter
2738 3705 2989 3750 meram
3012 3682 3512 3751 frustrationem
3534 3689 3898 3762 cernentes,
3923 3682 4412 3767 acquiescerent

2452 3769 2884 3837 nihilominus
2918 3771 2989 3836 in
3013 3769 3143 3836 Dei
3175 3770 3468 3836 oraculo:
3504 3789 3633 3852 quo
3670 3768 3870 3835 etiam
3907 3767 4178 3834 consilio
4213 3788 4409 3853 saepe

2451 3856 2774 3923 virtutem
2818 3876 3008 3922 suam
3050 3856 3173 3922 sub
3217 3854 3597 3921 infirmitate
3641 3852 3726 3920 ad
3787 3864 4045 3937 tempus
4102 3853 4404 3934 occultat,

2453 3956 2521 4007 et
2562 3940 2875 4008 inanibus
2917 3941 3116 4027 nugis
3161 3939 3423 4008 videtur
3460 3939 3720 4020 ludere,
3780 3948 3857 4006 ut
3910 3940 4053 4006 eius
4107 3937 4408 4007 debilitas

2454 4026 2723 4095 tandem
2766 4028 2947 4094 omni
2988 4026 3287 4112 potentia
3329 4026 3558 4093 fortior
3600 4033 3915 4111 appareat
3929 4076 3946 4106 ,
4001 4032 4070 4092 et
4124 4025 4409 4094 stultitia

2451 4134 2652 4198 supra
2686 4134 2948 4180 omnem
2982 4112 3374 4198 sapientiam
3408 4112 3751 4197 refulgeat.
3809 4110 3924 4178 Sic
3959 4108 4117 4177 dum
4150 4112 4406 4179 ratione

2455 4221 2576 4266 sua
2629 4199 2948 4267 facessere
3005 4199 3187 4267 iussa
3243 4196 3324 4265 ab
3380 4198 3519 4265 eius
3561 4217 3676 4264 ore
3717 4196 4005 4281 pendent
4046 4196 4402 4278 Israelitae‚

2451 4285 2834 4371 ineptiendo
2876 4286 3072 4369 longe
3128 4283 3281 4369 plus
3335 4284 3714 4368 proficiunt,
3772 4303 3969 4367 quam
4012 4284 4072 4349 si
4113 4283 4404 4351 violento

2453 4381 2693 4438 conatu
2725 4370 3163 4454 irruptionem
3183 4370 3490 4451 facerent,
3526 4389 3875 4453 murosque
3914 4369 4403 4453 quatefacerent

2453 4456 2875 4524 validissimis
2933 4464 3001 4523 et
3055 4455 3423 4522 innumeris
3479 4455 3822 4522 machinis.
3933 4455 4221 4521 Tantum
4289 4475 4401 4522 eos

2451 4541 2535 4608 ad
2569 4541 2770 4609 breve
2806 4551 3066 4625 tempus
3100 4541 3481 4608 stultescere
3514 4542 3819 4624 oportuit,
3857 4561 4070 4626 neque
4093 4546 4400 4625 appetere
4517 4596 4522 4605 .

2451 4627 2733 4695 nimium
2777 4648 3055 4695 acumen
3072 4677 3088 4706 ,
3139 4626 3336 4693 anxie
3378 4647 3455 4692 ac
3498 4626 3828 4694 subtiliter
3872 4625 3952 4692 de
3996 4635 4236 4693 eventu
4274 4627 4399 4693 sci·

2450 4712 2779 4781 scitando:
2825 4713 2981 4798 quia
3023 4711 3089 4778 id
3135 4712 3365 4779 fixisset
3386 4711 3514 4779 Dei
3550 4715 3879 4797 potentiae
3923 4709 4396 4796 quodammodo

2451 4800 2628 4868 viam
2695 4799 3051 4865 obstruere.
3151 4798 3416 4865 Interea
3472 4819 3840 4883 quanquam
3905 4796 4189 4862 ludibrio
4253 4819 4395 4865 esse

2447 4887 2663 4970 potuit
2705 4885 3041 4952 circularis
3084 4904 3310 4950 eorum
3356 4883 3730 4963 ambulatio,
3776 4881 4041 4949 tandem
4083 4903 4395 4967 prospero

2447 4991 2749 5039 successu
2772 4971 3107 5057 cognitum
3127 4970 3267 5051 fuit,
3306 4971 3522 5036 Deum
3547 4970 3711 5036 nihil
3733 4970 3978 5036 frustra
3999 4969 4390 5053 praecipere.

2446 5057 2602 5123 Alia
2643 5056 2842 5123 etiam
2888 5054 3209 5123 dubitatio
3244 5064 3313 5121 et
3354 5077 3513 5123 cura
3554 5054 3867 5139 obrepere
3908 5053 4124 5137 potuit
4166 5075 4392 5121 eorum

2445 5141 2812 5221 mentibus,
2869 5142 2924 5208 si
2983 5143 3196 5209 subito
3252 5150 3671 5225 erumperent
3714 5139 3894 5206 urbis
3939 5139 4148 5221 cives,
4206 5141 4391 5207 nullo

2445 5229 2708 5314 negotio
2753 5227 3141 5312 dissipatum
3185 5228 3271 5294 iri
3315 5227 3675 5294 exercitum
3693 5275 3709 5306 ,
3769 5245 3969 5309 quum
4023 5224 4218 5311 longe
4263 5225 4390 5292 dif-

2443 5315 2630 5381 fusus
2673 5322 2878 5379 totam
2921 5314 3151 5381 urbem
3194 5312 3659 5393 circumdaret,
3725 5331 3848 5377 nec
3890 5311 4027 5377 acie
4072 5311 4391 5397 disposita

2442 5399 2773 5467 incederet
2814 5398 2898 5466 ad
2941 5399 3357 5485 excipiendos
3397 5397 3702 5464 insultus.
3795 5395 3922 5464 Sed
3968 5396 4092 5465 hac
4131 5419 4387 5484 quoque
