5017 6142
615 463 743 530 315

611 675 769 740 erga
823 652 1139 738 populum
1195 670 1484 716 amorem
1501 696 1516 724 ‚
1572 657 1651 714 ut
1692 646 2045 714 animosius
2097 643 2179 709 ad
2224 642 2557 727 possiden-

611 742 761 808 dam
803 748 1048 804 terram
1092 744 1460 822 pergerent.
1525 734 1712 801 Haec
1754 734 1930 799 enim
1974 729 2380 799 confirmatio
2422 748 2557 794 non

613 826 903 910 vulgaris
945 824 1107 903 fuit,
1152 842 1355 907 quum
1397 819 1728 898 viderent,
1777 820 1994 885 Deum
2040 817 2213 882 ultro
2258 813 2341 880 ad
2384 814 2558 896 ipsos

610 910 1020 980 ulciscendos
1061 928 1416 975 occurrere.
1507 905 1682 971 Mosi
1723 907 1919 971 etiam
1955 903 2214 986 profuit.
2259 899 2381 965 sub
2413 901 2558 982 ipso

613 997 843 1066 mortis
907 995 1218 1073 articulo,
1300 1012 1474 1058 novo
1541 992 1988 1074 experimento
2051 988 2296 1054 sentire
2360 1005 2557 1068 quam

610 1086 796 1152 Deus
858 1101 1084 1149 euram
1146 1080 1413 1165 gerebat
1475 1076 1557 1143 de
1613 1077 1826 1143 salute
1892 1073 2133 1158 populi.
2235 1071 2559 1136 Hilariter

614 1173 792 1237 enim
864 1166 1176 1252 populum
1234 1164 1603 1246 relinquere
1658 1164 1726 1228 in
1789 1159 2083 1229 custodia
2139 1159 2269 1224 Dei
2325 1156 2558 1241 potnit,

612 1259 798 1325 euius
848 1272 1120 1320 manum
1176 1249 1291 1314 illo
1348 1261 1485 1314 tam
1542 1248 1789 1314 recenti
1849 1245 2158 1313 beneficio
2218 1252 2557 1309 extentam

613 1341 936 1419 cernebat,
979 1337 1062 1403 ad
1107 1335 1524 1421 complendos
1565 1354 1792 1399 omnes
1837 1334 2085 1418 gratiae
2129 1351 2285 1396 suae
2327 1348 2558 1394 nume·

611 1452 739 1497 roe.
826 1425 978 1507 Quo
1022 1423 1224 1489 etiam
1268 1426 1566 1504 spectant
1607 1420 1736 1485 Dei
1780 1419 2010 1485 verba:
2068 1414 2558 1500 Aggregaberis

614 1517 693 1582 ad
740 1512 1051 1601 populum
1107 1523 1325 1575 tuum:
1432 1527 1553 1571 uae
1597 1509 1666 1570 in
1710 1504 1944 1570 mortis
1986 1504 2291 1569 solatium
2335 1499 2559 1569 addita

609 1603 813 1669 fuisse
868 1607 1123 1666 certum
1177 1604 1294 1660 est.
1445 1608 1738 1657 aeterum
1794 1590 1923 1657 alia
1978 1587 2335 1655 festinandi
2390 1587 2559 1653 ratio

609 1688 763 1754 fuit:
823 1687 978 1768 quia
1042 1682 1099 1747 si
1164 1688 1539 1762 exspectata
1594 1677 1825 1743 fuisset
1879 1695 2056 1741 mors
2134 1675 2343 1741 sancti
2407 1692 2558 1757 pro-

610 1775 851 1859 phetae
870 1823 884 1847 ,
961 1769 1130 1834 forte
1192 1766 1335 1832 ausi
1401 1785 1533 1829 non
1596 1762 1879 1828 fuissent
1957 1761 2292 1826 Israelitae
2356 1759 2558 1825 armis

612 1862 933 1925 lacessere
975 1862 1237 1939 gentem
1283 1851 1566 1933 quietam
1590 1900 1604 1926 ,
1648 1870 1689 1914 a
1732 1869 1860 1931 qua
1903 1846 2073 1912 nihil
2130 1846 2405 1931 periculi
2449 1844 2560 1909 vel

614 1944 949 2012 molestiae
989 1938 1390 2005 imminebat.
1477 1935 1694 2000 'l'anta
1732 1944 1951 1999 autem
1997 1933 2171 2016 apud
2220 1952 2333 1997 eos
2377 1933 2558 2016 vige-

614 2031 726 2096 bat
768 2029 975 2095 Mosis
1009 2024 1340 2101 autoritas,
1380 2030 1457 2086 ut
1497 2018 1756 2085 facilius
1799 2039 1994 2102 quam
2031 2019 2198 2084 alius
2234 2018 2558 2101 quispiam

613 2138 722 2182 eos
751 2112 1027 2197 imperio
1061 2111 1490 2192 obsequentes
1526 2104 1843 2170 habuerit.
1911 2103 2302 2186 Quanquam
2340 2112 2558 2168 autem

613 2200 980 2286 promiscue
1078 2207 1210 2259 tam
1297 2191 1555 2276 reprobi
1644 2212 1840 2273 quam
1938 2190 2162 2256 fideles
2255 2188 2562 2254 dicuntur

618 2299 828 2352 morte
914 2282 1129 2365 colligi
1153 2332 1168 2359 ‚
1243 2279 1350 2344 vel
1422 2276 1770 2362 aggregari
1857 2274 1939 2340 ad
2022 2296 2176 2341 suos
2268 2276 2558 2359 populos,

614 2372 910 2455 loquutio
967 2380 1188 2432 tamen
1250 2365 1412 2430 haee
1467 2362 1753 2428 ostendit
1810 2360 2107 2427 homines
2166 2360 2249 2426 ad
2292 2361 2560 2425 immor·

615 2459 934 2523 talitatem
992 2463 1184 2519 natos
1228 2471 1401 2516 esse:
1464 2468 1674 2532 neque
1718 2447 1893 2513 enim
1955 2447 2179 2512 eadem
2225 2446 2305 2512 de
2346 2447 2559 2511 brutis

614 2540 1007 2609 animalibus
1071 2538 1286 2603 dicere
1351 2534 1726 2619 quadraret,
1808 2553 2084 2616 quorum
2158 2553 2337 2597 mors
2401 2530 2561 2596 ulti-

616 2651 760 2695 mus
802 2638 904 2693 est
944 2625 1254 2691 interitus
1273 2673 1288 2697 ,
1344 2622 1454 2686 ubi
1501 2618 1688 2684 nulla
1740 2639 1891 2702 spes
1946 2619 2242 2701 sequitur
2284 2618 2559 2683 alterius

614 2717 807 2781 vitae.

782 2799 844 2864 3.
913 2796 1237 2877 Loquutus
1313 2797 1403 2857 est
1462 2792 1675 2871 itaque
1740 2788 1967 2855 Moses,
2058 2788 2207 2854 Non
2287 2788 2559 2854 dubium

613 2898 716 2952 est
780 2885 938 2967 quin
1006 2879 1350 2962 pertulerit
1416 2878 1633 2942 Moses
1699 2894 1864 2957 quae
1930 2882 2268 2959 acceperat
2323 2895 2364 2938 a
2418 2876 2558 2940 Deo

615 2970 941 3037 mandata.
990 2967 1132 3031 Etsi
1170 2984 1325 3049 ergo
1360 2961 1529 3027 nihil
1552 2957 1731 3025 aliud
1755 2961 2150 3044 exprimitur
2178 2980 2371 3042 quam
2397 2961 2556 3025 duo·

614 3058 823 3123 decim
881 3053 1086 3117 millia
1143 3049 1224 3115 ad
1283 3048 1518 3114 bellum
1565 3066 1830 3130 egressa
1878 3048 2109 3129 fuisse,
2168 3066 2274 3111 res
2330 3057 2555 3110 tamen

615 3145 760 3226 ipsa
823 3139 1258 3214 demonstrat,
1323 3154 1669 3200 numerum
1736 3132 1937 3198 fuisse
1994 3131 2310 3198 divinitus
2369 3152 2556 3214 prae-

614 3229 932 3309 scriptum
1009 3244 1142 3287 una
1228 3242 1374 3287 cum
1463 3217 1744 3283 bellandi
1833 3219 2105 3283 ratione.
2208 3218 2300 3282 Et
2378 3231 2556 3284 certe

613 3334 846 3398 parum
912 3308 1322 3376 considerate
1382 3305 1603 3370 Moses
1665 3324 1981 3387 magnum
2037 3305 2352 3387 populum
2418 3317 2557 3369 tam

614 3401 854 3481 exigua
916 3416 1117 3460 manu
1182 3411 1530 3478 aggressus
1595 3403 1798 3456 esset:
1879 3399 2075 3473 atque
2140 3389 2301 3454 adeo
2367 3391 2425 3454 si
2487 3389 2558 3454 id

614 3495 931 3549 tentasset
1000 3500 1118 3546 suo
1174 3478 1443 3543 arbitrio
1462 3527 1476 3549 ‚
1542 3496 1821 3559 poenam
1881 3475 2268 3541 temeritatis
2323 3477 2558 3541 merito

619 3569 936 3643 dedisset,
993 3578 1348 3648 praeeunte
1407 3575 1625 3627 autem
1685 3563 1811 3628 Dei
1856 3561 2162 3626 mandato
2220 3562 2558 3646 negotium

617 3654 819 3739 probe
882 3665 1183 3734 reeteque
1248 3659 1624 3730 susceptum
1700 3647 1973 3715 feliciter
2036 3649 2308 3731 peregit.
2422 3648 2563 3713 Nec

618 3762 774 3806 vero
810 3737 1077 3805 dubium
1113 3745 1214 3801 est
1247 3734 1403 3816 quin
1450 3733 1572 3798 hoc
1615 3735 1919 3798 examine
1961 3731 2237 3814 probare
2281 3733 2563 3799 voluerit

618 3828 801 3893 Deus
882 3843 1146 3889 suorum
1225 3820 1440 3885 fidem.
1527 3818 1698 3884 Nam
1763 3820 2122 3885 secundum
2194 3820 2557 3884 humanum

614 3931 877 3979 sensum
899 3960 913 3986 ‚
959 3907 1284 3974 amentiae
1329 3918 1472 3970 erat
1513 3906 1654 3969 sine
1697 3926 1894 3971 causa
1935 3904 2320 3988 periclitari,
2376 3917 2444 3970 et
2485 3907 2555 3969 in

613 4009 918 4083 promptu
962 4006 1104 4059 erat
1147 3992 1473 4073 exceptio,
1534 3992 1801 4055 minime
1844 3999 2351 4056 consentaneum
2395 4011 2556 4068 esse,

616 4104 817 4167 quum
866 4093 1123 4165 praesto
1184 4086 1405 4142 essent
1442 4088 1752 4142 sexcenta
1794 4075 2131 4141 hominum
2180 4075 2415 4154 millia,
2474 4076 2555 4139 ad

665 4188 860 4234 aucos
883 4167 1281 4247 restringere
1305 4174 1525 4245 partes
1558 4172 1696 4227 tam
1740 4160 2023 4227 difficilis
2068 4161 2220 4225 belli
2267 4162 2554 4245 gerendi.

618 4191 825 4322 giomi
884 4272 1040 4333 ergo
1097 4262 1323 4333 postea
1369 4248 1546 4312 Deus
1589 4268 1707 4329 per
1747 4246 2254 4331 quadringentos
2298 4258 2557 4311 tantum

618 4341 914 4405 homines
973 4337 1135 4402 duce
1194 4332 1467 4400 Gedeon
1526 4331 1769 4397 delevit
1808 4333 2139 4418 ingentem
2193 4334 2558 4399 exercitum

618 4425 910 4499 Madian,
953 4423 1050 4486 ita
1093 4422 1214 4486 sub
1257 4439 1458 4482 manu
1502 4417 1708 4483 Mosis
1751 4418 2011 4501 singula
2053 4426 2308 4484 tantum
2352 4419 2561 4483 homi-

617 4531 779 4576 num
826 4508 1032 4574 millia
1073 4527 1155 4571 ex
1189 4523 1577 4587 unaquaque
1619 4505 1794 4571 tribu
1834 4503 1916 4569 ad
1961 4502 2354 4587 perdendam
2400 4526 2558 4588 gen-

617 4608 751 4662 tem
787 4596 970 4660 illam
1005 4594 1307 4657 armavit.
1374 4589 1532 4655 Sola
1563 4591 1773 4656 tribus
1813 4590 2104 4656 Zebulon
2148 4590 2376 4673 quinto
2409 4591 2561 4675 plus

618 4682 905 4748 militum
973 4679 1129 4743 dare
1191 4685 1449 4760 poterat
1503 4695 1700 4757 quam
1754 4677 1938 4742 Deus
1991 4697 2073 4741 ex
2131 4685 2267 4740 toto
2320 4677 2559 4760 populo

617 4768 886 4851 accepit.
973 4764 1120 4830 Hoc
1159 4761 1364 4846 igitur
1406 4760 1792 4827 documento
1843 4760 2040 4827 fidem
2094 4782 2283 4826 suam
2328 4761 2560 4844 proba—

618 4865 777 4921 runt
821 4849 1079 4937 quando
1123 4849 1319 4914 unius
1363 4847 1490 4911 Dei
1532 4847 1774 4913 auxilio
1817 4848 1997 4923 freti,
2044 4866 2175 4912 non
2220 4846 2560 4914 dubitave-

618 4954 780 5007 runt
821 4948 1049 5005 contra
1088 4936 1309 5000 hostes
1351 4932 1672 5015 intrepide
1710 4954 1917 4999 ruere.
1983 4933 2074 4997 Et
2108 4946 2383 4999 eventus
2420 4935 2563 5016 ipse

620 5026 856 5092 melius
898 5021 1260 5088 illustravit
1300 5018 1581 5102 gratiam
1626 5020 1835 5100 ipsam
1878 5039 2072 5101 quam
2118 5020 2172 5083 si
2210 5021 2361 5083 totis
2404 5020 2558 5085 viri·

620 5112 742 5178 bus
784 5118 1212 5194 pugnassent:
1282 5105 1435 5188 quia
1482 5114 1640 5171 tunc
1679 5102 1995 5171 creditum
2040 5104 2270 5170 fuisset
2311 5105 2560 5170 Madia-

623 5199 792 5263 nitas
837 5195 1090 5261 infinita
1137 5192 1473 5257 hominum
1517 5190 1702 5274 copia
1744 5190 2008 5256 obrutos
2052 5190 2270 5256 fuisse.
2347 5189 2556 5257 Sicuti

622 5304 777 5365 ergo
837 5280 1112 5365 populus
1157 5297 1342 5342 suam
1403 5275 1839 5341 obedientiam
1893 5286 2189 5358 prompto
2248 5276 2557 5360 obsequio

622 5378 899 5433 testatus
943 5378 1061 5443 est,
1106 5364 1203 5429 ita
1248 5385 1316 5428 re
1371 5362 1514 5446 ipsa
1561 5360 1821 5425 tandem
1868 5376 2179 5444 expertus
2223 5370 2341 5439 est,
2389 5362 2553 5426 nihil

2028 456 2432 525 REDITUS
2477 456 2608 523 AD
2654 456 3197 526 HISTORIAM.

4472 457 4599 523 316

2665 647 2897 712 melius
2954 667 3096 714 esse
3152 665 3344 731 quam
3402 668 3472 713 se
3530 647 3672 713 Deo
3725 646 4072 723 subiicere,
4131 653 4201 712 et
4256 666 4602 730 prosperos

2663 752 2883 797 rerum
2921 743 3193 798 eventus
3222 732 3318 798 ita
3339 733 3704 815 relinquere
3732 733 3804 798 in
3834 733 3976 798 eius
4009 753 4213 797 manu
4241 740 4316 798 ut
4350 732 4430 798 ab
4458 733 4603 815 ipso

2661 818 2797 883 solo
2839 817 3118 902 pendeat
3157 817 3412 885 fiducia.
3501 818 3850 885 Caeterum
3894 838 3979 882 ne
4020 838 4151 901 qua
4194 816 4403 883 tribus
4457 816 4606 884 aliis

2661 924 2804 969 sese
2847 904 3222 987 praeferret,
3267 925 3355 969 ex
3396 925 3599 988 aequo
3642 902 3940 986 singulae
3981 902 4225 969 milites
4266 901 4424 969 dare
4465 903 4605 969 ius·

2660 1009 2772 1053 sae
2813 1000 2986 1054 sunt.
3075 988 3281 1055 Porro
3321 989 3563 1056 missus
3607 1004 3708 1055 est
3749 1010 3900 1055 cum
3943 987 4076 1055 illis
4119 988 4425 1069 Phineos,
4467 1008 4604 1054 non

2661 1082 2796 1138 tam
2839 1082 2916 1140 ut
2956 1096 3224 1141 manum
3258 1084 3628 1142 consereret
3668 1095 3815 1141 cum
3861 1073 4064 1151 hoste,
4109 1073 4216 1140 vel
4251 1075 4386 1140 dux
4429 1082 4608 1140 esset

2660 1160 2982 1240 militaris,
3024 1181 3219 1243 quam
3247 1174 3324 1226 ut
3350 1159 3436 1226 ad
3464 1160 3784 1246 regendos
3812 1168 3883 1225 et
3908 1157 4342 1226 moderandos
4375 1179 4605 1226 eorum

2659 1246 2912 1311 animos
2950 1247 3227 1313 nuncius
3268 1248 3396 1312 Dei
3440 1256 3611 1312 esset
3652 1267 3729 1312 ac
3769 1246 4114 1327 interpres.
4202 1243 4606 1312 continendi

2659 1341 2849 1396 erant
2904 1332 2973 1397 in
3029 1331 3159 1398 Dei
3213 1332 3480 1412 timore,
3535 1331 3617 1397 ad
3672 1353 3857 1414 spem
3913 1330 4221 1397 victoriae
4285 1328 4604 1416 erigendi.

2660 1415 3041 1483 Praefectus
3101 1438 3256 1499 ergo
3301 1418 3428 1484 fuit
3480 1416 3611 1484 illis
3655 1419 3783 1483 Dei
3822 1416 4120 1483 sacerdos
4137 1466 4154 1493 ‚
4212 1426 4290 1482 ut
4343 1436 4607 1483 sacrum

2660 1511 2833 1568 esset
2875 1503 3138 1582 bellum,
3182 1524 3309 1587 quo
3351 1505 3550 1570 etiam
3580 1502 3964 1586 spectabant
3997 1502 4192 1569 tubae
4235 1515 4608 1587 argenteae,

2661 1587 2929 1671 quibus,
2986 1611 3069 1654 ex
3110 1589 3276 1674 legis
3309 1589 3746 1673 praescripto,
3801 1587 3956 1653 alibi
3999 1588 4285 1655 vidimus
4330 1588 4611 1654 Levitae

2660 1673 2963 1760 clangere
2988 1674 3229 1756 solitos,
3263 1689 3342 1740 ut
3369 1674 3583 1759 palam
3616 1676 3801 1741 fieret
3829 1672 4076 1756 proelia
4103 1695 4237 1739 non
4266 1674 4608 1750 committi,

2663 1761 2790 1825 nisi
2817 1760 3204 1827 coelestibus
3239 1760 3563 1844 auspiciis.
3618 1758 3757 1827 Sub
3795 1760 3971 1826 vasis
4000 1759 4220 1839 sacris,
4254 1769 4429 1827 recte
4458 1778 4610 1825 meo

2660 1844 2913 1926 iudicio,
2957 1867 3175 1913 arcam
3219 1846 3494 1913 foederis
3535 1844 4004 1929 comprehendi
4045 1845 4426 1911 existimant
4468 1843 4616 1928 qui·

2663 1932 2813 1997 dam
2856 1933 3267 2016 interpretes.

2834 2018 2892 2083 7.
2960 2016 3048 2083 Et
3121 2023 3574 2102 puynaverunt.
3683 2016 4103 2083 Praeclarum
4203 2014 4613 2083 obedientiae

2662 2102 3069 2187 exemplum,
3135 2103 3306 2187 quod
3365 2104 3662 2169 militiam
3719 2102 4112 2168 discriminis
4167 2102 4430 2187 plenam
4477 2121 4614 2166 non

2664 2188 3030 2255 detrectant
3065 2187 3399 2255 duodecim
3436 2189 3777 2255 hominum
3812 2187 4045 2253 millia:
4092 2209 4293 2271 quum
4330 2187 4614 2254 obiicere

2660 2287 3034 2360 promptum
3076 2287 3282 2355 esset,
3325 2296 3666 2359 perperam
3726 2275 3864 2339 fieri
3911 2272 4081 2356 quod
4125 2282 4614 2357 exponerentur

2662 2361 2868 2426 veluti
2904 2361 2984 2427 ad
3022 2361 3490 2440 carnificinam,
3526 2359 3784 2426 sederet
3819 2370 4041 2424 autem
4075 2360 4144 2424 in
4178 2359 4411 2425 eastris
4441 2360 4610 2425 otio-

2662 2469 2775 2512 sus
2831 2447 3142 2531 populus,
3210 2447 3326 2530 qui
3382 2467 3503 2512 sua
3553 2444 4006 2523 multitudine,
4063 2446 4305 2528 absque
4361 2464 4611 2530 magno

2662 2534 2924 2617 negotio
2967 2533 3226 2598 hostem
3285 2534 3578 2617 fugasset
3621 2553 3695 2598 ac
3737 2531 4165 2615 profligasset.
4255 2531 4405 2596 Non
4464 2530 4611 2596 vul-

2662 2639 2819 2702 gare
2861 2639 3018 2702 ergo
3062 2616 3528 2684 documentum
3570 2617 3831 2700 pietatis
3873 2616 4027 2695 fuit,
4082 2637 4334 2683 morem
4375 2636 4610 2702 gerere

2664 2705 2790 2770 Dei
2834 2716 3176 2788 praecepto
3195 2754 3212 2784 ,
3266 2726 3386 2770 neo
3431 2702 3642 2769 ullum
3685 2702 3987 2786 ignaviae
4030 2712 4446 2785 praetextum
4488 2702 4608 2768 ob-

2665 2790 2949 2856 tendere.
2995 2791 3086 2855 Et
3127 2789 3312 2856 Deus
3354 2790 3555 2856 etiam
3599 2810 3671 2854 re
3713 2790 3859 2871 ipsa
3899 2786 4310 2867 monstravit,
4354 2808 4428 2853 se
4465 2808 4608 2854 non

2663 2890 2905 2942 temere
2943 2877 3254 2960 proiicere
3276 2896 3428 2941 suos
3452 2875 3519 2939 in
3566 2874 3951 2940 discrimen:
3987 2875 4140 2957 quia
4161 2894 4362 2956 penes
4381 2875 4606 2957 ipsum

2661 2964 2747 3028 sit
2789 2963 3040 3044 eripere
3075 2982 3115 3027 a
3156 2972 3424 3028 centum
3465 2959 3781 3026 mortibus
3823 2979 3985 3042 quos
4029 2959 4256 3044 recipit
4297 2960 4371 3025 in
4415 2982 4611 3026 suam

2659 3047 3053 3115 custodiam:
3100 3047 3274 3113 unde
3308 3048 3505 3112 etiam
3542 3046 3868 3127 docemur,
3900 3043 4156 3113 nul-lum
4191 3067 4336 3113 esse
4366 3046 4610 3113 melius

2660 3134 2890 3200 salutis
2947 3133 3401 3217 compendium
3462 3153 3656 3216 quam
3714 3133 3898 3215 sequi
3957 3152 4340 3216 quocunque
4399 3144 4608 3199 vocat.

2661 3219 2848 3301 Quae
2891 3218 3126 3284 deinde
3168 3218 3430 3285 subiicit
3464 3219 3700 3297 Moses,
3769 3217 3851 3283 ad
3889 3218 4412 3301 perseverantiae
4464 3217 4610 3285 lau-

2663 3306 2810 3371 dem
2854 3312 3172 3388 spectant,
3218 3325 3349 3370 uno
3394 3314 3683 3386 excepto.
3770 3304 3980 3370 Recte
4019 3304 4342 3371 masculos
4375 3324 4610 3371 omnes

2660 3392 3034 3459 occiderunt
3068 3412 3270 3472 usque
3305 3389 3388 3455 ad
3425 3411 3629 3474 reges,
3670 3410 3829 3472 quos
3860 3390 3932 3457 in
3966 3400 4187 3473 strage
4218 3390 4364 3473 ipsa
4407 3413 4446 3456 v

2662 3479 2861 3544 fuisse
2913 3478 3262 3560 permistos
3305 3475 3527 3542 Moses
3571 3486 3828 3554 narrat,
3880 3475 4266 3559 praesertim
4310 3475 4480 3559 quod

2663 3563 2935 3629 Balaam
2996 3561 3351 3628 vindictam
3409 3570 3861 3646 sumpserunt,
3923 3561 4034 3644 qui
4093 3584 4214 3627 sua
4257 3562 4499 3627 astutia
4539 3570 4612 3628 et

2662 3648 2919 3714 insidiis
2952 3660 3226 3716 conatus
3259 3648 3471 3713 fuerat
3512 3649 3784 3731 perdere
3828 3647 3956 3711 Dei
3996 3647 4331 3731 populum.
4397 3647 4611 3714 Recte

2664 3736 2863 3801 etiam
2923 3733 3215 3818 praedati
3259 3746 3414 3798 sunt
3472 3755 3730 3798 omnem
3775 3733 4143 3816 regionem:
4209 3753 4330 3798 nec
4385 3733 4613 3798 minus

2663 3822 2861 3904 probe
2904 3838 2973 3885 et
3014 3820 3274 3886 cordate
3318 3839 3387 3884 se
3422 3828 3769 3901 gesserunt
3810 3818 3882 3882 in
3925 3816 4195 3884 urbibus
4229 3840 4306 3886 ae
4349 3818 4610 3902 oppidis

2663 3904 2974 3985 delendis,
3020 3926 3187 3988 quae
3226 3904 3538 3988 pigriset
3571 3903 3817 3968 timidis
3859 3903 4202 3970 illecebrae
4243 3926 4386 3971 esse
4431 3918 4612 3987 pote·

2661 4001 2812 4057 rant
2847 3989 2930 4058 ad
2974 3990 3393 4056 manendum.
3481 3988 3650 4054 Nam
3697 3986 3796 4074 (ut
3831 3989 4016 4071 prius
4058 3990 4274 4055 visum
4317 3990 4444 4077 est)
4489 3991 4613 4056 tol-

2661 4076 2855 4143 lenda
2895 4090 3085 4142 erant
3126 4076 3345 4141 omnia
3377 4073 3863 4158 impedimenta,
3907 4084 3980 4140 ut
4019 4075 4298 4160 populus
4339 4075 4508 4143 liber
4541 4084 4616 4142 et

2662 4162 2916 4230 solutus
2957 4162 3030 4227 in
3075 4170 3315 4226 terram
3361 4159 3676 4227 Chanaan
3723 4174 4042 4244 pergeret,
4087 4161 4326 4245 alioqui
4369 4182 4611 4246 propo·

2662 4250 2788 4315 sito
2852 4247 3015 4327 otio,
3092 4246 3371 4313 libenter
3447 4268 3517 4311 se
3597 4246 3787 4311 multi
3867 4248 4235 4329 privassent
4313 4247 4613 4313 haeredi·

2663 4344 2799 4400 tate
2855 4334 3192 4418 promissa.
3293 4332 3609 4397 Ineendio
3674 4332 3877 4416 igitur
3947 4345 4370 4417 consumptae
4446 4345 4614 4399 sunt

2662 4421 2888 4498 urbes,
2934 4441 3018 4484 ne
3062 4418 3217 4502 quid
3259 4439 3577 4505 remorae,
3609 4419 3922 4484 afferrent
3976 4419 4334 4485 subsistere
4382 4418 4612 4484 volen-

2660 4508 2852 4573 tibus.
2917 4505 3260 4570 Hactenus
3294 4503 3573 4569 fideliter
3605 4505 3742 4569 suis
3792 4506 4085 4586 partibus
4120 4506 4407 4571 defuncti
4444 4516 4614 4570 sunt

2663 4592 2851 4659 electi
2895 4591 3165 4656 milites:
3224 4592 3294 4654 in
3340 4611 3469 4654 uno
3513 4589 3676 4672 lapsi
3720 4604 3906 4668 sunt,
3960 4589 4132 4673 quod
4174 4590 4453 4656 avaritia
4495 4590 4612 4656 vel

2664 4676 2935 4829 lilgdline
2970 4676 3254 4759 impulsi,
3299 4675 3607 4740 mulieres
3650 4691 4012 4754 servarunt,
4058 4697 4189 4760 qua
4223 4676 4303 4742 de
4338 4698 4408 4742 re
4451 4697 4613 4741 mox

2664 4787 2732 4831 v1
2778 4787 2814 4831 e
2859 4784 3048 4829 imus.

2840 4849 2940 4913 11.
3014 4848 3430 4928 Tulemntque
3511 4848 3725 4913 omnia
3808 4846 4032 4927 spolia.
4142 4846 4614 4914 continentiae

2665 4936 2860 5002 simul
2901 4956 2977 4999 ac
3021 4932 3376 4999 modestiae
3418 4933 3558 5010 fuit,
3604 4932 3911 5016 praedam
3955 4953 4147 5013 quam
4190 4934 4454 4999 confuse
4499 4955 4613 4999 ra·

2665 5032 2943 5104 puerant
2980 5019 3060 5084 ad
3097 5020 3331 5084 Mosen
3365 5031 3431 5083 et
3466 5020 3744 5083 Eleazar
3779 5017 4116 5084 adducere.
4197 5019 4425 5101 Neque
4459 5019 4614 5085 ina·

2669 5108 2769 5171 uis
2792 5106 2916 5170 fuit
2949 5126 3202 5188 pompa,
3239 5105 3434 5171 sicuti
3457 5103 3644 5169 multi
3666 5104 3988 5170 iactanter
4008 5125 4160 5187 opes
4190 5126 4351 5187 quas
4373 5105 4616 5171 volunt

2663 5191 3068 5273 supprimere
3103 5202 3458 5255 ostentant:
3503 5189 3618 5253 sed
3653 5190 3912 5254 animus
3956 5190 4098 5267 fuit,
4142 5190 4210 5255 in
4254 5191 4617 5275 partitione

2663 5278 3066 5359 acquiescere
3131 5278 3331 5341 Mosis
3411 5276 3689 5339 decreto.
3777 5275 3949 5340 Nam
4014 5274 4126 5340 ubi
4207 5277 4401 5359 paulo
4460 5290 4617 5360 post

2664 5364 2880 5428 Moses
2926 5361 3259 5426 dimidiam
3308 5374 3557 5443 partem
3602 5360 3930 5428 adiudicat
3971 5363 4226 5446 populo,
4272 5361 4433 5428 adeo
4469 5385 4618 5428 non
