5017 6142
600 456 727 521 167

602 645 707 710 lar
753 665 790 710 e
832 641 1049 709 cibum
1094 641 1224 708 illis
1267 639 1754 725 suppeditabat,
1813 639 1928 706 sed
1971 638 2212 706 diversi
2254 637 2534 723 generis.

608 665 931 795 vigemus
989 729 1208 811 itaque
1265 727 1454 793 bruto
1513 735 1581 791 et
1636 746 1824 793 caeco
1880 727 2128 808 impetu
2188 725 2385 790 fuisse
2432 727 2540 823 tu·

606 816 986 880 multuatos.
1052 813 1419 880 Necessitas
1454 814 1630 877 enim
1676 811 1989 877 divinitus
2033 819 2174 876 erat
2215 811 2537 894 imposita,

602 908 681 966 ut
744 920 899 965 man
953 898 1161 964 solum
1217 899 1662 965 comederent:
1718 897 1869 964 huic
1924 906 2231 980 tanquam
2291 897 2539 961 feroces

610 993 678 1053 et
715 984 1112 1070 praefractae
1147 984 1388 1049 bestiae
1429 985 1858 1063 obluctantur,
1897 1005 1971 1049 ac
2007 984 2060 1048 si
2097 981 2347 1047 libidini
2382 1000 2539 1046 suae

610 1072 927 1139 subiicere
969 1072 1184 1135 Deum
1227 1069 1492 1136 vellent.

780 1155 841 1222 5.
923 1155 1346 1222 Recordemur
1397 1155 1699 1236 piscium.
1807 1154 1956 1220 Hac
2020 1154 2237 1220 victus
2299 1151 2537 1234 prioris

608 1242 1088 1326 comparatione
1153 1250 1514 1306 extenuant
1577 1247 1984 1322 praesentem
2042 1237 2172 1303 Dei
2238 1241 2534 1322 gratiam.

609 1328 839 1411 Neque
883 1336 1104 1392 tamen
1148 1328 1502 1409 exquisitas
1546 1325 1839 1392 lautitias
1885 1330 2256 1402 recensent,
2301 1322 2413 1388 ubi
2458 1322 2539 1388 de

604 1413 816 1500 porris
861 1424 926 1476 et
968 1412 1139 1477 alliis
1184 1424 1249 1476 et
1291 1413 1465 1496 cepis
1510 1412 1883 1495 loquuntur.
1949 1409 2105 1475 Ideo
2139 1411 2232 1476 sic
2275 1408 2539 1493 quidam

584 1498 987 1564 ¹resolvunt:
1056 1496 1274 1578 Quum
1330 1498 1535 1581 vulgo
1602 1506 1924 1581 prostaret
1990 1504 2172 1560 tanta
2227 1495 2409 1577 copia
2474 1502 2540 1558 et

605 1584 913 1664 varietas,
959 1604 1149 1666 quam
1199 1583 1385 1649 nobis
1428 1602 1630 1666 grave
1674 1592 1740 1647 et
1781 1582 2127 1647 molestum
2173 1601 2313 1645 esse
2350 1580 2541 1644 debet

607 1670 960 1735 maioribus
998 1668 1237 1733 delitiis
1281 1667 1576 1752 privari?
1624 1669 1766 1752 Ego
1805 1676 2027 1733 tamen
2064 1667 2365 1731 homines
2397 1664 2538 1749 ple-

608 1755 806 1835 beios,
853 1756 964 1838 qui
1010 1755 1294 1819 tenuiter
1335 1754 1749 1831 victitarent,
1798 1763 2135 1819 consuetos
2178 1753 2353 1818 cibos
2398 1751 2534 1816 lau·

607 1840 764 1906 dare
799 1841 1118 1920 existimo,
1162 1859 1293 1904 non
1330 1861 1515 1906 secus
1539 1861 1612 1906 ac
1635 1841 1954 1904 maximas
1976 1839 2283 1903 lautitias.
2341 1836 2537 1902 Certe

601 1925 831 1992 rustici
897 1925 1191 1991 homines
1257 1931 1324 1989 et
1388 1925 1649 2008 opifices
1715 1924 1974 1990 suillam
2039 1924 2146 1989 vel
2225 1922 2533 1988 bubulam

609 2032 891 2088 carnem,
937 2033 1155 2077 caseos
1198 2022 1261 2075 et
1305 2010 1648 2089 lacticinia,
1699 2032 1890 2094 cepas
1934 2018 2000 2075 et
2043 2010 2360 2075 brassicas
2402 2029 2536 2073 non

605 2098 878 2162 minoris
922 2097 1266 2161 aestimant
1309 2117 1500 2179 quam
1547 2117 1787 2179 magna
1845 2116 1997 2178 pars
2037 2095 2314 2159 divitum
2360 2093 2536 2160 cibos

605 2189 1036 2265 sumptuosos.
1142 2179 1381 2248 Odiose
1448 2202 1603 2265 ergo
1672 2181 2140 2266 magnifaciunt
2199 2180 2537 2245 Israelitae

607 2289 771 2353 quae
817 2289 933 2350 per
975 2289 1046 2333 se
1088 2279 1278 2331 erant
1320 2267 1510 2332 vilia:
1572 2266 1765 2349 idque
1827 2276 1899 2330 ut
1955 2287 2236 2350 pravum
2284 2264 2535 2330 deside·

608 2355 780 2419 rium
840 2354 983 2436 plus
1048 2352 1207 2418 satis
1272 2353 1614 2419 incitatum
1682 2352 1890 2436 magis
1955 2361 2293 2417 exacuant.
2397 2351 2536 2415 Nec

610 2449 828 2504 tamen
868 2439 1135 2504 dubium
1173 2446 1270 2502 est
1305 2440 1462 2521 quin
1499 2436 1780 2502 oleribus
1817 2439 2075 2513 assueti,
2122 2446 2188 2501 et
2225 2434 2533 2520 piscibus,

605 2524 980 2609 putaverint
1048 2524 1285 2589 talibus
1348 2523 1675 2589 alimentis
1739 2543 1808 2588 se
1872 2522 2090 2588 felices
2156 2543 2230 2589 ac
2288 2522 2530 2587 beatos.

605 2611 814 2676 Porro
857 2610 928 2673 in
973 2630 1245 2693 genere,
1300 2608 1635 2693 augendae
1681 2608 1962 2674 invidiae
2020 2629 2248 2686 causa,
2305 2608 2532 2673 dicunt

604 2717 674 2761 se
734 2695 939 2780 gratis
998 2694 1356 2760 comedisse
1413 2695 1581 2778 quod
1641 2694 1880 2777 exiguo
1938 2695 2146 2779 pretio
2190 2693 2530 2759 emebant:

603 2802 975 2864 quanquam
1039 2780 1145 2846 hic
1200 2779 1442 2863 linguis
1500 2780 1799 2845 omnibus
1846 2780 2042 2845 tritus
2083 2791 2181 2845 est
2224 2778 2531 2862 loquendi

602 2866 853 2932 modus.
940 2865 1079 2931 Nec
1136 2866 1374 2929 mirum
1431 2874 1530 2930 est
1582 2864 1714 2929 vile
1772 2864 1971 2931 fuisse
2030 2865 2257 2930 talium
2307 2886 2529 2930 rerum

650 2952 906 3017 retium.
1011 2950 1351 3016 Piscosum
1411 2950 1586 3015 enim
1642 2971 1783 3016 esse
1839 2959 2053 3016 totum
2110 2948 2274 3016 illud
2329 2949 2531 3016 maris

597 2973 784 3102 {ittus
829 3044 1156 3103 testantur
1198 3036 1391 3100 etiam
1438 3036 1698 3119 profani
1730 3036 2097 3120 scriptores.
2183 3036 2534 3103 Uberrima

602 3123 805 3188 etiam
841 3129 943 3189 est
984 3121 1119 3186 Nili
1163 3122 1461 3204 piscati0‚
1509 3128 1575 3186 et
1616 3142 1765 3205 pars
1809 3122 2179 3206 opulentiae
2221 3122 2530 3207 Aegypti.

602 3208 748 3273 Iam
793 3229 993 3292 quum
1037 3207 1290 3291 irrigua
1335 3208 1420 3273 sit
1461 3206 1574 3271 illa
1607 3207 1807 3291 regio,
1853 3208 2136 3274 oleribus
2172 3219 2238 3273 et
2271 3208 2535 3274 horten-

601 3293 770 3360 sium
816 3294 1143 3358 fructuum
1189 3292 1370 3375 copia
1415 3292 1723 3359 abundat.

778 3379 838 3444 6.
884 3380 977 3444 At
1016 3398 1182 3445 nunc
1223 3380 1441 3444 anima
1482 3383 1713 3445 nostra.
1804 3377 2187 3459 Queruntur
2242 3400 2313 3445 se
2356 3378 2532 3445 fame

607 3472 674 3528 et
715 3464 931 3530 inedia
975 3485 1175 3548 prope
1218 3465 1563 3544 tabescere,
1606 3486 1805 3547 quum
1851 3486 2004 3529 man
2048 3465 2178 3531 illis
2223 3465 2305 3530 ad
2341 3466 2532 3532 satie-

608 3557 810 3615 tatem
875 3556 1279 3633 suppeteret:
1357 3550 1548 3616 sicuti
1615 3572 1824 3635 nuper
1884 3551 2183 3633 pauxilla
2261 3551 2538 3634 pecunia

605 3637 854 3702 victum
893 3657 962 3700 se
997 3636 1062 3698 in
1088 3634 1391 3721 Aegypto
1428 3635 1661 3700 emisse
1697 3636 2056 3702 iactabant:
2093 3659 2167 3703 ac
2203 3638 2257 3702 si
2295 3658 2538 3720 magna

609 3741 909 3787 annonae
974 3721 1212 3785 caritas
1276 3720 1419 3785 illos
1483 3732 1836 3804 premeret,
1903 3743 2107 3804 quum
2172 3744 2350 3788 mera
2408 3722 2538 3787 Dei

605 3806 1002 3873 liberalitate
1054 3814 1375 3887 prostaret
1432 3805 1619 3872 cibus
1672 3809 1964 3871 omnium
2019 3808 2306 3873 maxime
2350 3829 2535 3890 para-

609 3892 759 3959 bilis
783 3944 797 3973 ,
878 3892 1166 3973 adeoque
1225 3900 1493 3974 paratus
1556 3893 1796 3974 absque
1860 3913 2056 3975 opera
2120 3903 2188 3958 et
2250 3905 2538 3975 sumptu.

607 3978 861 4044 Verum
908 3999 985 4042 ea
1029 3985 1130 4040 est
1172 3976 1510 4041 hominum
1566 3978 1938 4061 malignitas
1994 3988 2061 4043 et
2117 3979 2539 4062 ingratitudo,

601 4071 813 4129 totam
861 4063 987 4128 Dei
1045 4060 1415 4145 largitatem
1474 4085 1591 4147 pro
1637 4063 1843 4128 nihilo
1888 4064 2155 4141 ducere,
2216 4062 2369 4128 dum
2414 4063 2540 4127 im·

604 4151 908 4232 portunis
951 4149 1088 4213 suis
1147 4148 1613 4232 cupiditatibus
1671 4149 1944 4214 inhiant.
2036 4149 2232 4215 Multi
2277 4169 2396 4214 sua
2438 4150 2539 4213 in·

606 4234 832 4317 gluvie
867 4235 1219 4299 absumunt
1255 4243 1320 4298 et
1354 4234 1660 4319 redigunt
1696 4238 1764 4299 in
1806 4235 2079 4300 nihilum
2117 4256 2542 4318 quaecunque

608 4318 742 4384 illis
791 4320 973 4384 Deus
1033 4319 1344 4403 largitur:
1401 4320 1511 4384 alii
1564 4340 1687 4385 sua
1747 4322 2024 4386 avaritia
2068 4320 2536 4387 inexhaustum

606 4404 844 4487 alioqui
891 4406 1031 4469 eius
1075 4405 1483 4469 liberalitatis
1528 4406 1774 4470 fontem
1819 4408 2169 4472 exsiccant.
2249 4407 2345 4472 Hi
2383 4429 2538 4473 vero

601 4492 674 4558 in
731 4510 971 4573 magna
1031 4489 1374 4555 affluentia
1439 4511 1509 4556 se
1575 4490 1790 4556 aridos
1856 4513 1996 4558 esse
2062 4493 2320 4559 dicunt:
2386 4494 2538 4576 quia

602 4575 1021 4660 inexplebilis
1063 4576 1381 4658 cupiditas
1424 4596 1532 4642 eos
1577 4578 1803 4642 urebat
1846 4598 1931 4642 ne
1972 4578 2146 4662 ipsos
2171 4579 2299 4645 Dei
2344 4577 2540 4643 bene-

605 4663 823 4741 dicti0,
864 4662 1282 4744 quantumvis
1304 4661 1540 4745 ampla,
1578 4662 1859 4727 satiaret.
1925 4662 2038 4730 Sic
2062 4664 2283 4747 pluvia
2306 4663 2537 4728 duram

604 4770 834 4833 rupem
891 4747 1250 4832 irrigand0‚
1312 4768 1442 4812 non
1502 4756 1716 4812 tamen
1762 4748 1970 4830 ipsam
2015 4749 2195 4816 intus
2252 4747 2533 4813 madefa-

603 4836 762 4915 ciet,
832 4855 950 4899 nec
1009 4836 1149 4898 eius
1207 4834 1561 4899 siccitatem
1627 4832 2012 4918 temperabit
2068 4836 2342 4899 humore
2399 4855 2534 4900 suc.

606 4920 936 5003 Quoniam
1002 4920 1202 5002 igitur
1266 4920 1481 4984 omnia
1552 4920 1680 4984 Dei
1746 4919 2056 4986 beneficia
2122 4927 2535 5003 contemptus

608 5016 925 5089 tanquam
971 5002 1170 5069 uredo
1215 5007 1601 5087 corrumpit,
1644 5014 1717 5069 ut
1760 5006 1947 5070 nobis
1992 5004 2072 5069 ad
2118 5027 2306 5070 usum
2353 5007 2533 5071 suffi-

607 5094 799 5171 ciant,
839 5090 1162 5157 discamus
1198 5111 1388 5154 suum
1427 5089 1558 5154 illis
1593 5090 1909 5154 honorem
1946 5088 2248 5156 tribuere.
2318 5090 2420 5157 Ita
2462 5092 2531 5156 in

604 5177 794 5241 nobis
835 5175 999 5242 illud
1043 5176 1417 5258 implebitur
1460 5173 1660 5261 (Psal.
1708 5174 1811 5253 92,
1860 5174 1997 5263 13):
2059 5176 2284 5243 Iustus
2328 5177 2535 5242 instar

602 5261 860 5345 palmae
896 5263 1167 5340 florebit,
1205 5270 1517 5344 tanquam
1554 5259 1784 5327 cedrus
1810 5261 2053 5328 Libani
2077 5262 2532 5346 multiplicabi-

602 5359 750 5413 tur:
794 5348 1067 5430 plantati
1113 5349 1180 5412 in
1228 5346 1414 5413 domo
1459 5347 1754 5426 Domini,
1814 5348 1884 5412 in
1943 5350 2127 5414 atriis
2173 5347 2298 5414 Dei
2344 5351 2530 5415 flore-

2008 447 2414 518 REDITUS
2458 450 2587 516 AD
2632 450 3176 520 HISTORIAM.

4444 451 4568 519 168

2641 640 2837 721 bunt,
2886 639 3099 707 adhuc
3141 639 3213 706 in
3256 649 3585 707 senectute
3627 641 3907 726 pingues
3962 647 4027 706 et
4069 640 4309 708 virides
4354 647 4565 707 erunt.

2641 726 2867 809 Neque
2910 727 3085 791 enim
3128 726 3376 792 frustra
3417 727 3612 792 toties
3675 726 3997 810 scriptura
4040 726 4303 804 asserit,
4350 726 4566 791 Deum

2639 812 2877 878 satiare
2920 812 3172 878 animas
3212 811 3564 894 famelicas,
3609 819 3675 878 et
3719 812 4151 879 esurientibus
4184 812 4402 878 cibum
4436 812 4567 876 lar-

2640 897 2784 983 giri.
2895 895 3280 979 Queruntur
3358 897 3522 963 nihil
3598 907 3856 982 praeter
3930 919 4085 962 man
4166 896 4368 964 oculis
4432 897 4568 964 suis

2640 1003 3009 1049 occurrere:
3055 1003 3130 1049 ac
3164 984 3222 1048 si
3255 984 3326 1047 in
3362 985 3554 1049 unius
3590 983 3822 1066 optimi
3856 983 3982 1050 cibi
4018 984 4201 1066 copia
4232 982 4569 1049 fastidium

2639 1070 2918 1153 penuria
2954 1081 3140 1135 esset.

2813 1155 2871 1220 7.
2918 1154 3081 1219 Man
3121 1158 3328 1220 autem
3368 1155 3530 1220 sictot
3568 1173 3791 1220 semen.
3859 1153 4005 1221 Hoc
4039 1154 4173 1219 iam
4213 1154 4311 1220 16.
4355 1154 4569 1237 capite

2640 1237 2858 1305 Exodi
2914 1241 3221 1324 attigerat
3263 1240 3516 1306 Moses:
3570 1258 3746 1305 nunc
3803 1259 3961 1307 vero
4017 1239 4255 1305 iterum
4311 1241 4570 1323 repetit,

2640 1346 2768 1408 quo
2810 1346 3190 1409 perversam
3233 1325 3651 1409 cupiditatem
3696 1327 3964 1410 gravius
4020 1325 4301 1391 damnet.
4391 1323 4570 1406 Quid

2642 1412 2817 1476 enim
2877 1411 3211 1495 indignius
3265 1431 3340 1477 ac
3398 1412 3615 1476 minus
3679 1409 4020 1477 ferendum
4090 1432 4284 1494 quam
4350 1411 4570 1476 cibum

2641 1508 2908 1579 aspectu
2944 1508 3010 1562 et
3045 1517 3274 1579 sapore
3310 1496 3758 1563 delectabilem
3796 1497 3886 1561 ita
3922 1496 4273 1579 respuere?
4320 1495 4569 1562 Eadem

2641 1582 2898 1648 ratione
2940 1582 3258 1666 propheta
3301 1583 3371 1646 in
3415 1582 3676 1648 Psalmo
3720 1591 4212 1659 commemorat,
4271 1582 4572 1648 homines

2639 1688 2807 1751 pane
2853 1667 3145 1752 angelico
3189 1676 3256 1732 et
3301 1669 3624 1733 frumento
3681 1666 3942 1733 coelesti
3995 1687 4126 1732 non
4170 1668 4369 1733 fuisse
4412 1687 4565 1733 con·

2641 1761 2878 1819 tentos.
2966 1752 3097 1818 Hic
3152 1773 3271 1836 pro
3324 1754 3536 1820 colore
3593 1752 3738 1818 albo
3782 1755 4051 1836 ponitur
4093 1754 4270 1819 color
4312 1752 4564 1819 Bedola

2636 1837 2873 1923 lapidis
2915 1838 3203 1921 pretiosi,
3249 1839 3388 1905 sive
3424 1840 3510 1905 sit
3542 1840 3911 1917 margarita,
3958 1839 4095 1904 sive
4132 1837 4259 1903 alia
4294 1839 4561 1923 species.

2635 1923 2778 1990 Iam
2825 1945 2980 2008 ergo
3025 1925 3233 1989 forma
3274 1924 3356 1990 ad
3398 1925 3574 2008 ipsos
3618 1924 4075 1990 exhilarandos
4118 1926 4337 1996 valere
4372 1924 4564 1990 debe-

2637 2009 2766 2075 bat.
2859 2009 3080 2091 Quum
3127 2031 3280 2075 vero
3324 2011 3463 2076 sine
3510 2030 3747 2094 magno
3804 2011 4058 2089 labore,
4115 2009 4416 2075 molendo
4461 2009 4568 2076 vel

2637 2096 2923 2172 terendo,
2971 2094 3263 2161 diversos
3305 2094 3459 2161 inde
3501 2096 3677 2161 cibos
3720 2097 4146 2175 conficerent,
4192 2104 4260 2160 et
4301 2095 4565 2178 quidem

2637 2201 2870 2247 suaves
2929 2200 3004 2246 ac
3059 2179 3325 2246 iucundi
3382 2181 3667 2264 saporis:
3728 2201 3805 2245 eo
3858 2180 4106 2247 foedior
4160 2180 4565 2264 ingratitudo

2636 2266 2762 2417 {131st
2803 2265 3207 2349 obstrepere,
3251 2288 3326 2332 ac
3368 2267 3424 2331 si
3469 2287 3701 2350 parum
3742 2265 4104 2333 liberaliter
4145 2268 4319 2349 ipsos
4360 2266 4566 2333 aleret

2704 2373 2836 2418 eus.

2809 2438 2909 2503 10.
2946 2437 3220 2503 Audivit
3249 2438 3458 2518 itaque
3483 2435 3695 2503 Moses
3721 2436 4042 2519 populum.
4101 2437 4279 2503 Mira
4313 2445 4380 2503 et
4416 2458 4562 2521 pro·

2634 2522 2808 2607 digio
2873 2523 3105 2588 similis
3169 2522 3390 2606 populi
3454 2522 3768 2600 amentia,
3836 2521 4004 2605 quod
4057 2523 4283 2606 lugent
4338 2543 4565 2589 omnes

2633 2609 2814 2692 quasi
2860 2607 2941 2673 ad
2988 2608 3287 2674 ultimam
3334 2608 3850 2692 desperationem
3896 2608 4155 2675 redacti.
4224 2607 4399 2689 Quid
4434 2610 4566 2676 fac·

2633 2696 2766 2759 turi
2833 2704 3022 2760 erant
3091 2695 3156 2758 in
3229 2693 3445 2760 fame?
3527 2693 3704 2775 Quid
3758 2696 3815 2760 si
3893 2693 4216 2759 rodendae
4279 2693 4567 2760 fuissent

2635 2800 2897 2845 amarae
2939 2788 3005 2846 et
3048 2781 3291 2845 nullius
3335 2780 3471 2845 fere
3515 2780 3691 2846 succi
3736 2778 4031 2845 radices?
4080 2778 4258 2860 Quid
4303 2780 4363 2845 si
4404 2780 4565 2846 insi·

2634 2866 2784 2949 pido
2827 2876 2892 2931 et
2935 2866 3130 2930 noxio
3188 2886 3358 2948 pane
3413 2866 3642 2931 fuisset
3683 2863 4162 2931 victitandum?
4247 2865 4567 2933 ‘Videmus

2637 2972 2794 3035 ergo
2854 2961 2927 3016 ut
2980 2951 3275 3101 hotqines
3332 2951 3550 3032 pravis
3617 2949 4078 3033 cupiditatibus
4139 2951 4566 3036 indulgend0‚

2635 3039 2909 3102 miseros
2952 3058 3022 3103 se
3067 3059 3106 3101 u
3138 3048 3236 3103 tro
3272 3037 3514 3103 faciant
3552 3036 3624 3100 in
3666 3036 3809 3120 ipsa
3849 3036 4177 3102 felicitate.
4258 3037 4436 3122 Ergo
4483 3060 4566 3104 ne

2635 3123 2763 3204 ipsi
2807 3143 3171 3200 aerumnas,
3216 3123 3566 3204 molestias,
3607 3131 3672 3187 et
3708 3122 4058 3205 quamlibet
4094 3122 4335 3189 doloris
4367 3134 4567 3190 mate-

2637 3210 2801 3273 riam
2847 3206 3029 3273 nobis
3081 3227 3514 3289 accersamus,
3572 3208 3979 3291 importunos
4028 3209 4301 3273 affectus
4360 3209 4566 3275 disea-

2638 3314 2784 3360 mus
2829 3294 3154 3358 fraenare:
3222 3294 3373 3376 quia
3415 3295 3470 3360 si
3514 3295 3639 3358 rite
3682 3292 4080 3376 expenditur
4123 3316 4348 3371 causa,
4408 3294 4567 3360 dum

2637 3400 2709 3444 se
2745 3379 3012 3444 tristitia
3047 3389 3113 3444 et
3147 3380 3307 3444 fletu
3350 3379 3643 3445 homines
3688 3379 4008 3463 affligunt,
4055 3381 4455 3462 reperiemus
4496 3386 4575 3445 ut

2638 3466 3024 3549 plurimum,
3084 3486 3283 3548 quum
3331 3465 3675 3531 tolerantia
3718 3464 3965 3530 malum
4010 3465 4217 3547 possit
4259 3465 4573 3550 mitigari,

2642 3551 2927 3617 dolorem
2986 3550 3212 3635 augeri
3276 3560 3694 3634 praepostera
3752 3550 4182 3615 affectatione.
4272 3549 4405 3617 Sed
4465 3550 4573 3617 hic

2639 3636 2898 3702 foedum
2946 3636 3248 3701 luxuriae
3292 3636 3662 3718 exemplum
3710 3637 4112 3718 proponitur,
4158 3637 4325 3718 quod
4363 3637 4574 3702 saturi

2641 3720 2911 3805 perinde
2957 3722 3216 3805 plorant
3260 3741 3334 3786 ac
3378 3722 3431 3786 si
3477 3723 3670 3805 longa
3710 3720 3932 3786 inedia
3976 3733 4249 3787 mortem
4288 3722 4421 3787 illis
4458 3723 4574 3787 mi-

2643 3809 2983 3873 nitaretur.
3074 3805 3265 3889 Quod
3310 3806 3477 3871 Mosi
3539 3806 3869 3890 displicuit
3922 3814 4106 3870 tanta
4161 3809 4570 3890 perversitas,

2643 3892 2851 3959 sancti
2893 3893 3014 3957 zeli
3057 3901 3123 3956 et
3177 3890 3369 3956 laude
3425 3891 3607 3975 digni
3666 3892 3819 3958 fuit:
3879 3891 3991 3958 sed
4051 3914 4353 3959 excessus
4413 3895 4572 3959 vitio

2644 3999 2773 4044 non
2849 3977 3075 4044 caruit.
3180 3977 3429 4042 Iniuste
3492 3978 3665 4043 enim
3737 3999 3882 4044 cum
3951 3978 4093 4043 Deo
4170 3978 4569 4064 expostulat,

2642 4063 2814 4148 quod
2849 4084 3011 4129 onus
3054 4063 3177 4130 sibi
3212 4062 3407 4129 nimis
3442 4084 3641 4147 grave
3680 4064 4076 4148 imposuerit,
4115 4086 4316 4147 quum
4357 4074 4570 4130 tamen

2642 4150 2781 4216 eius
2840 4150 3085 4214 virtute
3142 4170 3211 4213 se
3266 4148 3479 4215 fulciri
3538 4157 3935 4233 agnosceret.
4025 4151 4371 4215 Provincia
4428 4151 4572 4232 qui·

2641 4234 2787 4300 dem
2833 4243 2976 4300 erat
3010 4233 3287 4300 difficilis
3324 4243 3388 4298 et
3423 4234 3760 4311 laboriosa,
3806 4236 3918 4301 sed
3954 4256 4155 4319 quum
4192 4235 4572 4302 admirabile

2643 4320 2773 4385 Dei
2816 4320 3133 4386 auxilium
3178 4331 3486 4402 expertus
3531 4331 3705 4385 esset
3748 4322 3995 4403 quoties
4040 4322 4161 4387 sub
4219 4343 4415 4387 onere
4459 4343 4570 4405 ge·

2641 4414 2931 4485 muerat,
3001 4427 3129 4470 non
3197 4406 3321 4470 fuit
3376 4406 3822 4488 querimoniae
3878 4407 4073 4472 locus.
4169 4406 4312 4472 Iam
4370 4428 4569 4489 quum

2640 4491 2964 4577 singulari
3007 4491 3252 4556 honore
3294 4492 3523 4557 fuisset
3567 4500 3859 4568 ornatus,
3905 4492 4401 4577 ingratitudinis
4444 4493 4572 4557 fuit

2638 4579 2764 4643 Dei
2812 4578 3121 4643 beneficio
3164 4588 3384 4643 notam
3430 4577 3762 4644 dedecoris
3799 4578 4077 4642 inurere.
4145 4579 4278 4642 Pro
4313 4599 4569 4644 summo

2637 4662 2812 4728 malo
2876 4670 3136 4746 reputat
3197 4662 3321 4729 sibi
3387 4664 3746 4730 iniunctam
3814 4683 3955 4729 esse
4021 4663 4243 4746 populi
4295 4662 4569 4749 regendi

2637 4770 2880 4816 curam.
2941 4749 3141 4831 Atqui
3180 4770 3405 4814 omnes
3439 4750 3579 4815 eius
3615 4769 3843 4815 sensus
3880 4750 4022 4832 rapi
4051 4750 4267 4832 potius
4302 4748 4570 4816 decebat

2636 4836 2703 4900 in
2751 4833 3283 4914 admirationem,
3342 4834 3511 4918 quod
3558 4835 3741 4900 Deus
3795 4837 4009 4917 ipsum
4062 4836 4304 4919 eligere
4348 4836 4567 4919 populi

2638 4922 2742 4986 sui
2818 4920 3328 5003 redemptorem,
3409 4929 3474 4987 et
3540 4919 3944 4987 admirabilis
4007 4921 4341 5003 potentiae
4409 4941 4566 4987 suae

2637 5005 3018 5071 ministrum
3082 5006 3388 5093 dignatus
3454 5018 3611 5073 erat.
3724 5005 3870 5072 Hoc
3942 5026 4199 5091 quoque
4275 5007 4565 5090 perversi

2636 5092 2858 5158 iudicii
2927 5091 3048 5156 fuit
3066 5143 3079 5168 ,
3144 5114 3456 5175 quaerere
3515 5113 3599 5156 an
3703 5092 3990 5158 enuisset
4046 5092 4153 5159 vel
4211 5095 4566 5176 peperisset

2635 5177 2978 5261 populum:
3023 5176 3293 5260 perinde
3326 5198 3481 5244 vero
3517 5199 3592 5244 ac
3629 5200 3685 5244 s1
3732 5200 3862 5243 non
3904 5179 4062 5243 satis
4105 5198 4256 5243 eum
4293 5178 4568 5244 obstrin-

2635 5275 2816 5347 geret
2860 5265 3129 5342 vocatiO,
3177 5273 3290 5330 aut
3332 5264 3592 5329 nullum
3638 5262 3815 5327 aliud
3852 5272 4025 5329 esset
4060 5284 4251 5348 quam
4291 5273 4566 5329 naturae

2635 5348 2991 5417 vinculum.
3061 5350 3241 5417 Deus
3277 5349 3537 5434 quidem
3575 5350 3879 5414 affectum
3914 5350 4296 5433 parentibus
4330 5349 4569 5415 indidit
