5017 6142
550 457 675 523 451

1293 641 1596 710 OAPU'I'
1637 640 1759 708 IV.

728 816 786 882 1.
852 814 943 881 Et
978 814 1138 899 fuit,
1169 817 1504 896 postquam
1551 811 1739 894 finem
1779 812 1925 894 fecit
1962 817 2090 878 tota
2125 830 2277 896 qens
2317 810 2502 876 traii-

552 903 757 968 ciendi
789 901 1127 969 Iordanis.-
1162 900 1316 983 quia
1357 899 1646 980 loquum
1677 903 1813 965 erat
1847 897 2079 965 Iehova
2114 899 2200 964 ad
2236 897 2502 964 Iosuam

555 987 848 1086 dicendo.-
931 988 992 1053 2.
1067 985 1286 1053 Tollite
1350 984 1545 1084 vobis·
1566 1006 1600 1050 e
1633 983 1866 1069 populo
1930 984 2266 1084 duodecim
2309 983 2499 1083 viros,

554 1091 1142 1225 wadmi'iffa
1175 1069 1644 1224 mii-m
1698 1069 2333 1222 ‚30015‘153323'32‘3
2363 1068 2503 1253 ’ῗξέἒ

554 1243 667 1310 ubi
726 1248 895 1310 stant
1212 1241 1597 1309 sacerdotum
1660 1241 2080 1324 expeditorum
2096 1289 2112 1319 ‚
2182 1241 2503 1309 duodecim

555 1329 802 1411 lapides
842 1349 994 1412 quos
1033 1328 1252 1411 feretis
1291 1326 1623 1408 vobiscum,
1670 1333 1731 1393 et
1769 1326 2080 1409 deponetis
2115 1327 2185 1393 in
2229 1326 2353 1393 loco
2393 1324 2506 1392 ubi

553 1415 673 1483 hac
712 1419 877 1481 nocte
909 1413 1252 1481 manebitis,
1336 1414 1397 1479 4.
1463 1414 1640 1480 Tunc
1676 1413 1916 1481 vocavit
1958 1415 2146 1479 Iosue
2184 1412 2505 1480 duodecim

554 1502 727 1567 viros
789 1519 946 1601 quos
1015 1501 1437 1600 ordinaverat·
1458 1520 1506 1599 e·
1526 1499 1687 1600 filiis
1750 1499 1996 1579 Israel,
2083 1500 2367 1597 sinqulos
2430 1517 2506 1563 ex

553 1604 798 1738 mmm
828 1584 1055 1737 iffa·
1059 1691 1091 1737 θ
1112 1585 1325 1737 51ss}st
1326 1586 1530 1738 „iffi
1559 1584 1705 1752 ἷξέῗ
1732 1584 2009 1736 tatia
2027 1585 2508 1750 &iffi-35⁷²}

556 1756 731 1823 tollat
771 1757 1032 1839 quisque
1074 1777 1152 1824 ecc
1182 1757 1355 1823 vobis
1397 1757 1671 1838 lapidem
1711 1776 1912 1822 unum
1950 1776 2141 1838 super
2180 1755 2507 1821 humerum

555 1861 745 1908 suum
767 1862 894 1923 pro
935 1861 1192 1908 numero
1226 1842 1501 1908 tribuum
1529 1840 1809 1923 filiorum
1852 1842 2079 1909 Israel.
2165 1843 2226 1908 6.
2301 1840 2381 1908 Ut
2420 1840 2506 1905 sit

559 1927 668 1995 hoc
731 1929 893 1993 inter
912 1927 961 2014 ¹)
1037 1948 1146 1995 vos
1215 1929 1465 2012 siynum
1520 1947 1716 2009 quum
1790 1927 2308 2012 interroyaverint
2379 1926 2506 2008 filii

559 2015 749 2080 vestri
801 2033 948 2079 cras
997 2019 1216 2096 patres
1267 2032 1419 2079 suos
1434 2061 1452 2096 ‚
1518 2014 1631 2096 qui
1685 2018 1833 2079 sunt
1885 2014 2131 2095 lapides
2176 2013 2290 2079 isti
2332 2012 2506 2094 apud

558 2098 717 2165 vos?
781 2099 818 2163 7
826 2150 840 2164 .
903 2099 1079 2165 Tunc
1110 2100 1536 2181 respondeatis
1567 2099 1675 2178 eis,
1714 2100 1876 2182 quod
1909 2099 2238 2165 intercisae
2268 2097 2508 2180 fuerint

561 2204 763 2267 aquae
806 2185 1108 2251 Iordanis
1153 2189 1294 2250 ante
1347 2204 1562 2250 arcam
1615 2184 1884 2266 foederis
1927 2184 2224 2265 Iehovae,
2290 2204 2505 2267 quum,

559 2272 847 2352 inquam,
904 2270 1201 2337 transiret
1243 2271 1577 2337 Iordanem
1593 2320 1608 2349 ,
1662 2270 1987 2337 intercisae
2023 2271 2265 2353 fuerint
2303 2289 2508 2353 aquae

562 2355 900 2433 Iordanis,
940 2360 1087 2422 tunc
1122 2355 1282 2438 facti
1317 2356 1559 2439 fuerint
1602 2356 1846 2508 Ζιέμᾱὲε
1889 2356 2000 2422 isti
2038 2357 2508 2523 infflmff

1686 2492 1700 2509 .
1823 2447 2068 2509 ecemuit
2251 2460 2329 2507 ue
2452 2462 2508 2506 ii

558 2527 771 2594 Israel
807 2529 969 2595 sicut
994 2533 1402 2610 praeceperat
1434 2527 1639 2609 Iosue,
1677 2531 1733 2594 et
1763 2528 2147 2594 sustulerunt
2187 2462 2509 2594 dquodecim

556 2613 802 2695 lapides
836 2633 869 2677 e
901 2615 1102 2681 medio
1146 2614 1449 2680 Iordanis
1489 2615 1650 2680 sicut
1691 2613 1979 2697 loquutus
2012 2614 2229 2697 fuerat
2270 2612 2507 2679 Iehova

559 2698 645 2765 ad
688 2697 954 2766 Iosuam
982 2718 1109 2783 pro
1149 2719 1404 2765 numero
1443 2699 1720 2766 tribuum
1761 2700 2036 2783 filiorum
2080 2699 2313 2780 Israel,
2361 2698 2509 2765 tule-

557 2789 825 2867 runtque
864 2804 968 2850 eos
1006 2803 1211 2850 secum
1252 2787 1341 2857 ad
1381 2785 1581 2851 locum
1613 2785 1723 2852 ubi
1752 2790 2215 2867 pernoctarunt,
2255 2790 2311 2850 et
2337 2804 2508 2867 repo-

558 2876 821 2937 suerunt
892 2870 1041 2937 illic.
1130 2871 1191 2937 9.
1270 2870 1618 2939 Duodecim
1694 2891 1930 2954 quoque
2005 2872 2250 2955 lapides
2314 2870 2510 2936 erescit

561 2956 748 3023 Iosue
803 2956 874 3023 in
926 2955 1129 3023 medio
1170 2954 1476 3024 Iordanis
1528 2956 1645 3024 sub
1694 2959 1958 3024 statione
2006 2959 2244 3039 pedum
2299 2975 2507 3023 sacer-

559 3041 770 3108 dotum
811 3042 925 3124 qui
946 3041 1289 3122 portabant
1328 3061 1542 3109 arcam
1569 3044 1859 3127 foederis,
1903 3048 2385 3127 manseruntque
2415 3040 2509 3107 ibi

558 3146 760 3211 usque
802 3127 888 3194 ad
928 3125 1091 3193 hunc
1131 3128 1314 3195 diem.

559 2447 691 2508 tum
748 2440 909 2523 filiis
970 2442 1181 2508 Israel
1231 2447 1550 2524 perpetuo.

738 3301 796 3363 1.
851 3298 943 3364 Et
968 3298 1112 3381 fuit,
1138 3305 1494 3384 postquam.
1562 3299 1753 3382 Quod
1797 3300 2083 3367 breviter
2126 3309 2195 3366 et
2234 3298 2509 3365 obscure

562 3384 874 3469 attigerat
916 3383 997 3451 de
1041 3386 1208 3453 viris
1266 3384 1604 3453 duodecim
1622 3438 1640 3465 ,
1704 3406 1882 3453 nunc
1939 3385 2258 3470 prolixius
2315 3405 2510 3468 expo-

560 3472 683 3537 nit.
772 3470 1051 3537 Dixerat
1104 3473 1287 3538 iussu
1330 3473 1457 3538 Dei
1514 3472 1756 3539 electos
1813 3472 2016 3538 fuisse
2060 3490 2383 3556 quemque
2426 3491 2511 3537 ex

561 3575 683 3623 sua
724 3556 933 3622 tribu:
1001 3557 1116 3623 sed
1161 3556 1440 3642 abrupto
1494 3578 1797 3625 sermone
1844 3559 2043 3624 finem
2084 3557 2509 3624 subticuerat.

560 3642 755 3710 Nunc
808 3642 964 3709 dicit
1019 3643 1329 3709 mandato
1372 3643 1569 3710 Iosue
1626 3643 1969 3711 sustulisse
2027 3641 2369 3710 duodecim
2421 3643 2515 3708 la·

557 3728 745 3813 pides
789 3749 865 3795 ac
909 3727 1285 3813 deposuisse
1327 3728 1398 3794 in
1444 3729 1685 3815 Gilgal,
1731 3737 1806 3795 ut
1838 3729 2014 3813 apud
2056 3737 2353 3813 posteros
2395 3749 2511 3795 ex-

560 3821 767 3882 staret
827 3815 1086 3897 insigne
1152 3822 1669 3882 monumentum.
1758 3816 1965 3881 Porro
2034 3817 2189 3899 quia
2247 3822 2509 3881 tantum

559 3909 1043 3978 commemorat,
1132 3900 1287 3985 quid
1366 3901 1611 3967 factum
1683 3901 1880 3968 fuerit
1942 3910 2091 3986 post
2156 3900 2512 3967 transitum

560 3985 812 4071 populi:
879 3986 1049 4069 quod
1113 3986 1587 4070 interponitur,
1656 4008 1772 4071 per
1836 3996 2095 4070 tempus
2139 3986 2516 4071 plusquam—

556 4072 919 4158 perfectum
958 4071 1129 4139 verti
1164 4072 1373 4140 debet.
1440 4072 1759 4157 Copulam
1795 4094 1952 4140 vero
1986 4073 2128 4141 vice
2170 4072 2514 4139 rationalis

558 4157 920 4242 particulae
963 4158 1169 4243 accipi
1212 4158 1402 4226 facile
1443 4170 1733 4243 apparet.
1824 4156 2100 4226 Summa
2142 4169 2276 4235 est,
2327 4165 2512 4224 ante·

563 4265 761 4328 quam
803 4243 1036 4325 pedem
1095 4253 1438 4311 moverent
1495 4245 1862 4313 sacerdotes
1906 4266 1943 4311 e
1985 4243 2197 4310 medio
2239 4244 2511 4310 flumine

561 4328 676 4396 ubi
727 4329 1190 4411 constiterant,
1253 4329 1502 4415 lapides
1560 4331 1642 4398 ab
1701 4352 1926 4399 eorum
1981 4329 2259 4415 pedibus
2309 4330 2510 4397 fuisse

560 4423 892 4499 sumptos,
948 4423 1015 4480 et
1070 4415 1311 4482 locatos
1368 4418 1436 4482 in
1483 4416 1707 4503 Gilgal
1726 4468 1744 4496 ,
1816 4426 1893 4483 ut
1936 4417 2235 4502 perpetui
2292 4424 2514 4483 essent

560 4500 860 4568 miraculi
901 4508 1135 4568 testes.-
1178 4509 1375 4586 atquo
1415 4502 1510 4568 ita
1530 4502 1723 4570 Iosue
1758 4502 2037 4569 fideliter
2078 4502 2279 4569 fuisse
2321 4522 2512 4568 exse-

564 4597 843 4672 quutum
885 4586 1056 4671 quod
1093 4587 1277 4654 Deus
1314 4596 1750 4673 praeceperat.
1808 4588 2091 4655 Vocavit
2127 4608 2284 4673 ergo
2319 4587 2512 4654 Iosue

562 4674 745 4741 viros
779 4694 941 4756 quos
976 4680 1130 4738 ante
1163 4672 1520 4758 delegerat.-
1553 4675 1670 4741 sed
1701 4694 1834 4742 non
1869 4676 2111 4759 absque
2132 4675 2262 4741 Dei
2296 4674 2511 4741 iussu:

562 4780 691 4844 quo
754 4759 1002 4825 scilicet
1065 4759 1217 4843 plus
1281 4759 1651 4827 autoritatis
1710 4761 1981 4828 haberet
2043 4760 2512 4827 testimonium.

565 4844 740 4913 Nam
785 4846 842 4911 si
884 4844 1273 4927 trophaeum
1311 4845 1630 4912 eiusmodi
1670 4855 1904 4931 sponte
1946 4848 2261 4913 erexisset
2303 4846 2516 4928 Iosue,

562 4930 896 4997 laudanda
936 4930 1200 5014 quidem
1242 4930 1472 4998 fuisset
1513 4932 1655 4998 eius
1699 4933 1940 5015 pietas:
1984 4932 2100 4999 sed
2143 4940 2519 5017 contempta

563 5017 735 5083 forte
811 5016 1044 5083 fuisset
1120 5015 1482 5083 admonitio
1561 5027 1819 5084 tantum
1901 5018 2183 5085 hominis
2247 5019 2516 5085 arbitrio

562 5103 938 5169 constituta.
1026 5100 1221 5169 Nunc
1301 5109 1523 5168 autem
1599 5103 1713 5171 ubi
1786 5105 2051 5188 signum
2120 5106 2305 5173 Deus
2374 5105 2516 5189 ipse

566 5188 842 5269 attollit,
885 5187 953 5253 id
996 5188 1409 5275 negligenter
1451 5189 1807 5273 praeterire
1852 5191 2032 5257 nefas
2076 5199 2195 5258 est.
2282 5190 2518 5274 Itaque

740 5376 799 5447 1)
834 5377 908 5433 In
942 5379 1212 5448 marcius:
1248 5377 1418 5435 Hebr.
1458 5376 1517 5433 in
1551 5377 1733 5433 medio
1767 5376 1956 5434 vestri.

1741 448 2484 519 COMMENTARIUS
2532 450 2632 516 IN
2676 447 2959 517 IOSUE
3004 448 3202 515 OAP.
3247 447 3370 516 lv.

4422 445 4553 513 452

2603 647 3104 704 monumentum
3163 656 3420 703 summa
3476 636 3832 702 attentione
3878 635 4151 721 dignum
4205 636 4550 720 significat,

2601 723 2779 876 {laun}1
2816 724 2984 790 filios
3044 725 3529 807 interrogantes
3589 721 3872 801 inducit,
3940 722 4093 805 quid
4157 722 4282 788 sibi
4342 723 4554 788 velint

2713 832 2733 875 1
2780 831 2871 876 es.

2669 830 2710 894 p
2776 896 2835 961 7.
2906 896 3084 961 Tunc
3156 893 3602 977 respondeatis.
3701 891 4024 975 Quamvis
4100 914 4216 977 per
4279 915 4350 961 se
4416 916 4554 961 non

2603 982 2958 1066 loquantur
3015 980 3293 1064 lapides,
3354 988 3853 1045 monumentum
3903 984 4126 1044 tamen
4171 979 4554 1064 parentibus

2602 1068 2944 1134 materiam
2987 1064 3291 1150 loquendi
3333 1064 3664 1150 praebuit,
3711 1075 3787 1130 ut
3829 1065 3982 1131 filiis
4025 1073 4337 1132 testatum
4379 1068 4553 1134 face-

2605 1162 2755 1218 rent
2793 1154 2922 1219 Dei
2964 1151 3371 1219 beneficium.
3447 1152 3672 1234 Atque
3714 1149 3871 1218 hino
3905 1157 4045 1217 tum
4091 1172 4294 1236 propa
4431 1154 4556 1220 dae

2605 1240 2868 1323 pietatis
2911 1237 3198 1306 studium
3245 1237 3533 1322 exigitur
3571 1257 3612 1302 a
3653 1236 3918 1303 senibus
3931 1285 3948 1322 ‚
3995 1244 4135 1304 tum
4177 1259 4295 1303 eru
4340 1237 4553 1305 iendis

2606 1325 2830 1392 liberis
2892 1324 3204 1390 iubentur
3266 1343 3532 1407 operam
3595 1322 3990 1405 impendere.
4079 1324 4312 1389 Voluit
4374 1324 4554 1391 enim

2607 1431 2726 1496 per
2800 1409 3097 1495 singulas
3176 1416 3423 1475 aetates
3495 1408 3679 1474 Deus
3757 1408 3928 1475 hanc
4001 1406 4363 1475 doctrinam
4437 1431 4554 1494 per

2609 1518 2844 1563 manus
2904 1495 3109 1561 tradi:
3176 1506 3252 1560 ut
3309 1495 3424 1578 qui
3477 1501 3636 1562 tunc
3695 1492 3986 1560 nondum
4046 1495 4187 1561 nati
4231 1504 4454 1574 erant,
4514 1518 4554 1564 a

2607 1582 2991 1667 parentibus
3047 1589 3268 1646 tamen
3325 1579 3571 1658 edocti,
3635 1586 3834 1645 testes
3888 1589 4106 1646 essent
4162 1602 4247 1647 ex
4291 1582 4554 1648 auditu:

2608 1668 2908 1753 quamvis
2977 1687 3116 1733 rem
3176 1665 3380 1732 oculis
3444 1685 3575 1730 non
3648 1664 3984 1733 vidissent.
4071 1667 4206 1733 Pro
4278 1687 4553 1734 numero

2607 1763 2826 1820 autem
2871 1753 3159 1819 tribuum
3248 1752 3397 1818 ositi
3441 1759 3599 1817 sunt
3640 1750 3904 1835 lapides,
3950 1760 4028 1818 ut
4061 1751 4362 1837 singulae
4403 1774 4553 1837 pro-

2607 1841 2749 1926 prio
2807 1838 3110 1925 symbolo
3154 1773 3246 1904 ag
3294 1836 3762 1922 gratitudinem
3821 1838 4275 1905 incitarentur.
4366 1840 4556 1905 Duae

2609 1925 2873 2010 quidem
2930 1923 3145 1990 tribus
3187 1931 3256 1990 et
3309 1922 3579 1989 dimidia
3596 1969 3613 1998 ‚
3678 1923 3914 2007 quibus
3970 1932 4154 1991 trans
4202 1924 4556 1991 Iordanem

2609 2011 2930 2097 obtigerat
2971 2007 3360 2089 haereditas,
3407 2008 3690 2075 transitu
3724 2009 3838 2075 illo
3880 2029 4172 2076 seorsum
4217 2031 4378 2094 opus
4421 2031 4556 2077 non

2609 2098 2992 2164 habuerant.
3082 2094 3216 2163 Sed
3281 2095 3433 2178 quia
3493 2096 3568 2159 in
3638 2114 3982 2162 commune
4046 2095 4292 2162 bonum
4356 2099 4556 2163 totius

2610 2183 2872 2268 generis
2915 2180 3224 2247 Abrahae
3258 2200 3560 2265 possessa
3603 2202 3643 2246 a
3686 2181 3955 2264 reliquis
3992 2183 4113 2247 fuit
4155 2189 4335 2249 terra
4379 2181 4558 2249 Cha-

2609 2289 2786 2334 naan
2802 2319 2818 2347 ,
2877 2267 3169 2352 separari
3212 2267 3374 2333 alios
3416 2266 3499 2332 ab
3542 2264 3688 2333 aliis
3730 2287 3861 2332 non
3905 2268 4225 2352 oportuit,
4276 2289 4556 2352 quorum

2609 2354 2840 2422 eadem
2905 2353 3011 2421 vel
3074 2352 3436 2419 communis
3499 2364 3641 2418 erat
3703 2353 3889 2419 ratio.
3976 2353 4128 2419 Etsi
4188 2375 4344 2419 vero
4403 2353 4558 2420 hao-

2609 2448 2804 2507 tenus
2859 2460 2994 2505 non
3050 2438 3181 2504 nisi
3236 2437 3571 2506 duodecim
3627 2439 3923 2505 virorum
3976 2440 4148 2505 facta
4204 2439 4330 2506 fnit
4372 2461 4558 2505 men-

2611 2526 2733 2606 tio,
2809 2547 2896 2593 ex
2951 2523 3242 2625 clausula
3274 2531 3519 2625 ‘tamen
3588 2534 3887 2608 apparet,
3928 2610 3942 2625 .
3968 2526 4375 2625 propositum
4432 2525 4556 2626 toti

2610 2608 4555 2781 3:23?.{⁰.2⁸.2}.33¹..¹¹22¹‡3??¹1⁰3.11.‘3”¹adamitae{¹52

2612 2784 2824 2852 babile
2889 2792 3020 2862 est,
3090 2782 3424 2866 suffragiis
3480 2782 3682 2848 fnisse
3756 2782 4065 2865 delectos,
4133 2783 4242 2867 qui
4307 2781 4558 2867 lapides

2613 2869 2950 2937 deferrent
2991 2868 3284 2934 omnium
3326 2869 3609 2933 nomine.

2781 2956 2843 3022 9.
2905 2954 3254 3022 Duodecim
3296 2973 3534 3036 quoque
3571 2953 3834 3035 lapides.
3920 2953 4164 3021 Nullus
4217 2953 4339 3020 sub
4382 2975 4558 3039 aqua

2615 3041 2876 3107 videtur
2938 3040 3140 3107 fuisse
3213 3039 3507 3124 lapidum
3574 3057 3765 3106 usus:
3848 3038 4122 3124 ideoque
4199 3039 4556 3107 absurdum

2612 3126 2812 3194 fnisse
2867 3124 3115 3210 lapides
3172 3126 3444 3192 obruere
3500 3126 3572 3190 in
3626 3126 3768 3191 loco
3878 3126 4179 3192 refundo.
4265 3126 4438 3192 Nam
4483 3125 4556 3192 in

2614 3212 2760 3281 aliis
2814 3213 2926 3297 qui
2968 3211 3165 3278 locati
3206 3212 3470 3277 fuerunt
3510 3213 3583 3276 in
3630 3211 3739 3277 Gi}
3870 3262 3887 3290 ,
3943 3212 4099 3296 quia
4140 3210 4356 3295 palam
4400 3233 4556 3280 con-

2612 3298 3054 3383 spiciebantur
3070 3348 3087 3379 ,
3132 3294 3287 3363 data
3330 3297 3453 3363 fuit
3495 3296 3866 3380 inquirendi
3910 3298 4174 3364 occasio.
4262 3299 4355 3364 At
4397 3318 4557 3364 vero

2614 3383 3024 3452 absconditos
3102 3383 3184 3450 ab
3270 3382 3612 3448 hominum
3698 3382 3903 3450 oculis
3984 3385 4054 3449 in
4131 3383 4263 3450 imo
4348 3383 4557 3450 fundo

2612 3471 2820 3537 latere
2875 3466 3041 3536 nihil
3097 3468 3346 3553 profuit
3388 3467 3472 3534 ad
3513 3477 3769 3535 mentes
3818 3467 4217 3536 excitandas.
4304 3468 4557 3536 Inutile

2614 3556 2912 3642 quidem,
2973 3556 3213 3639 fateor,
3258 3554 3490 3621 fnisset
3523 3562 4025 3655 monumentum
4068 3554 4328 3622 silentio
4371 3576 4558 3654 pror·

2613 3664 2755 3794 232.
2766 3641 3179 3794 usitat...
3206 3640 3602 3811 mig-¹:22?
3616 3649 3932 3793 efflat
3947 3640 4560 3804 ,Ἓὶἷῖἷὲῗέἓᾶξῖ

2614 3813 3176 3881 confirmationem
3233 3812 3459 3878 audire
3515 3812 3685 3895 quod
3731 3834 3862 3878 non
3921 3812 4294 3879 cernebant.
4384 3815 4565 3879 Arca

2613 3900 2891 3967 foederis
2953 3898 3324 3965 sanctuario
3381 3897 3641 3964 inclusa
3699 3906 3869 3977 erat,
3938 3907 4004 3963 et
4061 3899 4355 3983 opposito
4413 3898 4561 3966 velo

2614 3993 2679 4051 te
2724 3986 2987 4052 ebatur.-
3026 4006 3237 4068 neque
3281 3992 3505 4050 tamen
3541 3986 3757 4051 fructu
3791 3985 4052 4052 carebat
4085 3984 4378 4051 occultus
4419 3985 4564 4051 eius

2613 4007 2947 4155 splendor,
2991 4092 3188 4154 quum
3238 4091 3322 4136 ex
3364 4070 3510 4155 lege
3555 4070 3916 4151 discerent,
3969 4068 4382 4138 reconditum
4424 4070 4564 4137 illic

2614 4178 2756 4225 esse
2803 4157 2929 4224 Dei
2987 4156 3235 4223 foedus.
3322 4157 3554 4223 Potest
3597 4155 3795 4222 etiam
3838 4157 4016 4236 fieri,
4074 4163 4150 4222 ut
4190 4177 4392 4239 quum
4434 4158 4562 4222 flu-

2613 4244 2766 4312 vius
2787 4244 3211 4322 minueretur,
3232 4240 3565 4308 interdum
3588 4243 3967 4328 apparuerit
3988 4261 4301 4309 cacumen
4323 4242 4562 4309 acervi.

2613 4330 2868 4397 Verum
2932 4328 3105 4414 quod
3172 4329 3309 4395 dixi
3375 4329 3583 4413 magis
3647 4327 3981 4412 probabile
4046 4335 4175 4407 est,
4306 4328 4565 4395 uamvis

2613 4414 2866 4500 lapides
2905 4414 3242 4481 defoderat
3284 4415 3476 4481 Iosue
3517 4415 3589 4479 in
3630 4414 3847 4481 medio
3890 4434 4109 4495 amne,
4157 4414 4412 4480 utiliter
4451 4433 4565 4480 co·

2615 4523 2758 4567 ram
2823 4499 3062 4585 populo
3127 4501 3350 4567 fixisse
3421 4500 3870 4568 testimonium
3888 4551 3905 4580 ,
3972 4500 4144 4585 quod
4218 4500 4563 4567 hominum

2616 4608 2914 4654 sermone
2958 4594 3183 4672 postea
3223 4586 3679 4654 celebraretur.

2796 4759 2890 4825 10.
2963 4757 3322 4825 Sacerdotes
3384 4764 3589 4824 autem
3641 4761 3966 4839 portantes
4028 4777 4244 4823 arcam
4317 4757 4567 4823 stabant

2615 4848 2687 4913 in
2749 4845 2952 4911 medio
3016 4844 3321 4911 Iordanis
3382 4845 3566 4911 donec
3626 4843 4031 4925 compleretur
4096 4845 4303 4909 omnis
4360 4862 4568 4909 sermo

2615 4952 2796 5014 quem
2840 4935 3245 5012 praeceperat
3300 4928 3529 4996 Iehooa
3581 4930 3666 4997 ad
3711 4929 4001 5007 Iosuam,
4069 4933 4140 4994 ut
4193 4928 4416 4995 diceret
4445 4948 4566 5011 po—

2604 5017 2790 5101 pulo:
2834 5036 3112 5097 prorsus
3150 5021 3220 5081 ut
3252 5021 3655 5100 praeceperat
3698 5016 3909 5082 Moses
3951 5015 4080 5097 ipsi
4124 5014 4176 5079 I
4169 5034 4345 5081 osue:
4388 5015 4569 5097 festi-

2613 5103 2794 5168 navit
2824 5107 3031 5169 autem
3052 5102 3332 5184 populus
3350 5103 3742 5169 transeundo.
3807 5103 3906 5168 11.
3949 5102 4154 5183 Quum
4185 5120 4327 5167 vero
4361 5106 4569 5166 trans-

2616 5189 2820 5255 eundo
2862 5188 3049 5271 finem
3091 5188 3339 5271 fecisset
3378 5189 3709 5255 universus
3737 5186 4034 5270 populus,
4076 5186 4372 5252 transivit
4410 5205 4568 5251 arca

2621 5273 2901 5355 Iehovae,
2944 5280 3001 5340 et
3033 5275 3377 5341 sacerdotes
3418 5295 3627 5341 coram
3657 5274 3912 5356 populo.
3989 5271 4090 5338 12.
4141 5272 4574 5338 Transierunt

2619 5380 2855 5445 quoque
2906 5361 3034 5443 filii
3081 5360 3330 5440 Ruben,
3405 5366 3461 5425 et
3506 5360 3634 5442 tilii
3682 5360 3859 5440 Gad,
3925 5364 3984 5425 et
4036 5358 4310 5425 dimidia
4362 5356 4573 5424 tribus
