5017 6142
594 463 721 531 467
1663 512 1667 516 -
1784 460 2527 531 COMMENTARIUS
2573 461 2673 528 IN
2715 460 2997 533 IOSUE
3044 462 3247 532 OAP.
3292 464 3412 530 VI.
4476 464 4606 532 468

598 654 671 720 in
760 660 901 719 arte
936 650 1252 738 quidquid
1293 650 1753 721 sollicitudinis
1787 673 1900 719 eos
1936 653 2234 738 angebat,
2282 651 2553 719 relicere

597 740 671 806 in
801 760 952 805 eum
1019 738 1337 823 oportuit:
1408 739 1563 822 quia
1622 748 1848 806 sancta
1906 746 2007 804 est
2061 759 2227 822 quae
2282 739 2356 803 in
2413 737 2554 803 eius

599 823 1083 909 providentiam
1125 824 1450 891 recumbit
1493 824 1829 892 securitas.
1899 823 2195 891 Accessit
2237 823 2319 890 ad
2366 844 2556 889 exer-

598 911 875 979 cendam
918 932 1143 978 eorum
1185 910 1597 976 tolerantiam
1638 910 1920 994 repetita
1963 929 2080 994 per
2123 918 2371 993 septem
2416 908 2555 974 dies

601 998 786 1063 urbis
852 998 1174 1064 lustratio.
1277 996 1456 1079 Quid
1523 996 1699 1062 enim
1764 996 1983 1063 minus
2047 1002 2555 1062 consentaneum

601 1103 798 1168 quam
865 1083 1078 1150 sexies
1157 1082 1403 1166 absque
1484 1081 1779 1166 profectu
1843 1103 1914 1149 se
1978 1080 2299 1166 fatigare?
2408 1080 2555 1146 Iam

599 1189 913 1253 quorsum
979 1169 1315 1235 silentium
1334 1219 1351 1247 ,
1408 1167 1538 1234 nisi
1596 1176 1668 1233 ut
1725 1165 2143 1233 timiditatem
2195 1165 2549 1251 prodend0,

600 1255 823 1321 hostes
865 1255 948 1321 ad
983 1273 1271 1339 pugnam
1313 1253 1643 1334 elicerent,
1687 1253 1921 1338 quibus
1956 1260 2180 1319 tamen
2215 1272 2557 1319 occurrere

603 1341 863 1407 animus
921 1362 1053 1406 non
1113 1338 1303 1406 erat?
1400 1340 1656 1405 Verum
1720 1339 1878 1423 quia
1934 1338 2192 1424 profani
2255 1337 2555 1404 homines

598 1428 934 1493 ferventer
975 1426 1330 1511 satagendo
1375 1445 1569 1509 saepe
1621 1425 1842 1491 omnia
1875 1425 2150 1492 miscent
2182 1445 2258 1491 ac
2291 1444 2556 1508 perver-

600 1519 770 1589 tunt,
818 1511 1074 1579 tacendi
1118 1521 1185 1577 et
1227 1509 1602 1595 quiescendi
1644 1510 1824 1577 vices
1867 1511 2005 1577 suis
2038 1510 2325 1595 iniungit
2348 1509 2554 1589 Deus,

599 1617 729 1683 quo
773 1618 844 1664 se
887 1598 972 1664 ad
1016 1594 1435 1679 exsequenda
1476 1596 1860 1681 simpliciter
1902 1597 2043 1663 eius
2096 1597 2277 1663 iussa
2319 1595 2555 1663 melius

601 1684 1055 1750 assuefaciant.
1142 1683 1291 1749 Hoc
1335 1703 1589 1766 quoque
1632 1688 1862 1749 notatu
1906 1680 2179 1767 dignum
2225 1687 2359 1759 est,
2417 1700 2553 1747 non

602 1769 899 1852 depromi
941 1789 979 1834 e
1024 1769 1400 1836 sanctuario
1442 1775 1787 1853 argenteas
1831 1769 2045 1848 tubas,
2088 1767 2327 1851 quibus
2372 1765 2554 1832 clan-

737 1862 768 1919 t
823 1855 1226 1922 sacerdotes:
1292 1853 1407 1921 sed
1465 1862 1722 1919 tantum
1780 1873 2026 1920 cornua
2083 1854 2361 1919 arietina
2421 1851 2557 1918 illis

648 1940 768 2006 ari.
857 1941 1055 2007 Certe
1112 1940 1193 2006 ad
1251 1938 1716 2007 confidentiam
1773 1939 1967 2024 longe
2027 1937 2172 2022 plus
2240 1938 2558 2005 valuisset

605 2046 941 2093 sacrarum
984 2026 1287 2092 tubarum
1331 2026 1614 2092 sonitus:
1670 2025 1786 2091 sed
1842 2024 2080 2091 melius
2129 2024 2397 2108 probata
2431 2024 2558 2090 fuit

606 2133 830 2178 eorum
893 2110 1292 2190 obedientia,
1358 2109 1515 2177 dum
1578 2110 1873 2195 symbolo
1939 2111 2205 2196 vulgari
2269 2111 2556 2177 contenti

605 2198 895 2264 fuerunt.
983 2197 1190 2264 Porro
1235 2199 1328 2262 ita
1370 2196 1673 2281 dispositi
1715 2196 1986 2263 fuerunt
2027 2216 2434 2281 progressus,
2479 2202 2559 2261 ut

604 2285 819 2350 maior
870 2304 1024 2368 pars
1088 2303 1307 2350 arcam
1373 2280 1790 2366 praecederet
1854 2303 2021 2367 quac
2085 2303 2202 2366 per
2265 2289 2557 2349 armatos

606 2369 1028 2454 intelligitur:
1074 2378 1509 2454 sequerentur
1548 2379 1766 2435 autem
1802 2370 1916 2453 qui
1949 2367 2250 2435 solebant
2283 2365 2560 2452 impedi-

610 2461 837 2522 menta
871 2453 1191 2521 comitari.
1258 2454 1434 2521 Nam
1470 2474 1701 2521 eorum
1738 2461 1879 2520 erat
1912 2475 2141 2522 curare
2185 2474 2271 2519 ne
2312 2460 2562 2538 postre-

606 2562 790 2607 mum
816 2561 1053 2625 agmen
1075 2540 1529 2624 dissiparetur.
1595 2539 1772 2622 Quia
1812 2561 2053 2606 nomen
2096 2539 2560 2625 congregantis

605 2626 957 2693 obscurum
1025 2634 1200 2707 erat,
1267 2625 1525 2695 reddidi
1589 2624 1763 2710 quod
1836 2635 1979 2695 erat
2043 2625 2217 2710 apud
2275 2625 2560 2692 Latinos

606 2713 821 2797 magis
897 2712 1235 2779 usitatum.
1346 2710 1543 2793 Quod
1620 2711 1822 2777 tribui
1899 2710 2055 2777 Dan
2133 2711 2256 2778 has
2333 2719 2557 2796 partes

606 2797 878 2948 quidam
921 2798 1296 2864 attribuunt
1337 2797 1607 2864 firmum
1646 2818 1780 2864 non
1826 2804 1958 2878 est,
2019 2796 2170 2880 quia
2227 2804 2385 2863 tunc
2427 2818 2559 2863 non

639 2890 880 2950 uerunt
921 2903 1040 2967 pro
1084 2903 1268 2949 more
1312 2883 1589 2949 aliarum
1630 2882 2121 2967 expeditionum
2156 2882 2471 2966 dispositi.

782 2966 883 3035 15.
944 2967 1067 3036 Ubi
1108 2970 1361 3037 advenit
1398 2968 1714 3052 septimus.
1779 2968 1911 3035 Hic
1945 2988 2199 3053 quoque
2245 2968 2424 3035 visus
2460 2975 2563 3034 est

607 3053 797 3123 Deus
841 3055 1035 3121 toties
1088 3054 1405 3139 populum
1463 3054 1965 3141 circumagendo
2007 3076 2141 3120 non
2186 3054 2378 3120 modo
2419 3075 2563 3120 rem

608 3149 837 3207 tenere
879 3161 1266 3225 suspensam
1284 3188 1301 3218 ‚
1356 3139 1477 3207 sed
1533 3141 1808 3208 miseros
1851 3141 1964 3225 qui
2006 3141 2254 3207 frustra
2296 3161 2367 3206 se
2410 3139 2563 3206 fati-

608 3227 890 3312 gabant,
934 3227 1088 3293 data
1129 3248 1327 3311 opera
1368 3225 1713 3295 ludificari.
1801 3226 1941 3294 Cur
1985 3226 2164 3293 enim
2211 3226 2362 3292 dere
2446 3233 2563 3292 nte

609 3311 842 3378 urbem
885 3313 1157 3399 aggredi
1200 3334 1337 3379 non
1378 3311 1607 3378 iubet?
1676 3312 1818 3380 Gur
1859 3313 1933 3378 in
1977 3311 2257 3397 pristino
2300 3312 2357 3377 si
2383 3312 2564 3377 antio

611 3418 820 3482 usque
877 3398 961 3465 ad
1013 3398 1473 3466 lassitudinem
1529 3419 1642 3465 eos
1687 3398 2006 3480 continet,
2064 3418 2276 3482 neque
2319 3419 2436 3465 ora
2479 3397 2564 3463 ad

609 3483 1105 3551 vociferandum
1191 3483 1450 3569 aperit?
1560 3484 1814 3552 Verum
1901 3483 2096 3551 huius
2176 3483 2566 3551 tolerantiae

611 3569 870 3637 fructus
924 3568 1139 3651 docet,
1202 3569 1374 3636 nihil
1439 3589 1585 3636 esse
1641 3570 1878 3637 melius
1934 3589 2134 3654 quam
2188 3577 2566 3654 temporum

613 3655 945 3734 articulos,
983 3665 1050 3722 et
1081 3654 1320 3741 agendi
1354 3655 1878 3740 opportunitates
1913 3656 2286 3739 relinquere
2321 3656 2389 3723 in
2424 3656 2566 3722 eius

613 3740 916 3821 arbitrio,
975 3762 1192 3826 neque
1234 3741 1656 3807 festinatione
1698 3750 1925 3808 nostra
1967 3749 2380 3809 antevertere
2423 3743 2567 3809 eius

611 3827 1110 3913 providentiam,
1144 3827 1217 3892 in
1239 3846 1368 3911 qua
1402 3827 1531 3894 nisi
1566 3829 2052 3911 acquiescimus,
2086 3827 2265 3894 viam
2284 3826 2566 3893 obstrui-

612 3934 765 3980 mus
810 3915 948 3981 eius
994 3914 1247 3980 virtuti.
1338 3911 1560 3995 Quum
1620 3933 1777 3999 ergo
1831 3913 1989 3980 tuba
2033 3913 2417 3998 clangerent
2460 3933 2568 3979 sa-

611 3999 926 4080 cerdotes,
961 3999 1172 4066 voluit
1193 3999 1379 4066 Deus
1413 4000 1724 4083 populum
1759 4019 1881 4066 suo
1904 3999 2187 4065 clamore
2209 3999 2565 4080 succinere,

611 4093 690 4152 ut
732 4085 861 4152 hoc
904 4084 1291 4153 documento
1334 4083 1670 4169 probaret,
1735 4084 1955 4152 nullos
1996 4084 2280 4169 impetus
2322 4105 2483 4169 quos
2527 4106 2569 4151 a

613 4191 687 4241 se
720 4171 881 4255 ipsis
917 4172 1211 4238 excitant
1243 4170 1544 4238 homines
1579 4170 1701 4238 sibi
1742 4169 2036 4254 probari:
2081 4170 2196 4237 sed
2231 4171 2301 4236 in
2381 4170 2568 4238 rimis

614 4256 862 4342 requiri
906 4256 1030 4323 zeli
1072 4256 1616 4335 moderationem,
1683 4256 1872 4324 cuius
1929 4256 2127 4324 unica
2171 4277 2331 4341 regu
2361 4277 2401 4321 a
2444 4265 2565 4335 est,

614 4361 738 4409 nec
775 4343 1103 4427 linguam,
1162 4364 1285 4410 nec
1327 4342 1558 4426 pedes,
1612 4362 1734 4409 nec
1777 4363 2012 4410 manus
2051 4363 2317 4409 movere
2362 4342 2568 4409 donec

613 4430 754 4513 ipse
791 4426 1167 4513 praecipiat.
1213 4427 1480 4495 Cornua
1515 4430 1693 4494 enim
1729 4428 2007 4496 arietina
2042 4428 2187 4496 eius
2212 4428 2567 4511 imperium

615 4513 797 4582 haud
837 4512 1032 4580 dubie
1072 4522 1670 4598 repraesentarunt.

792 4600 894 4666 17.
939 4598 1097 4666 Erit
1130 4599 1279 4665 urbs
1326 4598 1673 4667 anathema.
1763 4598 2161 4684 Quanquam
2204 4599 2389 4666 Deus
2432 4608 2566 4667 sta-

615 4693 863 4765 tuerat,
905 4706 990 4770 po
1038 4685 1224 4751 ulum
1263 4706 1456 4751 suum
1502 4706 1634 4752 non
1675 4684 1870 4752 modo
1915 4685 2172 4771 spoliis,
2216 4694 2284 4752 et
2327 4685 2571 4770 praeda

618 4772 861 4839 ditare:
904 4791 976 4838 se
1057 4770 1257 4837 etiam
1291 4771 1506 4838 locare
1539 4771 1609 4837 in
1645 4769 1918 4837 urbibus
1952 4792 2115 4856 quas
2149 4793 2281 4837 non
2315 4779 2572 4839 exstru-

618 4866 882 4926 xerant:
950 4856 1303 4943 peculiaris
1358 4864 1581 4923 tamen
1624 4856 1793 4922 ratio
1834 4856 1962 4923 fuit
2002 4857 2072 4923 in
2118 4857 2333 4941 prima
2375 4858 2569 4924 urbe:

620 4944 775 5028 quia
838 4963 1121 5028 aequum
1196 4942 1326 5008 fuit
1396 4950 1712 5027 tanquam
1784 4943 2107 5026 primitias
2184 4944 2567 5011 consecrari.

618 5029 853 5113 Itaque
893 5037 1030 5096 tam
1089 5028 1388 5095 aedificia
1443 5049 1638 5112 quam
1696 5027 2212 5112 suppellectilem
2269 5029 2393 5096 sibi
2449 5029 2571 5094 uni

621 5116 873 5194 asserit,
918 5135 996 5181 ac
1040 5122 1222 5183 vetat
1261 5112 1620 5200 quidquam
1664 5113 1734 5178 in
1777 5114 2064 5198 privatos
2086 5135 2244 5181 usus
2267 5115 2570 5182 conferri.

620 5200 846 5268 Potuit
904 5199 1164 5285 quidem
1222 5200 1347 5268 hoc
1404 5199 1796 5285 tyrocinium
1854 5220 2059 5284 grave
2112 5208 2178 5267 et
2220 5200 2571 5268 molestum

623 5306 767 5353 esse
809 5287 1082 5371 populo,
1140 5287 1313 5354 ultro
1358 5286 1583 5353 domos
1626 5293 1958 5365 evertere,
2002 5285 2075 5351 in
2118 5286 2352 5370 quibus
2395 5308 2572 5354 com·

621 5370 817 5438 mode
850 5371 1273 5454 habitassent,
1318 5380 1386 5440 et
1416 5392 1835 5456 corrumpere
1870 5391 2037 5456 quae
2071 5372 2261 5439 utilia
2292 5372 2573 5439 fuissent

2659 650 2970 718 subsidia.
3059 650 3194 719 Sed
3239 651 3462 718 debuit
3506 652 3730 736 aequis
3774 651 4043 731 animis,
4103 652 4258 736 quia
4302 674 4342 719 a
4387 673 4607 738 pugna

2659 736 3089 815 abstinuerat,
3125 738 3433 822 praedam
3471 759 3600 803 non
3638 737 3992 823 attingere:
4031 736 4302 822 Deoque
4324 737 4606 805 libenter

2656 821 2886 890 cedere
2925 845 3001 891 ac
3044 827 3378 890 remittere
3421 824 3734 891 victoriae
3776 824 4170 908 praemium,
4229 825 4413 890 cuius
4467 824 4607 891 solo

2658 918 2823 975 nutu
2868 910 3038 975 muri
3081 909 3265 976 urbis
3310 918 3708 988 corruerant,
3755 919 3821 975 et
3865 931 3993 974 una
4036 931 4186 977 cum
4221 909 4357 976 illis
4391 912 4608 978 conci-

2658 993 2893 1061 derant
2934 997 3177 1063 civium
3221 996 3447 1061 animi.
3533 994 3722 1063 Deus
3778 995 4043 1079 quidem
4091 996 4214 1062 hoc
4255 995 4608 1081 gratitudi-

2657 1081 2763 1147 nis
2816 1082 3092 1167 pignore
3149 1083 3244 1148 ita
3300 1089 3645 1149 contentus
3699 1081 3855 1162 fuit,
3914 1090 3988 1147 ut
4046 1090 4268 1148 tamen
4409 1082 4609 1166 pulus

2658 1174 2913 1233 mature
2961 1167 3258 1249 disceret,
3301 1166 3467 1233 nihil
3511 1167 3639 1233 nisi
3683 1189 3769 1232 ex
3855 1165 4103 1232 ratuita
4144 1168 4285 1234 eius
4352 1168 4609 1234 iberali-

2659 1261 2795 1318 tate
2829 1273 2973 1319 esse
3007 1274 3223 1319 suum.
3291 1253 3543 1319 Eodem
3587 1253 3764 1319 enim
3806 1273 3952 1318 iure
3994 1252 4293 1321 addictae
4325 1253 4611 1320 fuissent

2659 1338 2824 1403 aliae
2859 1359 3112 1424 quoque
3147 1339 3343 1406 urbes
3380 1338 3650 1418 excidio,
3695 1339 3823 1405 nisi
3858 1338 4011 1422 quia
4044 1339 4181 1406 suis
4217 1338 4612 1407 habitandas

2658 1426 2997 1491 concessit.
3086 1426 3189 1492 De
3247 1446 3402 1492 voce
3447 1437 3586 1493 ῦἿΠ
3636 1424 3927 1492 breviter
3983 1423 4050 1490 id
4111 1432 4373 1492 tantum
4431 1445 4611 1493 nuno

2656 1518 2950 1594 repetam
2991 1532 3075 1577 ex
3118 1510 3263 1578 aliis
3305 1510 3498 1577 locis:
3545 1510 3702 1576 dum
3744 1511 4024 1577 refertur
4066 1510 4149 1577 ad
4184 1531 4404 1577 sacras
4437 1511 4612 1578 obla-

2660 1596 2904 1679 tiones,
2961 1618 3078 1681 pro
3134 1596 3483 1664 abolitione
3541 1597 3714 1663 sumi
3772 1596 4112 1663 hominum
4157 1607 4490 1680 respectu,
4535 1606 4612 1665 ut

2660 1681 2856 1748 rebus
2900 1703 2975 1748 eo
3017 1682 3208 1749 modo
3252 1682 3503 1749 devotis
3547 1703 3683 1748 non
3724 1702 3912 1748 secus
3955 1682 4383 1761 renuncient‚
4433 1704 4510 1750 ac
4553 1684 4612 1750 si

2658 1768 2731 1833 in
2775 1767 3056 1834 nihilum
3099 1777 3321 1835 essent
3363 1767 3684 1836 redactae.
3751 1767 3833 1833 Id
3868 1775 3971 1834 est
4004 1768 4280 1835 Graecis
4322 1767 4611 1848 ἀνάθημα

2658 1855 2768 1920 vel
2801 1852 3083 1934 ἀνάθεμα
3115 1854 3305 1938 quasi
3339 1855 3726 1938 sepositum:
3772 1874 3893 1920 nos
3925 1853 4155 1938 lingua
4188 1853 4427 1940 gallica
4460 1866 4612 1939 apte

2659 1939 3081 2006 interdictum
3127 1959 3455 2008 vocamus.
3544 1940 3724 2007 Hinc
3768 1939 4170 2021 exhortatio,
4216 1952 4292 2006 ut
4334 1950 4613 2008 caveant

2662 2025 2742 2093 ab
2788 2025 3237 2093 anathemate:
3284 2025 3440 2110 quia
3484 2026 3771 2109 perierat
3812 2025 4024 2107 quoad
4065 2025 4392 2107 homines,
4438 2026 4612 2111 quod

2659 2110 2779 2177 uni
2837 2111 2980 2177 Deo
3052 2120 3193 2178 erat
3257 2120 3656 2196 separatum.
3760 2110 3977 2176 Aliter
4042 2112 4341 2196 proximo
4411 2133 4612 2179 versu

2661 2198 3008 2282 accipitur,
3062 2219 3147 2263 ne
3203 2207 3418 2265 castra
3461 2196 3674 2263 Israel
3715 2198 3852 2263 sint
3892 2197 3962 2261 in
4008 2197 4394 2277 anathema,
4455 2198 4612 2283 quia

2661 2284 3047 2368 simpliciter
3086 2290 3357 2350 notatur
3397 2282 3748 2360 excidium,
3794 2282 4088 2366 perditio,
4136 2284 4243 2350 vel
4285 2285 4613 2352 interitus.

2661 2370 2870 2436 Porro
2924 2390 3084 2435 vasa
3139 2389 3225 2435 ex
3275 2368 3559 2436 metallis
3611 2368 3966 2435 fabrefacta
4022 2368 4379 2437 destinavit
4431 2370 4615 2437 Deus

2659 2454 2730 2521 in
2774 2475 2972 2522 usum
3007 2455 3381 2533 sanctuarii,
3418 2454 3548 2521 alia
3580 2454 3803 2522 omnia
3836 2454 4139 2522 incendio
4173 2457 4472 2523 consumi
4505 2455 4620 2523 vel

2662 2540 2812 2608 aliis
2853 2540 3066 2607 modis
3108 2539 3313 2607 deleri
3352 2540 3568 2607 iussit.

2838 2711 2943 2778 20.
2989 2713 3213 2796 Itaque
3246 2712 3622 2795 vociferatus
3655 2717 3745 2779 est
3765 2711 4048 2795 populus
4077 2717 4419 2794 postquam
4451 2712 4621 2779 elan-

2666 2802 2893 2864 xer-met
2954 2798 3138 2864 tabis.
3254 2799 3459 2880 Quum
3521 2799 3689 2864 enim
3746 2799 4027 2865 audisset
4080 2797 4356 2882 popalus
4416 2818 4621 2867 vocem

2667 2884 2959 2950 &abarum
2982 2934 3000 2965 ,
3085 2883 3460 2967 vociferatus
3522 2888 3614 2950 est
3671 2884 4105 2967 vociferatione
4157 2885 4447 2951 maxima
4468 2936 4485 2965 ,
4561 2890 4619 2951 et

2665 2969 2882 3037 cecidit
2956 2989 3183 3036 murus
3272 2969 3492 3036 subtus
3506 3015 3524 3047 ‚
3609 2974 3743 3035 tum
3835 2970 4114 3035 ascendit
4177 2970 4462 3053 populus
4542 2971 4614 3035 in

2665 3055 2878 3122 urbem
2915 3056 3178 3139 quisque
3212 3076 3245 3121 e
3285 3055 3531 3140 reqione
3560 3074 3700 3137 sua,
3742 3059 3801 3121 et
3838 3060 4128 3138 ceperant
4160 3076 4316 3123 eam.
4383 3056 4488 3122 21.
4526 3055 4616 3123 Et

2655 3141 3069 3225 perdiderant
3110 3141 3324 3207 omnia
3365 3161 3524 3224 quae
3562 3145 3745 3209 erant
3785 3142 3857 3207 in
3919 3140 4070 3206 urbe
4087 3191 4105 3222 ,
4158 3163 4201 3207 a
4238 3143 4377 3209 viro
4420 3162 4616 3227 usque

2667 3228 2753 3295 ad
2793 3226 3148 3305 manerem,
3191 3247 3469 3310 apuero
3509 3246 3707 3308 usque
3748 3227 3833 3293 ad
3885 3246 4125 3309 senern,
4180 3228 4269 3294 ad
4311 3226 4519 3296 bovem
4560 3232 4614 3294 et

2668 3332 2855 3394 ovem,
2898 3317 2953 3378 et
2986 3313 3261 3391 asinum,
3306 3313 3440 3380 acie
3471 3313 3694 3397 yladii.
3763 3312 3869 3380 22.
3912 3311 4181 3380 Duobus
4213 3317 4424 3379 autem
4454 3314 4616 3381 viris

2668 3400 2779 3483 qui
2842 3398 3319 3481 exploraverant
3391 3403 3623 3464 terram
3682 3397 3849 3465 dixit
3913 3399 4132 3466 Iosue:
4192 3396 4616 3484 Inyredimim'

2668 3485 2917 3551 domum
2963 3484 3251 3551 mulieris
3304 3483 3674 3563 meretricis,
3734 3490 3790 3551 et
3846 3484 3992 3550 inde
4048 3485 4282 3553 educite
4336 3505 4511 3568 eam,
4563 3490 4618 3550 et

2668 3590 3059 3654 quaecunque
3098 3569 3296 3651 habet,
3337 3569 3851 3652 quenadmodum
3891 3570 4162 3636 iurastis
4202 3571 4279 3639 ei.
4354 3571 4462 3638 23.
4507 3571 4615 3637 In-

2664 3658 2869 3742 yressi
2902 3657 3113 3739 itaque
3145 3656 3574 3737 exploratores
3604 3656 3951 3722 eduxerunt
3970 3654 4247 3738 Raehab,
4289 3661 4344 3723 et
4367 3662 4615 3740 patrem

2669 3744 2840 3820 eius,
2897 3747 2955 3808 et
3005 3745 3267 3808 matrem
3307 3742 3475 3823 eius,
3529 3745 3584 3807 et
3622 3741 3857 3824 fram-es
3897 3742 4067 3819 eius,
4124 3747 4183 3808 et
4224 3762 4615 3826 quaecunque

2665 3827 2935 3909 habebat,
2978 3833 3034 3894 et
3072 3832 3265 3894 totam
3305 3828 3720 3912 effationem
3761 3828 3901 3893 eius
3941 3827 4303 3910 eduxenmt,
4345 3849 4420 3895 ac
4462 3829 4615 3896 loca-

2665 3918 2818 3981 runt
2849 3918 3027 3980 eoetra
3060 3918 3270 3980 castra
3290 3912 3518 3980 Israel.
3583 3912 3687 3979 24.
3740 3912 3961 3980 Urbem
3991 3934 4132 3979 vero
4173 3914 4613 3982 manaverunt

2666 4000 2836 4085 tyni,
2880 4004 2936 4067 et
2976 4018 3374 4083 quaecunque
3416 4003 3595 4066 erant
3634 3999 3708 4063 in
3748 4019 3851 4065 ea.-
3907 4000 4327 4067 tantummodo
4368 4022 4616 4083 aarum,

2667 4092 2725 4153 et
2766 4090 3094 4171 amentum
3109 4135 3125 4165 ,
3181 4105 3340 4152 vasa
3388 4105 3570 4152 aerea
3622 4089 3679 4151 et
3732 4084 3942 4167 ferrea
3990 4091 4342 4168 posuerunt
4379 4087 4455 4153 ia
4495 4087 4617 4153 tlte-

2668 4193 2860 4238 samo
2902 4173 3123 4238 domas
3166 4169 3443 4238 Iehovae.
3530 4169 3636 4238 25.
3682 4169 3909 4255 Itaque
3952 4169 4181 4237 Rahab
4220 4173 4616 4254 meretricem,

2671 4258 3278 4342 etdommnpqms
3333 4260 3498 4338 eius,
3557 4263 3615 4324 et
3668 4276 4064 4341 quaecunque
4121 4256 4616 4326 habebatvivere

2668 4344 2815 4428 feeit
2871 4345 3090 4411 Iosue:
3147 4343 3566 4427 habitavitque
3620 4345 3694 4408 in
3746 4345 3951 4411 medio
4007 4344 4221 4411 Israel
4271 4363 4471 4427 usque
4533 4345 4615 4412 ad

2668 4431 2832 4497 hunc
2892 4430 3059 4496 diem
3074 4478 3093 4510 ,
3157 4430 3311 4511 quia
3373 4429 3770 4496 absconderat
3829 4430 4089 4497 nuncios
4151 4449 4307 4512 quos
4359 4432 4617 4498 miserat

2673 4517 2862 4583 Iosue
2904 4516 2991 4583 ad
3030 4514 3480 4598 explorandum
3524 4513 3784 4581 Iericho.
3871 4516 3975 4582 26.
4020 4515 4373 4582 Adiuravit
4412 4522 4617 4584 autem

2674 4603 2862 4669 Iasae
2901 4606 3170 4681 tempore
3210 4600 3319 4667 illo
3360 4600 3644 4666 dicendo:
3699 4598 4076 4667 Maledictus
4123 4602 4228 4667 vir
4267 4621 4478 4669 coram
4519 4602 4617 4668 Ie-

2672 4686 2829 4753 hova
2872 4686 2985 4769 qui
3025 4691 3252 4770 sumet,
3295 4690 3363 4751 ut
3405 4684 3683 4768 aedificet
3721 4685 3934 4752 urbem
3974 4688 4166 4752 istam
4199 4687 4467 4755 Iericho.
4533 4686 4616 4754 In

2662 4772 3073 4857 primoyenito
3104 4790 3220 4836 suo
3260 4770 3554 4853 fundabit
3584 4791 3738 4852 eant,
3784 4776 3843 4837 et
3874 4772 3946 4838 in
3978 4772 4215 4839 minore
4245 4793 4361 4841 suo
4395 4778 4616 4841 statuet

2660 4862 2884 4941 portas
2937 4858 3094 4923 eius.
3183 4857 3284 4922 27.
3346 4856 3504 4922 Fuit
3557 4863 3762 4925 aedem
3805 4856 4038 4925 Iehova
4082 4878 4227 4926 eum
4286 4860 4505 4942 Iosue,
4560 4865 4616 4926 et

2667 4945 2848 5028 fama
2890 4945 3027 5010 eius
3064 4942 3195 5026 fuit
3233 4942 3305 5008 in
3346 4948 3473 5010 tota
3511 4947 3702 5010 terra.

2844 5114 2948 5181 20.
3015 5113 3241 5200 Itaque
3301 5115 3693 5199 vociferatus.
3801 5114 3934 5182 Hic
4009 5113 4317 5183 laudatur
4524 5116 4609 5183 uli

2672 5200 3072 5285 obsequium,
3119 5208 3188 5267 et
3229 5202 3590 5303 simul-Dei
3633 5201 3875 5301 veritas
3917 5201 4302 5303 celebratur.
4380 5138 4608 5270 {idem

2673 5307 2861 5354 suam
2906 5287 3186 5353 clamore
3230 5296 3456 5354 testati
3499 5296 3673 5366 sunt,
3717 5308 3872 5371 quia
3913 5307 4208 5371 persuasi
4252 5297 4444 5358 erant
4483 5309 4603 5356 non

2673 5373 2918 5441 frustra
2951 5372 3019 5438 id
3055 5373 3178 5439 sibi
3212 5373 3530 5458 praecipi:
3569 5380 3635 5441 et
3656 5371 3840 5440 Deus
3860 5374 4154 5442 vicissim
4190 5374 4350 5442 dum
4383 5394 4603 5461 passus
