5017 6142
633 453 761 520 347

632 662 785 709 eum
828 640 1212 725 reciperent.
1302 636 1622 705 Mandata
1676 640 1920 723 partim
1963 658 2040 705 eo
2085 638 2465 722 spectabant
2509 644 2588 702 ιιι

633 727 1036 795 stabiliretur
1098 726 1415 791 autoritas
1480 723 1751 803 Iosuae,
1831 726 2072 808 partim
2136 732 2212 790 ut
2292 723 2587 790 sanctius

634 814 1154 898 obstringeretur
1211 810 1294 875 ad
1349 810 1640 877 officium
1692 809 2180 895 praestandum.
2268 809 2441 876 Nam
2500 829 2588 875 ex

633 920 764 985 quo
823 898 1156 984 praecepit
1199 896 1419 964 Moses
1465 896 1590 961 Dei
1646 897 1917 964 'nomine
1975 895 2127 981 quid
2183 896 2362 964 factu
2419 913 2588 978 opus

632 990 826 1064 esset,
870 1006 1020 1051 eum
1062 983 1307 1048 exemit
1351 982 1431 1049 ab
1476 982 1656 1047 omni
1700 983 2087 1049 temeritatis
2122 988 2305 1049 nota:
2351 980 2589 1047 deinde

633 1072 699 1137 le
749 1072 932 1136 'tima
976 1069 1397 1152 stipulatione
1434 1067 1837 1151 interposita,
1884 1070 2096 1154 magis
2138 1091 2214 1137 ac
2256 1067 2470 1154 magis
2504 1064 2588 1132 ad

634 1093 833 1224 fifdm
879 1165 945 1222 et
987 1155 1396 1241 diligentiam
1444 1153 1726 1219 animari
1771 1154 2014 1221 debuit.

807 1243 910 1308 21.
952 1240 1180 1308 Coram
1200 1240 1483 1307 Eleazar
1522 1239 1732 1306 stabit.
1795 1240 1925 1307 Hic
1973 1260 2104 1306 una
2146 1240 2217 1306 in
2255 1259 2327 1305 re
2371 1258 2589 1306 sacer·

637 1329 771 1395 doti
839 1326 1216 1407 subiicitur,
1296 1334 1370 1392 ut
1437 1346 1586 1392 eum
1652 1326 2014 1411 interroget
2076 1346 2195 1409 per
2258 1325 2450 1392 Urim
2525 1332 2590 1390 et

635 1413 1051 1480 Thummim:
1113 1413 1239 1479 hoc
1295 1413 1470 1477 enim
1517 1411 1815 1496 symbolo
1858 1410 1959 1498 (ut
2002 1422 2155 1478 ante
2200 1411 2419 1477 visum
2464 1409 2590 1496 est)

634 1498 1088 1566 commendata
1129 1498 1253 1563 fuit
1294 1496 1637 1564 sacerdotii
1682 1496 1984 1583 dignitas,
2029 1505 2104 1563 ut
2150 1499 2365 1564 Deum
2411 1498 2590 1580 prin-

637 1607 791 1670 ceps
833 1584 1201 1652 consuleret
1244 1605 1362 1667 per
1403 1604 1476 1648 os
1519 1583 1890 1662 sacerdotis,
1935 1583 2049 1668 qui
2092 1582 2364 1650 indutus
2407 1602 2591 1649 sacro

634 1670 904 1756 Ephod,
949 1671 1134 1738 cuius
1178 1669 1570 1736 emblemata
1613 1677 1800 1735 erant-
1842 1669 2034 1736 Urim
2075 1680 2143 1735 et
2185 1669 2589 1749 Thummim‚

636 1777 949 1842 responsa
1040 1755 1267 1837 dabat,
1354 1763 1666 1840 tanquam
1747 1756 1875 1821 Dei
1952 1756 2159 1838 ipsius
2242 1754 2588 1838 interpres.

637 1843 850 1909 Docet
892 1862 1049 1928 ergo
1107 1840 1213 1909 hic
1273 1841 1484 1922 locus,
1544 1842 1891 1924 imperium
1934 1841 2167 1908 Iosuae
2210 1862 2345 1907 non
2387 1840 2590 1906 fuisse

635 1929 1013 2013 profanum:
1081 1937 1158 1992 ut
1209 1933 1383 1993 certe
1443 1928 1512 1992 in
1565 1927 1867 1993 omnibus
1922 1927 2214 2011 imperiis
2278 1926 2592 2011 legitimis

681 2015 884 2080 rimas
927 2026 1152 2079 tenere
1209 2011 1402 2080 debet
1459 2013 1708 2097 religio.
1796 2013 1971 2079 Nam
2029 2034 2229 2097 quum
2287 2012 2509 2077 omnia
2553 2031 2592 2076 a

708 2121 784 2166 eo
850 2098 1209 2184 pendeant,
1275 2100 1357 2165 ab
1425 2099 1566 2164 eius
1631 2098 1813 2165 cultu
1875 2099 2166 2182 separari
2232 2096 2591 2164 absurdum

638 2199 828 2252 esset.
912 2199 1134 2254 metm,
1187 2185 1310 2249 hoc
1369 2195 1470 2249 est
1525 2184 1870 2266 iudicium,
1931 2186 2041 2251 hic
2098 2185 2416 2269 accipitur
2471 2204 2594 2268 pro

634 2272 867 2356 regula
911 2271 1012 2337 vel
1057 2271 1460 2355 praescripta
1515 2271 1801 2349 ratione,
1859 2290 1935 2335 ac
1978 2271 2033 2335 si
2076 2269 2334 2336 iuberet
2377 2269 2593 2355 legem

633 2366 856 2442 petere
912 2377 994 2422 ex
1060 2356 1369 2435 oraculis,
1438 2377 1604 2441 quae
1671 2355 1971 2422 sacerdos
2028 2377 2068 2422 a
2125 2354 2267 2422 Deo
2329 2364 2595 2440 accepta

635 2465 754 2528 per
778 2462 1011 2508 manus
1038 2441 1268 2523 tradet,
1306 2463 1426 2507 nec
1461 2442 1643 2508 aliud
1683 2442 1753 2507 in
1793 2442 1987 2508 rebus
2019 2442 2350 2526 perplexis
2387 2442 2591 2525 sequi.

636 2528 933 2594 Tandem
992 2528 1255 2595 subiicit
1313 2529 1563 2607 Moses,
1624 2548 1694 2593 se
1748 2528 1978 2594 fecisse
2038 2527 2351 2612 quidquid
2410 2529 2594 2595 Deus

635 2628 1088 2700 praeceperat,
1146 2622 1219 2679 ut
1266 2625 1444 2681 certo
1489 2614 1792 2697 persuasi
1837 2624 2057 2680 essent
2100 2634 2327 2681 omnes
2371 2615 2591 2680 Deum

637 2722 769 2851 111011
833 2720 1021 2766 secus
1087 2721 1278 2784 quam
1348 2707 1545 2766 antea
1606 2698 2098 2766 dominaturum
2163 2699 2232 2765 in
2310 2720 2596 2784 persona

676 2806 891 2853 osuae.
1490 2838 1495 2845 ,

852 3192 1275 3261 EIUSDEM
1320 3193 1829 3262 HISTORIAE
1876 3193 2395 3261 REPETI'PIO.

1191 3435 1322 3501 EX
1367 3434 1635 3501 DEU'P.
1680 3434 1879 3502 CAP.
1927 3433 2054 3499 111.

813 3639 919 3704 21.
968 3637 1111 3718 Ipsi
1153 3659 1391 3721 quoqne
1437 3639 1634 3705 Iosua
1685 3642 1983 3723 praecepi
2026 3660 2095 3707 eo
2138 3645 2438 3723 tempore,
2495 3642 2596 3709 di-

640 3725 859 3792 cendo:
936 3723 1114 3789 Oculi
1179 3726 1274 3789 tui
1338 3725 1629 3790 viderunt
1691 3746 2089 3808 quaecunque
2150 3725 2299 3808 fecit
2367 3726 2596 3794 Iehova

643 3811 826 3876 Deus
866 3815 1061 3875 vester
1101 3810 1347 3876 duobus
1402 3812 1680 3895 reqibus:
1733 3812 1828 3878 sic
1882 3811 2175 3893 facturus
2231 3818 2320 3877 est
2362 3813 2595 3880 Iehova

640 3896 928 3996 omnibus
968 3916 1035 3959 re
1117 3897 1175 3961 is
1220 3898 1307 3962 ad
1364 3918 1524 3979 quae
1566 3902 1634 3962 tu
1664 3897 1902 3995 peryis.
1994 3897 2096 3962 22.
2147 3897 2261 3997 ‘Ne
2321 3899 2594 3966 timeatis

639 4002 1026 4134 Zssizffmiss.
1057 3981 1485 4152 Ε’Ξὲἔὲαέγῒί.
1507 3988 2022 4135 υῗᾶῗέηψῗεὴοωθ
1918 3989 2005 4047 ‘³⁸‘
2022 3990 2440 4153 immi?
2465 4006 2594 4153 ἔῖοῗ

640 4153 927 4219 dicendo:
1013 4153 1116 4218 24.
1189 4153 1459 4220 Domine
1518 4153 1778 4235 Iehova,
1836 4160 1906 4220 tn
1963 4154 2218 4235 coepisti
2280 4156 2595 4223 ostendere

639 4259 816 4390 3:5⁰
858 4241 1501 4406 ι’ῗὸαέἓαὲἳέἶηωῗῖ.
1534 4245 1856 4392 ‘maai‘
1910 4260 2171 4391 2⁸3?ssss
2213 4244 2389 4393 Z‘ss‘r'ss
2428 4243 2594 4411 ”3²22

637 4412 840 4494 faciat
889 4411 1223 4476 secundum
1266 4432 1457 4492 opera
1500 4416 1609 4477 tua
1622 4461 1638 4492 ,
1695 4417 1752 4478 et
1800 4413 2141 4479 secundum
2191 4412 2593 4494 fortitudines

644 4497 842 4562 tuas?
910 4496 1012 4561 25.
1068 4497 1415 4563 Transeam
1457 4518 1705 4579 quaese,
1749 4504 1807 4565 et
1846 4499 2096 4564 videam
2137 4503 2372 4564 terram
2412 4500 2593 4565 illam

643 4585 888 4659 bonam,
932 4603 1093 4665 quae
1128 4587 1218 4647 est
1249 4588 1430 4648 trans
1452 4583 1804 4663 Iordanem,
1842 4589 2106 4649 montem
2138 4585 2329 4650 istum
2364 4586 2594 4651 bonum

645 4675 701 4734 et
766 4668 1096 4733 Libanum.
1199 4668 1303 4734 26.
1371 4669 1593 4735 Iratus
1655 4676 1860 4736 autem
1927 4668 2161 4735 Iehova
2223 4676 2435 4737 contra
2496 4692 2595 4736 me

634 4760 896 4839 propter
934 4774 1073 4829 vos,
1120 4759 1459 4835 propterea
1516 4774 1644 4820 non
1694 4756 2018 4821 exaudivit
2073 4776 2198 4834 me,
2257 4757 2370 4822 sed
2427 4757 2595 4823 dixit

642 4842 838 4906 mihi:
887 4839 1183 4924 Sufficiat
1225 4840 1358 4919 tibi,
1404 4861 1480 4904 ne
1510 4841 1773 4922 posthac
1815 4842 2023 4906 addas
2072 4842 2324 4907 verbum
2368 4844 2456 4908 ad
2498 4864 2596 4908 me

644 4947 832 5010 super
874 4926 990 4992 hac
1028 4947 1113 4992 re.
1203 4926 1286 4990 27
1293 4977 1306 4990 .
1369 4927 1648 4993 Ascende
1700 4927 1981 4992 verticem
2028 4926 2298 5011 Pisyala
2356 4934 2412 4994 et
2456 4930 2596 4995 leva

646 5013 850 5078 oculos
891 5018 1031 5079 tuos
1075 5013 1160 5077 ad
1211 5011 1619 5093 Occidentem,
1674 5013 1762 5078 ad
1803 5011 2206 5094 Aquilonem,
2265 5015 2350 5081 ad
2395 5014 2596 5081 Meri-

646 5099 836 5177 diem,
884 5104 941 5164 et
980 5099 1066 5164 ad
1115 5097 1458 5179 Orientem,
1503 5119 1577 5163 ac
1619 5098 1761 5163 vide
1805 5099 2005 5165 oculis
2045 5099 2204 5178 tuis,
2261 5121 2382 5165 non
2427 5103 2596 5166 enim

644 5185 950 5250 transibis
974 5185 1306 5251 Iordanem
1340 5186 1550 5250 istum.
1617 5184 1720 5250 28.
1765 5183 2066 5265 Praecipe
2101 5189 2306 5251 autem
2339 5187 2592 5268 leenae,

647 5275 704 5335 et
744 5269 1041 5352 confirma
1086 5291 1242 5351 eum,
1287 5276 1342 5337 ct
1373 5270 1599 5336 robora
1641 5291 1798 5347 eum,
1842 5271 1977 5352 ipse
2010 5271 2174 5335 enim
2207 5275 2596 5339 transiturus

647 5361 735 5421 est
781 5360 921 5420 ante
975 5357 1276 5439 populum
1334 5358 1558 5436 idum,
1624 5363 1681 5423 et
1734 5356 1898 5424 idem
1940 5355 2146 5422 tradet
2186 5357 2319 5425 illis
2358 5364 2594 5426 terram

2049 447 2455 516 REDITUS
2499 449 2633 515 AD
2678 444 3227 514 HISTORIAM.

4511 441 4635 508 348

2676 635 3160 718 possidendam,
3217 654 3408 719 qnam
3456 633 3710 701 videbis.
3797 633 3900 702 29.
3966 630 4331 699 masinae
4385 651 4526 698 vero
4565 632 4634 698 in

2688 721 2849 788 valle
2890 742 2924 788 e
2963 722 3214 808 reyione
3257 719 3609 805 Beth-poor.

3230 1061 3362 1128 Ex
3407 1061 3677 1129 DEU'P.
3720 1059 3922 1128 GAP.
3966 1059 4088 1126 IV.

2863 1235 2967 1300 21.
3020 1233 3251 1301 Iehova
3306 1235 3515 1300 iratus
3567 1233 3699 1316 fuit
3752 1238 3967 1299 contra
4007 1252 4106 1299 me
4144 1236 4411 1314 propter
4452 1229 4638 1297 verba

2689 1326 2910 1401 vestra,
2944 1321 3301 1403 iuravitque
3332 1320 3495 1403 quod
3527 1338 3652 1385 non
3685 1320 4021 1385 transirem
4042 1319 4095 1383 I
4383 1368 4399 1397 ‚
4444 1337 4640 1400 neque

2689 1407 3044 1492 inyrederer
3082 1411 3315 1473 terram
3356 1407 3600 1484 bom,
3643 1424 3835 1487 quam
3870 1404 4098 1471 Iehova
4133 1402 4315 1469 Deus
4347 1408 4500 1469 tuus
4533 1403 4640 1469 dat

2689 1493 2805 1559 tibi
2866 1494 2938 1559 in
3001 1491 3455 1559 haereditatem.
3559 1490 3663 1556 22.
3721 1489 3857 1576 qu
3910 1493 4077 1557 enim
4107 1491 4343 1556 morior
4399 1490 4472 1555 in
4527 1488 4640 1555 hac

2689 1585 2877 1659 terra,
2921 1598 3117 1661 neque
3147 1582 3391 1644 transeo
3414 1577 3784 1643 Iordanem.-
3823 1597 3933 1642 vos
3973 1581 4179 1644 autem
4219 1575 4529 1655 transitis,
4573 1580 4643 1640 nt

2679 1664 3067 1748 possideatis
3108 1669 3340 1730 terram
3383 1665 3576 1730 istam
3616 1662 3856 1728 bonam.

2861 1836 2965 1902 21.
3012 1834 3158 1918 Ipsi
3199 1855 3435 1918 quoque
3479 1836 3694 1901 Iosua.
3784 1833 4048 1900 Recitat
4091 1832 4261 1918 quod
4303 1835 4436 1899 iam
4483 1832 4641 1899 vidi-

2691 1943 2860 2000 mus,
2907 1944 2977 1988 se
3018 1922 3286 1988 Iosuam
3332 1941 3482 1986 cum
3526 1928 3663 1986 toto
3701 1919 3945 2006 populo
3987 1919 4323 1985 hortatum
4362 1940 4524 1998 esse,
4569 1928 4640 1985 ut

2694 2009 2776 2074 ad
2815 2017 3060 2073 terram
3093 2005 3536 2090 occupandam
3570 2006 3873 2073 alacriter
3909 2027 3980 2073 se
4015 2006 4449 2091 accingerent,
4485 2006 4638 2071 freti

2694 2103 2829 2160 tam
2855 2093 2982 2159 Dei
3006 2093 3455 2178 promissione,
3477 2112 3672 2176 quam
3697 2098 3799 2158 tot
3828 2091 4200 2158 illustribus
4234 2091 4466 2157 auxilii
4503 2092 4639 2158 eius

2695 2179 3190 2264 experimentis,
3236 2198 3402 2263 quae
3445 2177 3718 2244 totidem
3762 2187 3951 2244 erant
3992 2178 4343 2245 continuae
4383 2179 4636 2262 gratiae

2694 2267 2764 2332 in
2808 2267 3102 2331 futurum
3147 2272 3410 2347 tempus
3451 2265 3750 2348 pignora.

2864 2351 2968 2417 23.
3053 2350 3444 2436 Royaveram
3520 2350 3837 2417 Iehovam.
3946 2349 4083 2415 Alii
4145 2349 4437 2435 Rogavi:
4519 2368 4636 2434 ego

2694 2446 2918 2504 autem
2974 2445 3232 2521 tempus
3299 2436 4013 2521 plusquamperfectum
4084 2455 4328 2519 ponere
4402 2434 4636 2501 malui:

2695 2524 2881 2608 quia,
2942 2544 3086 2589 meo
3138 2522 3410 2602 iudicio,
3469 2522 3784 2606 anticipat
3826 2522 4048 2588 Moses
4104 2542 4224 2589 cur
4265 2520 4380 2586 alii
4422 2529 4638 2606 partes

2696 2630 2848 2677 suas
2911 2609 3374 2694 resignaverit,
3440 2628 3514 2673 ac
3580 2630 3709 2674 non
3775 2630 3842 2673 m
3934 2608 3947 2622 ”
4050 2608 4381 2691 professus
4429 2607 4518 2673 sit
4572 2628 4639 2674 se

2700 2696 2950 2776 ducem,
2983 2707 3060 2760 ut
3094 2702 3247 2760 ante
3283 2695 3512 2774 fuerat,
3549 2703 3618 2759 et
3649 2694 3848 2761 simul
3906 2692 4285 2759 ort-itudinis
4308 2692 4640 2776 exemplar

2700 2782 2837 2847 fore
2879 2780 3139 2867 populo.
3226 2779 3411 2847 Dicit
3465 2801 3622 2865 ergo
3639 2832 3655 2860 ,
3710 2800 3914 2864 quum
3971 2785 4276 2863 precatus
4315 2789 4492 2845 esset
4508 2830 4524 2858 ,
4567 2789 4638 2845 ut

2701 2867 2825 2933 sibi
2890 2867 3117 2932 liceret
3181 2874 3423 2932 terram
3489 2865 3780 2949 ingredi,
3850 2864 4178 2949 repulsam
4244 2887 4316 2931 se
4370 2885 4638 2949 passum

2700 2974 2859 3020 esse.
2947 2952 3179 3035 Neque
3222 2952 3396 3018 enim
3454 2951 3783 3035 probabile
3841 2960 3974 3030 est,
4034 2972 4117 3017 ex
4161 2972 4287 3035 quo
4329 2951 4530 3017 Iosue
4569 2953 4638 3017 in

2700 3060 2895 3105 suum
2953 3039 3168 3105 locum
3225 3037 3678 3117 substituerat,
3744 3037 4142 3106 contrarium
4201 3048 4438 3103 votum
4491 3058 4640 3104 mox

2698 3125 3088 3208 concepisse.
3155 3122 3436 3190 Summa
3480 3131 3699 3189 autem
3742 3124 4135 3207 precationis
4176 3132 4297 3204 est,
4341 3130 4416 3189 ut
4462 3124 4638 3190 Deus

2698 3231 3001 3277 concesso
3043 3222 3258 3276 terrac
3300 3210 3623 3294 ingressu,
3666 3230 3892 3276 omnes
3933 3209 4182 3294 gratiae
4218 3229 4378 3274 suae
4413 3230 4641 3276 nume-

2698 3318 2808 3362 ros
2852 3317 3010 3380 erga
3050 3297 3264 3381 ipsum
3308 3296 3649 3378 compleat.
3737 3296 3912 3362 Nam
3964 3296 4278 3363 beneficia
4320 3295 4448 3362 sibi
4491 3304 4639 3362 ante

2697 3384 3039 3465 praestita,
3095 3380 3177 3447 ad
3221 3380 3613 3466 impetrandi
3657 3380 3964 3448 fiduciam
4008 3392 4477 3448 commemorat
4494 3433 4508 3460 ,
4567 3390 4639 3447 ut

2697 3467 2871 3533 laeta
2926 3467 3194 3534 exordia
3235 3465 3423 3533 Deus
3442 3516 3457 3545 ‚
3516 3469 3627 3551 qui
3686 3489 3819 3534 non
3874 3468 4041 3534 solet
4101 3487 4267 3552 opus
4327 3487 4637 3533 manuum

2698 3574 2965 3620 suarum
3023 3553 3353 3633 deserere,
3411 3551 3726 3637 perducat
3779 3574 3983 3636 usque
4033 3550 4117 3619 ad
4176 3555 4398 3620 finem.
4498 3554 4637 3620 Hac

2697 3640 2949 3706 ratione
2993 3639 3147 3706 dicit
3190 3638 3315 3706 sibi
3358 3647 3691 3706 ostensam
3746 3639 3949 3706 fuisse
3990 3638 4121 3705 Dei
4177 3638 4638 3719 fortitudinem,

2695 3725 3065 3792 verecunde
3089 3724 3530 3804 subindicans,
3567 3733 4076 3792 consentaneum
4110 3746 4273 3804 esse,
4308 3733 4384 3791 ut
4417 3726 4638 3810 primis

2695 3811 3135 3896 respondeant
3191 3811 3420 3878 ultima
3436 3862 3453 3890 ,
3506 3812 3837 3896 praecipui
3893 3832 4150 3896 quoque
4192 3811 4346 3878 boni
4390 3833 4462 3878 se
4502 3812 4638 3878 fieri

2696 3908 3081 3965 consortem.
3192 3897 3563 3981 Potentiam
3643 3918 3900 3982 quoque
3966 3898 4093 3963 Dei
4159 3897 4230 3962 in
4307 3897 4638 3965 miraculis

2696 3984 2983 4049 extollit:
3041 4005 3126 4050 ne
3169 3993 3304 4050 tam
3349 3983 3754 4066 praeclarum
3801 4004 3964 4067 opus
4007 3983 4451 4067 abrumpatur.
4539 3982 4636 4048 Ab

2694 4071 2904 4135 altera
2959 4078 3177 4136 autem
3234 4077 3457 4154 parte,
3523 4080 3740 4136 terrae
3799 4069 4158 4135 bonitatem
4213 4068 4634 4147 commendat,

2694 4175 2770 4222 ac
2813 4156 3200 4221 nominatim
3246 4154 3639 4221 desiderium
3685 4155 3826 4221 eius
3871 4154 4194 4223 videndae
4237 4176 4320 4222 ex
4376 4155 4634 4239 pietatis

2694 4240 2911 4307 studio
2956 4262 3227 4307 manare
3271 4240 3596 4307 ostendit:
3653 4262 3879 4307 eorum
3936 4240 4115 4307 enim
4157 4244 4519 4309 sententiae
4559 4241 4633 4306 li-

2693 4326 2923 4392 benter
2965 4326 3297 4393 subscribo
3339 4327 3451 4412 qui
3493 4349 3612 4410 per
3652 4327 3899 4394 bonum
3939 4335 4228 4394 montem
4262 4327 4634 4413 intelligunt

2694 4412 2877 4479 Sion.
2945 4414 3175 4496 Neque
3210 4413 3388 4478 enim
3432 4421 3691 4496 praeter
3723 4414 4072 4493 Libanum,
4116 4433 4307 4479 mons
4348 4413 4423 4479 in
4467 4425 4632 4480 terra

2691 4498 2809 4565 illa
2875 4506 3217 4583 tantopere
3296 4498 3697 4565 delectabilis
3775 4499 3917 4565 fuit.
4027 4499 4327 4565 Libanus
4404 4507 4628 4577 autem,

2694 4597 3002 4669 tanquam
3045 4585 3188 4650 eius
3231 4586 3530 4664 accessio,
3576 4583 3864 4652 secundo
3906 4583 4046 4651 loco
4086 4585 4480 4652 nominatur.

2865 4672 2969 4737 26.
3032 4671 3255 4737 Iratus
3316 4676 3522 4737 autem
3581 4672 3811 4754 fuerat.
3917 4670 4203 4753 Quidam
4260 4672 4631 4757 intelligunt

2694 4755 3069 4824 huiusmodi
3113 4767 3268 4823 voto
3312 4757 3511 4824 fuisse
3552 4757 3910 4822 offensum:
3954 4757 4067 4823 sed
4112 4759 4334 4841 potius
4376 4778 4631 4825 causam

2695 4842 2912 4908 reddit
2949 4844 3169 4909 Moses
3204 4863 3321 4909 cur
3364 4863 3499 4908 non
3542 4843 3899 4909 obtinuerit
3941 4841 4112 4927 quod
4154 4842 4445 4928 petebat:
4491 4844 4634 4928 quia

2696 4928 2944 4995 scilicet
2986 4930 3118 4994 iam
3161 4939 3315 4995 ante
3357 4929 3573 4994 fuerat
3615 4929 3937 4995 exclusus.
4025 4929 4174 4994 Etsi
4228 4940 4450 4995 autem
4493 4950 4631 4997 cum

2697 5014 2839 5079 Deo
2894 5013 3167 5080 minime
3221 5015 3470 5100 litigat,
3537 5036 3614 5081 ac
3673 5016 3728 5080 si
3784 5014 4006 5098 inique
4063 5014 4415 5080 damnatus
4472 5023 4635 5081 esset

2694 5100 2775 5165 ob
2831 5100 3117 5165 alienum
3184 5102 3467 5180 crimen,
3532 5101 3788 5184 oblique
3844 5109 4068 5166 tamen
4124 5101 4440 5187 populum
4495 5122 4633 5185 per·

2696 5186 2995 5271 stringit:
3059 5187 3212 5270 quia
3249 5186 3408 5253 utile
3452 5195 3596 5253 erat
3638 5208 3865 5252 omnes
3907 5188 4083 5270 ipsos
4141 5187 4631 5265 commonefieri,

2695 5293 2993 5358 poenam,
3037 5294 3204 5356 quae
3246 5273 3489 5339 eximio
3533 5292 3727 5340 servo
3771 5274 4022 5338 inflicta
4053 5273 4300 5352 fuerat,
4348 5282 4631 5340 contrac-

2696 5368 2832 5423 tam
2878 5379 3021 5425 esse
3064 5378 3147 5424 ex
3192 5361 3482 5425 omnium
3528 5359 3736 5443 culpa.
3826 5358 4169 5441 Quomodo
4211 5368 4430 5426 autem
4475 5360 4632 5427 iuste
