5017 6142
634 468 778 538 335

650 656 861 727 Mosis
917 650 1268 721 consilium
1324 647 1543 715 oculos
1601 645 1888 732 dirigere
1944 647 2290 726 convenit,
2344 654 2425 712 ut
2476 645 2604 713 hoc

577 766 587 776 ·
651 750 849 828 caput
925 759 1079 807 cum
1155 736 1374 802 fructu
1450 733 1766 817 legamus.
1877 732 2319 799 Profectiones
2381 739 2608 799 autem

652 837 846 899 vocat
886 824 1151 894 ordines
1192 821 1538 899 itinerum,
1595 818 1989 886 stationibus
2034 817 2405 898 distinctos,
2449 817 2608 900 quia

653 924 869 986 castra
912 932 1049 979 non
1093 906 1445 975 movebant
1486 904 1619 971 nisi
1662 903 1815 970 dato
1858 905 2065 989 signo,
2110 924 2317 988 quum
2357 903 2612 971 scilicet

653 1002 867 1070 nubes
923 997 1150 1064 relicto
1203 991 1604 1070 sanctuario,
1662 990 1734 1075 in
1771 989 1974 1057 alium
2018 990 2237 1058 locum
2280 988 2611 1070 tendebat,

654 1109 733 1157 ac
765 1087 824 1155 si
844 1083 1031 1150 Deus
1069 1102 1106 1146 e
1148 1078 1327 1146 coelo
1361 1097 1635 1144 manum
1667 1075 2040 1161 porrigeret
2070 1075 2156 1142 ad
2197 1076 2329 1142 iter
2369 1075 2610 1161 guber-

654 1172 983 1242 nandum:
1028 1165 1206 1233 unde
1249 1163 1489 1229 clarius
1529 1163 1836 1244 innotuit,
1879 1162 2020 1230 eius
2062 1162 2359 1246 potentia
2391 1170 2611 1228 reten-

655 1268 761 1328 tos
802 1256 1002 1323 fuisse
1043 1253 1117 1318 in
1160 1248 1435 1317 deserto.

827 1343 889 1409 3.
959 1337 1235 1420 Profecti
1296 1339 1444 1401 sumt
1505 1333 1583 1400 de
1652 1332 2004 1400 Ramesses.
2104 1331 2301 1415 Quod
2370 1332 2610 1398 volunt

655 1427 919 1516 quidam
963 1444 1206 1490 nomen
1249 1418 1432 1487 urbis
1474 1440 1594 1504 pro
1636 1427 1776 1484 tota
1817 1419 2085 1503 regione
2131 1418 2387 1485 Gessen
2430 1418 2607 1502 posi-

655 1524 805 1583 tum
821 1564 837 1594 ,
889 1510 1055 1578 mihi
1100 1529 1233 1575 non
1283 1506 1628 1590 probatur:
1696 1505 1850 1588 quia
1904 1511 2417 1571 consentaneum
2473 1525 2607 1570 uon

644 1608 862 1678 esset,
929 1619 1013 1663 ex
1066 1594 1229 1661 locis
1285 1591 1677 1658 distantibus
1734 1611 1810 1657 ac
1853 1591 2123 1657 remotis
2164 1591 2361 1657 simul
2403 1591 2608 1656 fuisse

655 1685 999 1772 profectos.
1090 1678 1317 1746 Minus
1361 1677 1563 1744 etiam
1605 1675 1956 1760 quadraret
2012 1676 2185 1759 quod
2229 1697 2386 1743 mox
2430 1675 2610 1742 addi-

656 1781 775 1839 tur
789 1822 806 1850 ,
849 1768 1088 1835 turmis
1130 1763 1465 1848 dispositis
1508 1783 1803 1847 egressos
1842 1761 2080 1828 fuisse:
2141 1782 2273 1827 non
2318 1760 2490 1845 quod
2535 1763 2608 1827 in

661 1859 893 1926 urbem
926 1873 1155 1920 omnes
1192 1849 1391 1916 simul
1423 1848 1912 1927 confluxissent,
1958 1849 2113 1930 quia
2146 1848 2264 1913 vix
2300 1847 2612 1915 credibile

648 1952 765 2011 est
806 1948 1060 2008 tantam
1112 1934 1606 2001 multitudinem
1662 1933 1955 2018 potuisse
2008 1933 2188 2000 intra
2244 1954 2469 2001 muros
2511 1955 2614 2000 re-

652 2029 820 2113 cipi:
866 2024 981 2092 sed
1025 2023 1182 2107 quia
1223 2042 1308 2086 ex
1352 2020 1563 2088 edicto
1598 2019 1804 2087 Mosis
1839 2026 1908 2086 et
1939 2020 2215 2086 Aharon
2257 2021 2330 2084 in
2373 2041 2611 2104 agrum

657 2114 843 2181 urbis
897 2118 1012 2175 aut
1064 2107 1376 2174 viciniam
1419 2107 1685 2172 fuerunt
1727 2106 1931 2171 coacti
1950 2156 1964 2182 ,
2022 2114 2097 2171 ut
2138 2126 2291 2171 suos
2335 2106 2600 2172 ordines

660 2200 1053 2285 digererent,
1096 2214 1180 2258 ne
1217 2191 1490 2259 confusa
1530 2191 1945 2257 festinatione
1988 2191 2101 2256 alii
2135 2191 2299 2257 alios
2334 2192 2609 2275 impedi-

660 2294 830 2351 rent.
917 2282 1277 2363 Postquam
1318 2286 1544 2343 autem
1589 2276 1756 2342 dixit
1807 2298 2100 2361 egressos
2157 2277 2361 2343 fuisse
2403 2299 2612 2344 manu

663 2371 792 2437 Dei
836 2366 1122 2444 excelsa,
1169 2371 1244 2428 ut
1286 2362 1455 2428 hanc
1498 2362 1948 2428 admirabilem
1991 2364 2351 2447 potentiam
2397 2365 2608 2447 magis

661 2451 1091 2529 commendet,
1126 2447 1307 2514 addit
1342 2448 1703 2533 Aegyptios
1745 2457 1945 2515 testes
1989 2449 2192 2515 fuisse
2237 2469 2312 2514 ac
2354 2458 2610 2533 specta-

663 2550 867 2607 tores:
912 2535 1087 2602 unde
1129 2533 1461 2617 colligitur
1503 2533 1773 2600 cessisse
1817 2533 2082 2600 tandem
2129 2535 2303 2613 Dec,
2364 2535 2472 2600 vel
2515 2536 2610 2600 ita

663 2627 869 2692 fuisse
925 2622 1259 2696 subactos,
1327 2627 1401 2683 ut
1457 2617 1738 2703 digitum
1794 2619 2023 2685 tollere
2082 2641 2213 2685 non
2271 2619 2607 2686 auderent.

665 2708 937 2778 Accedit
1014 2705 1144 2772 alia
1220 2705 1741 2784 circumstantia,
1817 2704 1988 2787 quod
2068 2713 2228 2772 tunc
2295 2706 2612 2790 Aegyptii

664 2805 958 2863 mortuos
997 2812 1149 2856 suos
1182 2789 1655 2872 primogenitos
1689 2790 2073 2873 sepelirent:
2161 2789 2353 2857 uibus
2391 2790 2611 2857 verbis

665 2903 801 2948 non
852 2877 1183 2963 significat
1218 2874 1439 2939 Moses
1481 2894 1768 2940 cessasse
1813 2876 1893 2941 ab
1938 2877 2027 2941 im
2157 2875 2351 2942 iendo
2396 2888 2612 2943 trans-

664 2970 764 3035 itu
780 3017 798 3047 ,
843 2961 1150 3049 quoniam
1210 2959 1337 3026 alio
1390 2961 1653 3043 negotio
1696 2958 1978 3027 districti
2017 2970 2234 3027 erant:
2296 2963 2456 3046 quin
2498 2984 2613 3047 po·

667 3055 802 3119 tius
869 3048 1177 3116 admonet
1192 3095 1208 3123 ‚
1275 3047 1575 3129 quamvis
1640 3065 1748 3111 eos
1813 3047 2237 3113 exacerbaret
2291 3047 2474 3114 dolor
2529 3070 2614 3114 ex

670 3157 936 3206 suorum
981 3143 1209 3212 morte,
1254 3131 1530 3196 iacuisse
1571 3140 1792 3195 tamen
1837 3134 2019 3215 quasi
2057 3134 2424 3200 exanimes:
2463 3134 2617 3217 quia

670 3244 782 3291 eos
825 3219 1279 3289 debilitaverat
1299 3215 1428 3280 Dei
1474 3217 1707 3294 virtus,
1754 3226 1828 3281 ut
1869 3218 2143 3285 facultas
2186 3218 2270 3284 ad
2314 3221 2617 3286 resisten-

671 3311 829 3376 dum
871 3307 1192 3372 deficeret.
1273 3300 1467 3383 Quod
1513 3301 1671 3367 dicit
1712 3302 1937 3369 Moses
1980 3302 2199 3369 Deum
2242 3306 2616 3373 exercuisse

670 3392 910 3460 iudicia
968 3399 1200 3457 contra
1255 3388 1408 3452 deos
1467 3387 1789 3471 Aegypti,
1849 3388 1932 3453 ad
1986 3390 2615 3457 commendationem

673 3501 870 3545 verae
913 3475 1249 3559 religionis
1283 3480 1566 3555 spectat,
1627 3493 1711 3537 ne
1769 3494 2065 3556 unquam
2110 3474 2458 3542 deflectant
2499 3476 2620 3542 filii

671 3564 882 3631 Israel
926 3561 1010 3628 ad
1054 3560 1351 3644 gentium
1396 3558 1927 3642 superstitiones,
1974 3581 2135 3643 quas
2178 3562 2250 3626 in
2293 3582 2414 3628 sua
2455 3562 2619 3628 libe-

672 3651 930 3716 ratione
985 3645 1244 3729 experti
1302 3652 1457 3709 sunt
1513 3663 1729 3710 meras
1788 3665 1931 3710 esse
1985 3645 2290 3712 fallacias.
2392 3647 2620 3731 Neque

674 3735 854 3802 enim
897 3732 1155 3797 Pharao
1199 3729 1522 3795 duntaxat
1564 3740 1930 3812 prostratus
1973 3731 2100 3795 fuit
2141 3753 2293 3798 cum
2336 3735 2471 3798 suis
2514 3754 2620 3800 co·

672 3820 820 3906 piis,
861 3817 977 3884 sed
1020 3815 1113 3880 dii
1156 3835 1414 3899 quoque
1450 3835 1677 3881 eorum
1722 3815 2086 3899 pudefacti,
2131 3838 2293 3901 quos
2329 3817 2454 3883 sibi
2493 3820 2616 3885 fin..

675 3904 919 3992 gebant
975 3911 1190 3968 terrae
1245 3920 1403 3967 suae
1458 3901 1813 3985 praesides.
1902 3902 2124 3986 Atque
2174 3904 2270 3967 ita
2332 3905 2620 3983 refutati,

674 3990 1040 4074 errorisque
1061 3996 1130 4054 et
1163 3986 1483 4053 stultitiae
1516 3986 1798 4054 convicti
1834 3989 2103 4054 fuerunt
2135 4010 2361 4056 omnes
2393 4010 2622 4056 eorum

674 4077 911 4144 cultus.
988 4072 1331 4139 Frivolum
1376 4093 1532 4139 vero
1573 4081 2015 4139 commentum
2060 4081 2179 4154 est,
2222 4083 2453 4158 sponte
2495 4075 2622 4142 col-

675 4162 862 4246 lapsa
903 4160 1106 4226 fuisse
1148 4158 1370 4224 omnia
1413 4157 1587 4224 idola
1628 4160 1700 4224 in
1736 4163 2064 4244 Aegypto,
2109 4168 2186 4225 ut
2206 4158 2393 4226 Deus
2412 4159 2623 4227 Israel

676 4248 802 4314 sibi
847 4247 964 4312 uni
1008 4245 1269 4311 deitatis
1313 4243 1587 4328 gloriam
1630 4256 1970 4311 assereret.
2040 4244 2219 4313 Satis
2261 4254 2362 4312 est
2403 4247 2622 4312 Deum

677 4334 890 4418 egisse
932 4353 1084 4398 suos
1126 4328 1494 4413 triumphos
1536 4330 1617 4395 de
1658 4331 1883 4409 idolis,
1942 4331 2056 4397 ubi
2099 4351 2174 4397 re
2215 4332 2361 4417 ipsa
2403 4332 2624 4417 palam

672 4420 828 4485 fecit
871 4417 1084 4483 nullas
1121 4416 1256 4481 illis
1301 4414 1383 4480 ad
1427 4414 1879 4498 opitulandum
1917 4418 2091 4484 vires
2124 4427 2505 4501 suppetere:
2552 4429 2620 4485 et

675 4501 1264 4657 ᾟῗὲἕέἓθωιεῗιῗὲ
1307 4501 1721 4653 Ρῖιῗιῖῇῗιέἷῗι
1738 4501 2064 4676 ῗῖ3“8ῗῗῒ
2114 4503 2307 4657 *eff-30⁰
2327 4505 2625 4657 §.3333

677 4679 1063 4761 Aegyptum
1108 4609 1352 4751 veniet}
1396 4682 1463 4739 et
1503 4672 1850 4739 concident
1890 4640 2115 4742 ’omnia
2155 4676 2356 4743 idola:
2418 4677 2622 4761 signi·

675 4763 829 4828 ficat
893 4761 1067 4825 enim
1125 4757 1346 4824 Deum
1401 4758 1471 4823 in
1526 4758 1833 4844 Aegypto
1898 4761 2229 4827 editurum
2289 4763 2623 4846 potentiae

678 4866 835 4915 suae
878 4844 1297 4921 documenta,
1350 4863 1516 4927 quae
1567 4866 1863 4911 errorum
1922 4848 2215 4914 omnium
2262 4849 2622 4915 vanitatem

676 4940 1052 5017 coarguant,
1078 4939 1143 4996 et
1164 4939 1470 4996 evertant
1487 4931 1711 4997 omnia
1729 4933 2264 5016 superstitionum
2289 4936 2623 5019 figmenta,

677 5017 914 5102 quibus
958 5016 1211 5100 decepti
1255 5016 1518 5082 fuerant
1559 5019 1659 5083 Ae
1752 5018 1890 5100 ptii.

850 5103 910 5168 8.
980 5101 1254 5184 Profecti
1314 5103 1390 5168 de
1465 5100 1896 5169 Phihahiroth.
1998 5104 2243 5171 Narrat
2304 5128 2387 5191 po
2435 5107 2621 5173 ulum

676 5187 914 5254 itinere
969 5187 1174 5253 tridui
1231 5208 1651 5273 progressum
1710 5208 1883 5256 esse:
1943 5210 2077 5256 non
2136 5199 2276 5257 tam
2329 5213 2367 5256 a
2455 5193 2621 5259 tole-

678 5273 934 5339 rantiae
977 5272 1235 5340 laudem
1279 5294 1473 5357 quam
1519 5272 1602 5339 ad
1654 5273 2106 5342 celebrandam
2162 5275 2619 5346 admirabilem

678 5357 809 5425 Dei
841 5359 1219 5442 potentiam,
1253 5360 1363 5443 qui
1401 5367 1650 5426 tantam
1672 5359 2156 5428 multitudinem
2180 5363 2425 5448 absque
2448 5385 2620 5449 aqua

2070 457 2480 526 REDI'I'US
2525 457 2655 525 AD
2698 455 3245 525 HISTORIAM.

4540 459 4676 528 336

2710 645 3116 714 sustinuerit.
3228 645 3615 713 Tenendum
3691 644 3873 713 enim
3948 655 4053 713 est
4115 646 4432 713 memoria
4494 647 4673 731 quod

2710 731 2870 798 alibi
2912 731 3104 800 docui
3120 782 3137 813 ,
3193 753 3235 799 a
3275 732 3569 799 transitu
3609 733 3816 799 maris
3858 732 4046 799 rubri
4089 752 4300 817 usque
4342 730 4428 799 ad
4470 732 4672 801 Mara

2709 816 2930 884 nullas
2971 818 3178 885 fuisse
3220 838 3424 920 aquas
3467 830 3765 904 repertas
3780 868 3797 897 ,
3853 838 3984 903 quo
4026 819 4238 904 magis
4282 817 4670 886 detestanda

2707 903 2832 969 fuit
2871 904 3099 989 populi
3134 905 3458 988 impietas,
3503 904 3617 988 qui
3648 903 3786 970 illic
3819 912 4089 1003 propter
4122 925 4422 971 amarum
4457 923 4671 1005 aquae

2707 989 4670 1175 :asssfziiffiaeffissssafflfflafifflffi

2709 1159 3009 1228 homines
3031 1183 3323 1231 morosos
3356 1169 3427 1228 et
3459 1162 3870 1245 importunos
3904 1160 4216 1246 dignatus
4249 1170 4354 1228 est
4386 1182 4668 1229 amoena

2708 1254 2776 1313 et
2819 1246 3188 1315 delectabili
3230 1248 3512 1315 statione
3553 1267 3866 1314 recreare.
3933 1248 4181 1314 Primis
4214 1248 4389 1314 enim
4425 1250 4664 1315 castris

2709 1331 2970 1399 deducti
3036 1342 3196 1399 sunt
3256 1334 3330 1399 in
3395 1334 3574 1402 Elim
3591 1383 3608 1412 ,
3674 1333 3787 1400 ubi
3851 1334 4028 1400 nacti
4093 1346 4252 1399 sunt
4314 1332 4665 1402 duodecim

2707 1417 2956 1500 fontes,
3012 1428 3079 1484 et
3137 1419 3391 1502 palmas
3449 1421 3889 1504 septuaginta.
3977 1420 4333 1485 Desertum
4393 1418 4522 1486 Sin
4564 1419 4663 1486 le-

2708 1505 2881 1570 viter
2936 1506 3249 1588 praeterit
3297 1505 3546 1582 Moses,
3605 1525 3682 1571 ac
3738 1505 3797 1570 si
3860 1504 4029 1570 nihil
4093 1504 4227 1570 illic
4291 1516 4662 1572 memoratu

2705 1587 2979 1675 dignum
3019 1591 3197 1658 conti
3247 1592 3432 1658 'ssetz
3491 1611 3695 1675 quum
3737 1599 3960 1657 tamen
4004 1590 4139 1657 illic
4181 1611 4253 1657 se
4296 1590 4662 1674 prodiderit

2710 1676 2989 1743 scelesta
3029 1612 3266 1763 popuIi¹
3301 1678 3627 1761 impietas,
3672 1685 3739 1742 et
3779 1677 4027 1761 insigni
4069 1677 4384 1744 miraculo
4426 1675 4661 1742 nobili-

2710 1770 2890 1828 tatus
2932 1764 3130 1829 fuerit
3170 1763 3384 1842 locus,
3443 1784 3647 1847 quum
3690 1784 3848 1828 man
3891 1784 3929 1828 e
3977 1762 4158 1829 coelo
4202 1762 4549 1829 distillavit
4588 1763 4662 1829 in

2712 1849 3096 1915 alimentum
3141 1849 3386 1932 populi,
3432 1862 3506 1914 ut
3551 1850 3795 1933 apertis
3838 1847 4000 1915 coeli
4041 1848 4375 1927 fenestris,
4422 1868 4663 1934 panem

2711 1935 3085 2020 angelicum
3107 1934 3403 2001 mortalis
3438 1935 3635 2001 homo
3668 1933 4054 2001 comederet.
4120 1935 4428 2001 Breviter
4462 1936 4662 2001 etiam

2711 2023 2982 2105 attingit
3014 2021 3085 2086 in
3109 2020 3468 2105 Raphidim
3504 2041 3640 2087 non
3675 2021 3874 2087 fuisse
3916 2039 4119 2105 aquas
4162 2020 4246 2086 ad
4288 2019 4660 2087 bibendum.

2714 2108 2969 2174 Verum
3025 2107 3183 2174 satis
3241 2107 3472 2174 habuit
3526 2105 3650 2173 hoc
3706 2106 3847 2172 loco
3910 2127 4264 2172 numerare
4325 2107 4661 2187 stationes,

2711 2214 2878 2277 quae
2934 2193 3174 2277 populo
3231 2214 3338 2259 res
3393 2199 3613 2278 gestas
3671 2193 3740 2257 in
3806 2192 4191 2258 memoriam
4255 2202 4660 2258 revocarent.

2711 2279 2798 2344 In
2860 2279 3178 2362 sepulcris
3246 2278 3814 2362 concupiscentiae
3876 2278 4278 2361 insculptum
4333 2278 4462 2343 fuit
4516 2279 4662 2345 vin-

2713 2365 2925 2432 dictae
2967 2366 3094 2431 Dei
3139 2372 3654 2430 monumentum.
3721 2362 3855 2431 Sed
3901 2384 4104 2447 quum
4148 2364 4279 2429 alia
4319 2363 4462 2430 loca
4505 2365 4662 2430 sim-

2756 2451 2969 2518 liciter
3003 2458 3319 2528 recenset,
3364 2452 3627 2534 sepulta
3661 2469 3883 2515 rerum
3919 2449 4317 2527 narratione,
4355 2449 4662 2535 colligere

2743 2537 2866 2602 ‘cet
2919 2536 3089 2619 quod
3147 2535 3347 2619 paulo
3405 2548 3560 2602 ante
3616 2535 3787 2617 dixi,
3843 2555 3978 2602 non
4036 2533 4217 2601 aliud
4270 2536 4471 2602 fuisse
4525 2537 4664 2602 eius

2712 2622 3061 2688 consilium
3104 2643 3297 2707 quam
3342 2622 3583 2706 populo
3626 2631 3782 2688 ante
3823 2622 4050 2688 oculos
4085 2621 4444 2706 depingere
4477 2642 4664 2706 pere·

2822 2707 3152 2774 nationem
3210 2730 3340 2793 qua
3397 2708 3750 2774 defunctus
3808 2708 4021 2773 fuerat
4077 2729 4196 2792 per
4252 2728 4461 2774 annos
4505 2729 4664 2792 qua-

2717 2730 3041 2878 {aginta
3144 2793 3380 2861 Obiter
3434 2804 3655 2859 tamen
3709 2793 4011 2859 meminit
4074 2795 4302 2859 mortis
4357 2792 4663 2860 Aharon:

2718 2880 2872 2963 quia
2926 2880 3245 2964 singulari
3288 2879 3417 2945 Dei
3471 2880 3783 2947 beneficio
3836 2889 4189 2963 prorogata
4244 2879 4372 2945 fuit
4425 2881 4486 2945 ei
4531 2881 4665 2946 vita

2719 2968 2789 3031 in
2831 2967 3110 3050 gratiam
3155 2965 3380 3050 populi
3395 3016 3411 3043 ,
3469 2963 3675 3031 donec
3717 2965 3999 3030 instaret
4040 2973 4304 3048 tempus
4346 2986 4474 3048 quo
4515 2987 4662 3050 pro-

2719 3051 2986 3118 missam
3044 3059 3287 3119 terram
3345 3051 3594 3117 adituri
3644 3061 3868 3128 erant,
3936 3049 4458 3135 quandoquidem
4505 3050 4663 3118 utile

2719 3157 2795 3204 ac
2840 3138 3279 3204 necessarium
3336 3138 3636 3202 fraenum
3693 3144 3836 3204 erat
3885 3138 4027 3203 eius
4070 3137 4389 3204 autoritas
4432 3136 4520 3203 ad
4560 3158 4662 3204 co·

2717 3222 3071 3290 bibendam
3115 3225 3334 3308 gentis
3376 3224 3538 3289 adeo
3581 3234 3923 3307 protervae
3965 3223 4294 3289 ferociam.
4383 3223 4662 3290 Interim

2720 3330 2929 3392 poena
2972 3318 3198 3376 sancto
3242 3311 3387 3377 viro
3448 3308 3701 3375 inflicta
3751 3317 4047 3394 posteros
4098 3329 4364 3375 monere
4419 3306 4658 3390 debuit,

2719 3415 2852 3460 non
2893 3395 3009 3461 abs
3052 3417 3124 3461 re
3167 3404 3388 3480 patres
3431 3415 3658 3461 severe
3702 3393 3906 3462 fuisse
3948 3396 4324 3479 castigatos,
4362 3395 4476 3478 qui
4522 3416 4663 3480 pec·

2718 3488 2868 3547 cata
2923 3484 3206 3565 peccatis
3271 3480 3509 3548 addere
3574 3501 3712 3546 non
3778 3481 4189 3547 destiterant:
4255 3480 4520 3564 quando
4579 3503 4659 3548 ne

2718 3587 2909 3632 servo
2953 3566 3216 3650 quidem
3259 3589 3378 3634 suo
3422 3567 3604 3633 Deus
3646 3565 3730 3633 ob
3771 3567 4041 3633 unicum
4086 3566 4397 3633 delictum
4432 3588 4659 3652 peper-

2719 3660 2919 3719 cerat.
3028 3652 3224 3735 Quod
3300 3655 3608 3719 continuo
3685 3661 3836 3738 post
3899 3652 4113 3718 addit:
4190 3652 4659 3720 Obananaeum

2721 3745 2881 3806 tunc
2924 3739 3209 3821 primum
3257 3739 3516 3805 audisse
3561 3736 3642 3805 de
3684 3738 3978 3804 adventu
4016 3739 4302 3804 filiorum
4325 3739 4551 3817 Israel,
4587 3760 4657 3805 eo

2720 3823 3046 3908 significat
3089 3824 3409 3891 divinitus
3452 3824 3671 3890 velum
3713 3825 4080 3908 oppositum
4118 3825 4318 3892 fuisse
4351 3824 4656 3906 hostibus,

2721 3929 2806 3974 ne
2847 3909 3043 3976 citius
3084 3910 3307 3978 infesti
3349 3919 3586 3978 essent.
3675 3910 3784 3976 Ita
3839 3910 4018 3976 enim
4075 3910 4301 3978 iudicii
4344 3911 4451 3977 sui
4490 3914 4656 3996 rigo-

2722 4015 2866 4060 rem
2936 3996 3268 4081 mitigavit
3322 3997 3505 4063 Deus
3571 4004 3643 4061 ut
3695 3995 4018 4064 Israelitis
4074 3996 4368 4080 quietum
4433 3998 4656 4064 saltem

2720 4088 2893 4148 esset
2956 4082 3259 4148 exsilium
3276 4133 3292 4162 ,
3360 4092 3428 4149 et
3503 4082 3797 4150 immune
3869 4082 3949 4148 ab
4012 4092 4288 4148 externa
4347 4082 4654 4162 molestia,

2723 4165 3030 4250 quamdiu
3076 4169 3146 4232 in
3190 4165 3444 4235 deserto
3486 4169 3643 4251 ipsis
3685 4167 4036 4234 errandum
4082 4175 4241 4234 erat.

2893 4252 2996 4319 50.
3056 4253 3381 4337 Loquutus
3434 4259 3523 4320 est
3566 4253 3816 4320 lebona.
3904 4254 4144 4321 Finem
4196 4263 4266 4321 et
4318 4255 4654 4322 consilium

2726 4337 2872 4416 Dei,
2917 4358 3035 4405 cur
3114 4349 3299 4406 entes
3342 4339 3582 4423 expelli
3625 4340 3845 4419 vellet,
3891 4339 4049 4406 alibi
4091 4341 4533 4425 exposuimus,
4574 4360 4653 4407 ne

2723 4423 2967 4490 scilicet
3017 4361 3464 4492 agulterarent
3504 4426 3641 4492 suis
3680 4426 3988 4491 mixturis
4029 4447 4269 4510 purum
4312 4426 4484 4511 legis
4525 4426 4653 4494 cul-

2723 4517 2866 4574 tum
2881 4561 2897 4591 ,
2951 4509 3263 4595 populum
3305 4512 3496 4576 malis
3529 4512 3847 4596 exemplis
3888 4521 4415 4596 corrumperent,
4469 4521 4653 4597 atque

2723 4595 2885 4662 adeo
2927 4596 3423 4681 inquinamenta
3442 4605 3662 4664 essent
3681 4606 3898 4664 terrae
3931 4607 4212 4665 sanctae.
4274 4598 4470 4666 Nunc
4503 4618 4652 4666 vero

2722 4682 2850 4748 alio
2891 4683 3157 4767 respicit
3199 4683 3452 4763 Moses,
3512 4684 3667 4767 quia
3708 4682 3788 4749 de
3829 4693 4043 4750 terrae
4084 4684 4438 4769 partitione
4479 4694 4653 4752 actu-

2722 4789 2838 4833 rus
2882 4769 3232 4851 praefatur,
3277 4769 3687 4836 vacuandam
3720 4791 3863 4836 esse
3896 4769 4032 4835 suis
4065 4769 4317 4850 incolis,
4357 4779 4434 4835 ut
4470 4771 4654 4855 plena

2720 4863 2788 4918 et
2830 4854 3037 4920 libera
3077 4855 3299 4922 fruitio
3333 4865 3597 4922 maneat
3636 4855 3790 4921 filiis
3830 4854 4083 4922 Iisrael.
4150 4855 4513 4923 Contextus
4553 4857 4652 4924 hic

2721 4939 3044 5006 notandus
3096 4949 3229 5007 est:
3288 4943 3593 5024 quoniam
3648 4941 3889 5025 alioqui
3943 4940 4123 5007 locus
4180 4942 4285 5009 hic
4328 4944 4651 5026 appendix

2718 5025 2952 5092 fuisset
2994 5027 3186 5109 primi
3229 5027 3576 5110 praecepti,
3620 5027 3808 5094 sicuti
3844 5026 4053 5093 altera
4084 5047 4240 5111 pare
4273 5047 4506 5097 versus
4537 5028 4651 5097 sub

2718 5111 2930 5195 primo
2971 5120 3319 5196 praecepto
3362 5113 3579 5197 posita
3619 5113 3764 5179 fuit.
3851 5112 4102 5178 Verum
4148 5114 4303 5197 quia
4345 5117 4645 5183 coniunc-

2720 5197 2840 5261 tim
2877 5199 3270 5281 pronunciat
3312 5198 3529 5266 Deus:
3571 5198 3939 5282 Expelletis
3979 5198 4227 5267 incolas
4269 5220 4308 5266 e
4351 5209 4547 5281 terra,
4587 5209 4649 5268 et

2715 5280 2854 5348 illic
2888 5282 3286 5362 habitabitis,
3323 5285 3478 5368 quia
3512 5283 3663 5351 dedi
3698 5283 3884 5352 vobis
3917 5282 4395 5368 possidendam,
4433 5286 4646 5356 absur-

2718 5366 2875 5434 dum
2917 5369 3045 5435 fuit
3085 5369 3454 5438 membrum
3495 5391 3702 5437 unum
3744 5368 3829 5436 ab
3869 5370 4074 5438 altero
4107 5369 4349 5438 divelli.
