5017 6142
450 457 576 527 213

448 647 734 731 percitos
767 645 971 714 fuisse
1003 646 1360 724 Israelitas,
1406 658 1481 715 ut
1514 645 1661 714 Deo
1694 658 1915 716 essent
1947 648 2385 733 immorigeri:

450 731 610 816 quia
649 732 891 884 inl-llige
931 753 1118 833 eorem
1151 731 1233 833 ’lo
1256 753 1409 881 {ion
1454 733 1670 835 minor
1687 732 2385 885 ί3τοὶιιοοὶιιίιιῖιιοὲδιοι·ιιιίο

490 838 729 885 uama
849 839 1190 885 ruse.
1320 838 1686 885 erumsicu
1757 838 1892 885 una
2093 839 2386 886 nonon

449 837 609 969 iacit
649 924 786 983 ver,
826 839 1046 971 itapex
1089 925 1220 971 uno
1261 904 1598 988 praeclaro
1642 912 1791 971 actu
1833 924 2179 988 perperam
2221 904 2390 978 iudi-

450 1001 639 1056 catur
679 987 759 1056 de
803 996 942 1055 tota
974 988 1311 1057 hominum
1346 989 1503 1056 vita.
1572 987 1941 1056 Adducitur
1975 990 2138 1075 legis
2171 998 2387 1057 trans-

450 1093 714 1159 gressor
777 1072 857 1139 ad
924 1073 1155 1142 Mosen
1219 1090 1289 1141 et
1351 1074 1644 1142 Aharon.
1748 1075 1995 1141 Eorum
2072 1077 2386 1143 autoritas

452 1168 665 1226 totum
728 1158 1039 1244 populum
1103 1159 1175 1226 in
1239 1160 1455 1227 officio
1529 1161 1831 1227 continet.
1942 1160 2172 1227 Altera
2236 1161 2383 1228 laus

451 1243 827 1324 modestiae,
910 1243 1043 1311 uod
1085 1245 1424 1328 tranquilli
1468 1254 1857 1330 exspectant
1875 1245 2006 1313 Dei
2047 1245 2382 1313 iudicium.

448 1329 725 1397 Accedit
767 1343 880 1396 tan
925 1351 1031 1396 em
1072 1330 1430 1397 strenuitas
1471 1330 1555 1398 ad
1598 1330 2121 1416 exsequendum,
2183 1331 2384 1399 simul

450 1435 527 1483 ac
567 1413 757 1482 Deus
811 1415 1203 1483 sententiam
1256 1416 1544 1500 protulit.
1631 1416 1903 1484 Diceres
1944 1415 2029 1483 ad
2069 1416 2382 1501 pietatem

451 1501 635 1567 omni
677 1522 762 1568 ex
805 1510 991 1585 parte
1031 1512 1209 1569 recte
1249 1522 1394 1569 esse
1434 1501 1857 1586 compositos:

450 1587 632 1652 nima
687 1605 984 1671 quaeque
1040 1585 1288 1654 occasio
1348 1588 1525 1672 ipsos
1589 1586 1867 1654 subinde
1925 1596 2378 1654 transversum

449 1672 624 1755 egit,
682 1680 868 1739 tanta
921 1671 1191 1739 levitate
1246 1672 1500 1739 detecta
1553 1671 1680 1739 fuit
1721 1692 1948 1739 eorum
1993 1673 2040 1739 h
2210 1673 2380 1741 risis.

449 1757 640 1824 Haec
704 1778 859 1824 vero
921 1756 1231 1825 historiae
1294 1778 1552 1825 summa
1613 1766 1744 1839 est,
1820 1758 2020 1824 unius
2145 1758 2383 1825 ominis

451 1853 661 1910 morte
702 1843 1023 1911 munitam
1064 1843 1266 1910 fuisse
1306 1841 1688 1929 religionem
1729 1843 2060 1922 sabbathi,
2118 1852 2192 1910 ut
2233 1845 2382 1929 plus

452 1925 689 1995 deinde
744 1929 1185 1996 venerationis
1236 1928 1525 1996 haberet.
1611 1929 1792 1995 Fieri
1850 1928 2110 2013 quidem
2170 1938 2383 2013 potest

451 2022 531 2080 ιιι
571 2013 867 2081 homines
907 2013 1022 2080 isti
1061 2016 1214 2098 quia
1255 2013 1553 2082 sabbathi
1591 2022 2137 2100 transgressorem
2184 2015 2387 2083 addu-

451 2109 722 2179 xerunt,
765 2099 914 2166 aliis
946 2101 1021 2165 in
1053 2100 1249 2166 rebus
1281 2101 1529 2180 securi,
1572 2111 1884 2166 externae
1938 2101 2385 2168 caeremoniae

451 2186 626 2252 sicut
664 2205 809 2251 mos
850 2194 952 2252 est
995 2184 1042 2250 h
1087 2185 1358 2269 pocritis
1374 2235 1391 2265 ,
1444 2206 1646 2270 supra
1683 2185 1951 2252 modum
2006 2185 2202 2271 rigidi
2240 2187 2383 2254 fue-

451 2270 592 2337 rint
624 2268 937 2338 vindices.
1068 2290 1113 2333 x
1145 2291 1362 2356 poena
1392 2279 1614 2338 tamen
1656 2271 1965 2357 colligere
2005 2271 2159 2339 licet
2197 2292 2384 2338 reum

448 2356 671 2440 ipsum
732 2376 864 2421 non
929 2375 1151 2423 errore
1212 2356 1469 2441 lapsum
1531 2377 1674 2424 esse
1691 2406 1708 2436 ,
1772 2356 1889 2423 ssd
1945 2376 2164 2424 crasso
2218 2357 2386 2443 legis

448 2450 861 2524 contemptu,
903 2453 981 2508 ut
1021 2460 1207 2509 sacra
1248 2443 1467 2509 omnia
1509 2441 1896 2509 subvertere
1937 2451 2054 2507 aut
2095 2463 2385 2510 corrum-

451 2546 611 2626 pere
652 2546 773 2609 pro
824 2526 1035 2628 nihilo
1087 2526 1376 2595 duceret.
1463 2525 1799 2595 Inscitiam
1857 2527 2119 2613 quidem
2162 2529 2235 2595 in
2277 2549 2384 2595 sa-

448 2611 929 2797 Qut:
955 2612 1803 2798 munimur
1841 2613 2225 2779 offla
2269 2614 2383 2765 :22

477 2791 727 2849 nutam
768 2783 1033 2851 sceleris
1072 2784 1302 2851 fuisset
1342 2792 1702 2851 convictus.
1845 2802 1994 2851 orro
2039 2783 2164 2850 hac
2205 2805 2386 2852 seve-

449 2869 648 2936 ritate
688 2876 964 2935 testatus
1004 2879 1103 2936 est
1146 2868 1376 2953 quanti
1429 2869 1673 2937 faceret
1730 2868 2033 2936 sabbathi
2074 2868 2383 2937 observa·-

451 2954 722 3021 tionem.
797 2954 998 3021 Ratio
1033 2954 1191 3022 alibi
1232 2955 1359 3021 fuit
1402 2954 1716 3038 exposita,
1761 2955 1934 3039 quod
1978 2954 2226 3023 scilicet
2258 2955 2383 3023 hac

448 3047 609 3107 nota
650 3048 717 3107 et
754 3039 1053 3127 symbolo
1095 3041 1279 3109 Deus
1332 3040 1610 3108 electum
1655 3040 1967 3126 populum
2009 3060 2050 3106 a
2092 3040 2384 3125 profanis

449 3125 759 3276 gentibus
1053 3138 1246 3194 asset.
1344 3125 1538 3194 Unde
1590 3135 1658 3192 et
1709 3126 2058 3211 praecipua
2112 3125 2385 3193 infamia

495 3210 716 3277 udaeis
731 3260 748 3289 ,
789 3231 995 3295 quum
1038 3211 1439 3280 sabbatharii
1482 3218 1889 3279 vocarentur.
1976 3209 2112 3279 Sed
2155 3222 2382 3279 tenen·

450 3295 610 3396 dum
666 3304 794 3377 est,
852 3296 1101 3362 cultum
1145 3298 1270 3364 Dei
1327 3319 1460 3364 non
1517 3298 1592 3364 in
1647 3296 1780 3365 otio
1838 3305 1902 3364 et
1958 3296 2138 3364 feriis
2178 3297 2384 3364 situm

447 3467 735 3552 septimo
769 3466 876 3534 die
915 3478 1334 3552 praeceperat
1367 3469 1583 3535 Deus:
1629 3488 1763 3535 non
1806 3477 2068 3536 tantum
2109 3475 2184 3535 ut
2224 3477 2385 3536 tuno

446 3573 716 3636 operam
752 3572 940 3620 suam
975 3552 1431 3637 impenderent
1450 3552 1846 3621 meditandis
1880 3554 2024 3620 eius
2056 3552 2383 3638 operibus,

1903 1499 2019 1568 sed
2062 1502 2216 1585 quia
2258 1503 2382 1569 mi·

744 3380 1015 3466 ideoque
1070 3381 1157 3449 ad
1209 3382 1413 3450 alium
1467 3385 1664 3449 finem
1719 3391 2047 3467 spectasse
2088 3381 2260 3466 quod
2303 3381 2384 3451 de

322 3717 337 3728 ³
446 3637 565 3705 sed
609 3653 689 3704 nt
747 3637 873 3705 sibi
930 3640 1395 3706 renunciantes
1451 3660 1526 3706 ac
1569 3641 1847 3724 propriis
1888 3640 2194 3724 operibus
2236 3638 2384 3706 Deo

447 3723 773 3790 viverent.
870 3724 1076 3791 Porro
1140 3727 1208 3791 in
1273 3745 1514 3809 genere
1575 3726 1698 3793 hoc
1761 3725 2139 3810 exemplum
2197 3725 2385 3793 docet

442 3830 581 3876 non
625 3809 844 3910 minus
884 3810 968 3877 ad
1009 3810 1248 3895 prioris
1289 3830 1490 3895 quam
1546 3811 1869 3880 secundae
1926 3810 2185 3878 tabulae
2227 3831 2382 3878 con·

442 3905 886 3963 servationem
930 3898 1171 3962 armari
1212 3897 1674 3982 magistratus:
1732 3907 1807 3965 ut
1857 3898 1913 3965 si
1957 3916 2200 3980 poenas
2242 3897 2379 3962 exi·

440 3989 616 4067 gunt
657 3979 740 4046 de
782 3979 1118 4058 caedibus,
1169 3980 1542 4061 adulteriis,
1585 3991 1653 4048 et
1692 3983 1919 4063 furtis,
1963 3982 2210 4048 cultum
2251 3982 2383 4048 Dei

406 4065 801 4133 ·vindicent.
892 4064 966 4134 Si
1009 4065 1232 4133 uidem
1275 4067 1639 4134 notandum
1682 4076 1802 4148 est,
1843 4087 1976 4133 non
2018 4062 2385 4134 inconside-

440 4162 589 4218 rato
637 4160 818 4217 motu
873 4153 1234 4236 lapidatum
1283 4153 1487 4219 fuisse
1544 4153 1909 4233 hominem,
1966 4151 2080 4219 sed
2124 4175 2210 4218 ex
2253 4153 2381 4219 Dei

441 4237 865 4387 graescripto.
953 4236 1268 4305 Sciebant
1325 4237 1588 4322 quidem
1641 4237 1797 4321 quid
1853 4236 2030 4323 apud
2072 4236 2204 4305 Dei
2261 4240 2382 4304 tri-

488 4320 648 4388 unal
691 4323 970 4390 meritus
1014 4332 1218 4390 osset:
1271 4345 1499 4392 verum
1543 4325 1694 4407 quia
1740 4324 1923 4389 nulla
1965 4322 2075 4390 lex
2120 4322 2382 4407 politica

447 4407 603 4475 data
666 4416 838 4489 erat,
904 4409 1112 4476 noluit
1171 4408 1391 4477 Moses
1407 4460 1424 4489 ,
1488 4410 1619 4476 nisi
1684 4430 1771 4475 ex
1836 4407 1964 4476 Dei
2029 4410 2383 4476 autoritate

442 4493 803 4579 quidquam
852 4504 1162 4563 statuere.

998 4835 1348 4904 NUMER.
1395 4836 1595 4903 OAP.
1635 4834 1828 4901 XVI.

625 5010 680 5075 1.
730 5009 903 5076 Tulit
947 5013 1157 5075 autem
1203 5007 1405 5076 Gorah
1458 5007 1641 5090 filius
1681 5007 1909 5086 Ishar,
1961 5007 2090 5088 filii
2137 5006 2385 5088 canath,

446 5095 576 5177 filii
612 5095 786 5176 Levi,
816 5101 873 5161 et
904 5094 1163 5162 Datkan
1197 5100 1256 5161 et
1290 5094 1536 5161 Abiron
1564 5094 1691 5177 filii
1728 5093 1941 5172 Eliab,
1987 5098 2045 5159 et
2085 5093 2181 5160 On
2209 5094 2387 5176 filius

456 5180 667 5247 Paleou
702 5180 831 5262 filii
874 5180 1146 5247 Reuben.
1235 5181 1294 5246 2.
1342 5179 1431 5245 Et
1486 5186 1895 5247 sun-remorant
1938 5200 2146 5246 coram
2188 5179 2385 5260 Mose,

448 5272 507 5333 et
546 5267 677 5333 viri
718 5287 751 5332 e
787 5267 951 5349 filiis
992 5265 1199 5333 Israel
1240 5267 1481 5333 docmati
1525 5265 2011 5350 quinquaqinta,
2066 5266 2388 5349 principes

440 5353 955 5438 oonyreyationis,
998 5352 1196 5419 vocati
1238 5353 1323 5417 ad
1364 5356 1607 5435 tempus
1646 5355 1978 5431 statutum,
2022 5353 2151 5418 viri
2193 5351 2387 5418 nomi·

1849 459 2256 530 REDITUS
2303 460 2430 528 AD
2475 459 3021 530 HISTORIAM.

4299 466 4432 532 214

2486 669 2636 836 ξεί,
2680 649 2759 802 ἕο
2795 655 3286 802 dixerueoqtatff
3302 651 3974 837 &zm-eigamma·
3999 652 4428 836 ‚totadmffi

2482 824 2673 904 mtto,
2716 839 2999 887 unwersv
3042 840 3175 903 spat
3212 825 3416 889 sanct*
3445 826 3611 899 aunt,
3655 826 3713 887 a*
3744 842 3816 887 m
3845 823 4048 889 madro
4080 842 4293 889 corum
4334 830 4426 890 est

2489 904 2758 972 Iehova:
2814 926 3013 990 quare
3054 926 3196 991 erqo
3237 906 3469 989 effertis
3508 926 3617 973 vos
3656 926 3860 989 supra
3900 910 4423 993 conpr-cyaticam

2488 989 2805 1057 Iskome?
2891 992 2954 1056 4.
3005 992 3183 1074 Quod
3222 1011 3416 1074 quum
3455 992 3734 1058 audisset
3775 991 4015 1074 Moses,
4045 994 4318 1075 proiecit
4355 1015 4423 1062 ee

2486 1075 3071 1159 infaciem-suam.
3157 1076 3358 1143 &Et
3728 1075 4422 1147 estadGorabetad

2485 1181 2722 1228 mnam
2768 1162 3290 1246 meyationom
3340 1163 3508 1243 eius,
3562 1162 3849 1230 dicando.-
3912 1162 4111 1229 Maus
4160 1165 4424 1233 ostenda

2488 1245 2723 1313 Iehova
2764 1248 2877 1330 qui
2917 1249 3047 1313 sint
3089 1248 3243 1322 eires.
3286 1252 3342 1313 ct
3382 1248 3828 1331 quissanctus,
3867 1249 4420 1318 &maamad

2484 1352 2590 1398 se.-
2644 1337 2700 1399 d
2753 1332 3257 1416 quomeleyorit,
3315 1332 4088 1416 aoeedmfacietadse.
4176 1333 4236 1401 6.
4286 1335 4419 1405 Hoc

2482 1416 2699 1500 facite,
2742 1418 2940 1500 capite
2982 1418 3153 1485 vobis
3192 1437 3480 1484 amas.-
3526 1416 3732 1486 &rab
3772 1423 3830 1484 ct
3867 1423 3992 1486 tota
4029 1423 4418 1506 commotio

2483 1503 2641 1583 eius,
2721 1503 2782 1567 7.
2827 1499 2919 1569 Et
2949 1504 3162 1586 ponite
3202 1505 3272 1569 in
3313 1504 3452 1569 illis
3491 1504 3712 1588 synart,
3746 1504 4041 1586 imponito
4081 1525 4317 1589 quoque
4347 1508 4418 1572 in

2483 1589 2940 1656 eisinoensum
2994 1587 3478 1657 coramIehova
3531 1608 3703 1669 cras,
3759 1595 3815 1655 et
3868 1590 4020 1669 erit,
4084 1591 4187 1656 vir
4240 1611 4416 1674 quem

2687 1671 3033 1755 'Iehovm
3090 1675 3209 1740 erit
3257 1673 3693 1759 iaceamus.-
3747 1675 3906 1741 eatis
3959 1676 4418 1759 sitvobisfilii

2484 1759 2660 1826 Levi.
2749 1759 2810 1826 8.
2866 1757 2956 1824 Εἴ
3007 1758 3174 1825 dimit
3215 1759 3430 1826 Moses
3479 1759 3565 1826 ad
3610 1758 3850 1825 Gorah:
3901 1759 4137 1827 Audite
4192 1781 4419 1844 quaeso

2480 1843 2801 1927 filiiLevi.
2864 1843 2926 1910 9.
2969 1843 3084 1910 An
3119 1843 4423 1928 pamhocvobisestqwdseparavorit

2484 1929 2665 1997 Deus
2706 1929 2975 1996 Israelis
3013 1948 3123 1996 vos
3160 1931 3237 1995 de
3276 1930 3732 2015 confi-cyatica
3763 1929 3971 1997 Israel
3984 1980 4002 2012 ,
4041 1935 4112 1997 ut
4144 1932 4421 2000 accedere

2482 2015 2711 2098 sacerd
2743 2034 2856 2082 vos
2884 2013 3010 2082 sibi
3041 2019 3109 2081 ut
3141 2015 3513 2081 ministretis
3549 2016 3623 2081 in
3664 2016 4011 2083 munisterio
4042 2015 4422 2085 tabernaculi

2487 2100 2770 2182 Iskome,
2812 2104 2870 2166 et
2908 2104 2979 2166 ut
3010 2102 3265 2168 staretis
3301 2120 3514 2167 coram
3552 2102 4038 2184 conyrcyatioroe,
4082 2107 4153 2167 ut
4191 2105 4417 2173 minis-

2486 2187 2744 2254 traretis
2784 2186 2865 2266 ei,
2899 2221 2903 2224 <
2955 2185 3065 2286 10..
3100 2185 3190 2251 Et
3230 2185 3521 2285 accedere·
3548 2185 3696 2268 fecit
3734 2189 3898 2285 “n“
3937 2206 4147 2286 onmes
4181 2188 4419 2272 fratres

2484 2463 2600 2525 qus
2639 2446 3004 2510 conventum
3042 2446 3252 2509 contra
3292 2441 3615 2507 Ichovam:
3675 2446 3744 2507 at
3780 2460 3923 2506 uero
3965 2442 4229 2510 Aharon
4268 2447 4422 2528 quid

2484 2533 2594 2609 est,
2635 2529 2799 2612 quod
2838 2529 3285 2595 marcatis
3327 2527 3628 2594 adversm
3668 2526 3859 2593 eum?

2662 2699 2721 2764 1.
2772 2697 2949 2766 Tul&
2989 2702 3212 2764 amer».
3298 2697 3431 2765 Hic
3473 2707 3780 2764 narratur
3820 2697 4026 2781 impia
4068 2718 4417 2781 paucorum

2488 2785 2832 2852 hominum
2848 2833 2866 2865 ,
2913 2782 3027 2850 sed
3071 2782 3365 2867 primarii
3408 2782 3674 2864 ordinis,
3717 2784 4140 2867 conspiratio:
4184 2785 4417 2867 quibus

2486 2870 2831 2937 consilium
2914 2868 3042 2935 fuit
3124 2866 3555 2935 sacerdotium
3642 2868 3957 2935 divinitus
4040 2869 4418 2937 institutum

2486 2967 2785 3022 evertere
2837 2963 2909 3020 et
2960 2952 3239 3019 abolere.
3341 2954 3571 3021 Mosen
3625 2954 3888 3037 quidem
3943 2953 4295 3038 impetunt,
4352 2965 4419 3022 et

2484 3042 2765 3109 iniustae
2807 3038 3268 3106 dominationis
3307 3038 3729 3105 insimulant:
3775 3048 3854 3104 nt
3892 3040 4257 3106 turbulenti
4300 3040 4417 3106 ho·

2484 3126 2697 3193 mines
2750 3125 2896 3192 sine
2950 3124 3203 3190 ratione
3261 3136 3329 3190 et
3389 3124 3630 3191 iudicio
3693 3124 4029 3191 feruntur:
4093 3124 4209 3191 sed
4271 3124 4418 3192 ideo

2484 3220 2744 3278 tantum
2786 3210 2959 3278 Mcsi
3013 3218 3175 3276 sunt
3234 3208 3458 3276 infesti
3514 3211 3665 3293 quia
3722 3209 4068 3277 sacerdotii
4122 3226 4418 3277 autorem

2484 3317 2630 3364 esse
2687 3303 2953 3381 putant:
3052 3295 3179 3361 uod
3234 3295 3425 3360 facile
3480 3295 3741 3362 elicitur
3782 3316 3863 3361 ex
3907 3296 4048 3362 eius
4089 3315 4416 3380 responso.

2486 3383 2717 3467 Neque
2751 3382 2927 3448 enim
2959 3380 3031 3446 iu
3114 3386 3143 3446 t
3173 3379 3246 3446 in
3278 3379 3568 3447 medium
3604 3381 3883 3463 prodire,
3923 3390 3999 3446 ut
4032 3380 4113 3448 de
4143 3384 4418 3464 imperio

2488 3467 2599 3536 vel
2635 3468 3003 3552 principatu
3040 3464 3432 3549 disceptent:
3469 3464 3583 3532 sed
3619 3474 3691 3532 ut
3723 3466 3945 3549 palam
3980 3465 4096 3531 fiat
4128 3488 4215 3532 an
4238 3467 4419 3535 Deus

2488 3554 2663 3639 ipsos
2718 3553 3026 3618 admittat
3079 3551 3462 3619 sacerdotes.
3549 3551 3778 3635 Neque
3836 3549 4016 3617 aliud
4066 3551 4421 3636 exprobrat

2489 3639 2749 3706 Levitis
2792 3658 2989 3721 quam
3032 3635 3201 3721 quod
3246 3646 3419 3703 sorte
3462 3658 3583 3703 sua
3622 3657 3756 3703 non
3801 3638 4125 3718 contenti,
4179 3638 4420 3704 summi

2488 3723 2833 3791 sacerdotii
2893 3723 3206 3789 honorem
3262 3735 3679 3807 praepostere
3734 3723 4058 3789 affectent.
4157 3722 4420 3790 Invidia

2478 3811 2692 3897 ‚igitur
2734 3809 2953 3877 Gorah
2999 3817 3067 3875 et
3107 3809 3248 3874 eius
3290 3807 3543 3875 sodales
3585 3808 3932 3893 instigavit
3980 3817 4056 3873 ut
4110 3808 4416 3894 iurgium,

2487 3895 2723 3962 deinde
2786 3895 3139 3961 tumultum
3205 3903 3550 3960 moverent
3626 3893 3708 3960 de
3785 3893 4178 3960 sacerdotio:
4258 3895 4411 3979 quia

2483 3980 2759 4067 indigne
2813 3981 3113 4048 ferebant
3168 3979 3289 4044 sibi
3348 3989 3416 4044 et
3471 3979 3750 4063 posteris
3787 4000 3969 4063 spem
4013 3978 4412 4062 adipiscendi

2488 4067 2754 4134 honoris
2818 4074 3130 4151 perpetuo
3208 4062 3579 4148 ademptam
3657 4084 3830 4131 esse:
3910 4064 4017 4130 Ita
4093 4064 4282 4130 nulla
4344 4068 4415 4132 in

2485 4152 2758 4221 ecclesia
2824 4153 2949 4219 Dei
3016 4150 3345 4216 exitialior
3406 4159 3520 4216 aut
3583 4150 3862 4216 deterior
3923 4170 4213 4233 unquam
4288 4151 4418 4218 fuit

2485 4239 2690 4323 pestis
2743 4258 2939 4321 quam
2993 4235 3292 4303 ambitio:
3350 4236 3505 4319 quia
3560 4237 3704 4302 fieri
3745 4256 3876 4301 non
3921 4243 4139 4319 potest
4180 4242 4257 4302 ut
4299 4238 4414 4320 qui

2485 4324 2775 4390 eminere
2817 4324 3108 4406 cupiunt,
3153 4344 3225 4388 sc
3266 4323 3647 4388 contineant
3685 4321 3805 4388 sub
3830 4321 3956 4387 Dei
3997 4321 4172 4406 iugc.
4237 4322 4417 4390 Hinc

2484 4408 2827 4493 dissipatio
2861 4406 3138 4492 legitimi
3171 4405 3437 4484 ordinis,
3484 4407 3637 4474 dum
3679 4406 4048 4491 posthabita
4084 4409 4415 4475 vocatione

2487 4494 2617 4561 sibi
2648 4495 2921 4578 quisque
2956 4493 3261 4578 privatim
3297 4492 3535 4559 studet.
3588 4492 3735 4559 Iam
3757 4512 3848 4558 ·eo
3883 4493 4093 4578 magis
4126 4493 4418 4559 timenda

2489 4581 2617 4646 fuit
2670 4579 3065 4662 conspiratio
3081 4628 3097 4658 ,
3156 4577 3312 4661 quia
3361 4598 3494 4644 non
3550 4599 3634 4644 ex
3686 4577 3866 4644 faece
3921 4577 4127 4662 plebis
4184 4578 4414 4644 seditio

2487 4674 2715 4732 exorta
2756 4674 2890 4745 est,
2932 4663 3045 4730 sed
3089 4663 3170 4730 ab
3211 4663 3373 4747 ipsis
3416 4663 3849 4749 principibus,
3906 4672 3975 4730 et
4014 4664 4127 4748 qui
4172 4663 4416 4730 honore

2488 4751 2820 4837 pollebant
2840 4800 2856 4830 ,
2935 4757 3250 4832 erantque
3325 4749 3575 4833 primae
3637 4749 4164 4816 existimationis.
4266 4749 4418 4814 Etsi

2491 4846 2711 4904 autem
2754 4843 3032 4920 quatuor
3074 4846 3330 4900 tantum
3376 4835 3676 4901 factionis
3719 4835 3914 4902 duces
3957 4837 4252 4913 fuerunt,
4299 4835 4419 4899 mi-

2488 4924 2669 4989 nime
2712 4932 2932 4989 tamen
2976 4919 3245 4986 dubium
3289 4931 3390 4987 est
3434 4923 3591 5004 quin
3636 4919 3935 4987 ducentis
3977 4930 4043 4985 et
4098 4918 4417 5001 quinqua-

2488 5009 2679 5094 ginta
2717 5008 2890 5074 idem
2933 5006 3131 5072 fuerit
3188 5007 3611 5091 propositum.
3698 5006 3928 5088 Neque
3981 5004 4158 5070 enim
4211 5025 4416 5088 grave

2487 5101 2559 5160 et
2600 5093 2890 5160 odiosum
2935 5104 3266 5159 certamen
3298 5092 3530 5176 cupide
3563 5091 3998 5174 suscepissent
4028 5091 4097 5154 in
4131 5089 4414 5173 gratiam

2487 5186 2767 5263 quatuor
2808 5179 3167 5254 hominum,
3211 5178 3323 5245 sed
3368 5199 3595 5244 omnes
3636 5177 3840 5242 traxit
3882 5195 4194 5258 perversa
4237 5177 4414 5259 cupi·

2487 5266 2687 5331 ditas:
2748 5266 2901 5349 quia
2960 5286 3148 5331 nemo
3207 5265 3325 5330 fuit
3384 5264 3498 5347 qui
3541 5285 3667 5329 non
3715 5273 4008 5345 speraret
4049 5261 4414 5344 praemium

2486 5351 2748 5435 aliquod
2797 5352 3120 5418 victoriae.
3200 5349 3339 5415 Iam
3388 5370 3543 5415 vero
3588 5370 3718 5413 non
3766 5345 3956 5411 modo
4002 5346 4418 5415 dissimulant

3904 5447 4005 5502 14·
