5017 6142
638 423 768 487 431

646 608 1053 676 commodam
1087 606 1560 676 habitationem
1595 610 1942 677 sufficeret.
2020 609 2170 676 Etsi
2217 628 2372 675 vero
2408 628 2590 692 prae-

647 695 892 762 dictum
934 695 1164 775 fuerat,
1204 696 1375 761 iusta
1414 694 1713 763 mercede
1755 696 2029 762 infestas
2071 696 2203 762 illis
2246 696 2384 760 fore
2427 715 2589 779 quas

646 790 1022 847 servassent
1064 779 1372 864 reliquias
1389 830 1405 861 ,
1447 781 1617 847 nihil
1661 792 1876 848 tamen
1921 781 2256 848 molestiae
2298 779 2591 865 perpessi

646 873 830 945 sunt,
895 867 1028 932 nisi
1093 887 1293 950 quum
1349 887 1469 932 sua
1531 867 1806 951 perfidia
1863 876 1931 933 et
1995 865 2322 935 continuis
2389 884 2589 948 prope

649 951 1120 1019 defectionibus
1151 952 1318 1017 iram
1357 951 1483 1018 Dei
1520 962 2050 1036 provocaverant.
2106 951 2378 1034 Quoties
2412 952 2589 1017 enim

646 1059 756 1103 res
796 1037 929 1104 illis
971 1038 1236 1102 fuerunt
1276 1059 1626 1122 prosperae
1642 1088 1658 1118 ,
1703 1039 1931 1105 statim
1973 1037 2056 1103 ad
2097 1037 2435 1105 lasciviam
2479 1034 2592 1102 de·

648 1125 1002 1190 fluxerunt.
1089 1123 1343 1189 Verum
1399 1122 1764 1189 admirabili
1819 1124 2073 1190 interea
2115 1123 2245 1189 Dei
2298 1122 2592 1188 bonitate

648 1208 897 1275 factum
941 1218 1070 1287 est,
1126 1217 1202 1273 ut
1239 1210 1527 1292 oppressi
1568 1210 1856 1276 hostium
1902 1210 2235 1287 violentia,
2293 1217 2362 1274 et
2404 1207 2593 1291 quasi

649 1296 721 1360 in
771 1294 1140 1378 sepulcrum
1209 1293 1516 1373 demersi,
1580 1296 1650 1360 in
1708 1303 1920 1361 morte
1977 1305 2195 1360 tamen
2256 1293 2589 1361 viverent:

648 1400 858 1463 neque
893 1379 960 1445 id
993 1381 1219 1445 modo:
1263 1379 1378 1446 sed
1420 1389 1496 1446 ut
1537 1379 1817 1447 subinde
1860 1381 2255 1447 exsisterent
2296 1378 2595 1444 liberato·

652 1486 760 1531 res
778 1516 795 1546 ,
838 1465 949 1549 qui
1004 1472 1264 1549 praeter
1317 1485 1500 1549 spem
1544 1466 1739 1532 rebus
1782 1466 2055 1550 perditis
2112 1474 2589 1533 succurrerent.

650 1551 839 1618 Mare
861 1571 1172 1634 magnum
1195 1562 1463 1617 vocatur
1496 1551 2070 1629 mediterraneum,
2113 1551 2220 1619 cui
2244 1553 2593 1635 opponitur

649 1644 827 1702 terra
870 1636 1371 1702 Hitthaeorum:
1416 1638 1613 1704 sicuti
1669 1637 1967 1705 Libanus
2009 1637 2356 1721 Euphrati,
2399 1635 2592 1701 modo

653 1721 937 1788 sciamus
996 1722 1117 1788 sub
1164 1721 1420 1788 Libano
1490 1722 1952 1807 comprehendi
2007 1724 2369 1803 desertum,
2435 1742 2592 1806 que-

650 1806 1071 1873 madmodum
1117 1828 1201 1873 ex
1242 1807 1366 1873 alio
1408 1808 1547 1874 loco
1587 1815 1788 1892 patet.

824 1977 884 2043 5.
955 1977 1096 2044 Non
1183 1980 1463 2044 consistet
1543 1981 1879 2062 quisquam
1950 1984 2164 2045 eontra
2226 1985 2285 2044 te
2361 1979 2596 2044 eunctis

652 2063 872 2129 diebus
912 2064 1079 2129 vitae
1119 2068 1294 2128 tuae.-
1348 2065 1500 2145 quia
1540 2065 1727 2131 sicuti
1764 2066 1867 2148 fui
1908 2085 2050 2131 cum
2091 2063 2299 2143 Mose,
2353 2066 2447 2129 ita
2488 2084 2594 2129 ero

650 2155 880 2216 tecum.-
937 2168 1059 2214 non
1099 2153 1154 2214 te
1195 2148 1507 2231 deseram,
1551 2171 1657 2217 nee
1698 2151 2140 2232 derelinquam.
2228 2151 2289 2217 6.
2360 2149 2594 2230 Confir-

650 2255 827 2300 mare
869 2254 1029 2317 erqo,
1073 2239 1130 2299 et
1169 2235 1488 2302 roborare:
1529 2237 1684 2318 quia
1726 2242 1795 2301 tu
1836 2237 1906 2301 in
1946 2236 2385 2302 haereditatem
2424 2236 2591 2301 divi-

648 2321 757 2387 des
779 2321 1015 2401 populo
1047 2319 1191 2386 huic
1222 2324 1470 2400 terram,
1512 2323 1588 2388 de
1629 2342 1759 2403 qua
1799 2322 2013 2388 iuravi
2044 2321 2341 2404 patribus
2381 2340 2593 2386 comm

651 2426 748 2471 me
783 2406 1083 2471 daturum
1124 2405 1275 2472 illis.
1366 2407 1422 2472 7.
1489 2407 1763 2472 Tantum
1803 2408 2166 2488 confirmare
2206 2412 2262 2473 et
2302 2407 2593 2472 roborare

649 2491 1051 2557 vehementer.-
1118 2496 1189 2555 ut
1250 2492 1559 2558 custodias
1623 2497 1678 2557 et
1737 2493 1949 2574 facias
2007 2493 2343 2558 secundum
2404 2496 2593 2558 totam

650 2576 839 2660 leyem
894 2596 1082 2658 quam
1124 2579 1447 2660 praecepit
1500 2577 1615 2642 tibi
1659 2578 1871 2644 Moses
1925 2597 2144 2643 servus
2200 2598 2407 2643 meus.-
2467 2597 2594 2642 non

651 2662 896 2761 recedes
952 2663 1037 2727 ad
1079 2662 1364 2728 amam
1403 2663 1500 2728 vel
1539 2663 1626 2727 ad
1666 2665 2025 2739 sinistram,
2071 2668 2141 2728 ut
2171 2662 2516 2762 prudenter
2545 2666 2588 2742 Ι)

652 2747 1661 2930 Ζὲαὲνῗιαέἷῗξέωωῗωὲφ
1703 2749 1941 2900 gomae*
1955 2750 2352 2917 mm
2391 2748 2595 2899 522²&

651 2918 798 2984 dias
842 2922 898 2982 et
934 2918 1173 2999 famas,
1220 2918 1556 2984 seeundwm
1606 2921 1678 2985 id
1729 2924 1920 2984 totum
1960 2921 2121 3002 quod
2161 2921 2464 3001 scriptum
2503 2923 2595 2983 est

651 3006 725 3069 in
775 3024 861 3068 eo.
955 3003 1129 3069 Tunc
1168 3003 1333 3068 em‘m
1372 3005 1675 3071 secundas
1715 3005 1933 3072 reddes
1973 3007 2115 3070 vias
2167 3011 2312 3071 tuas
2353 3010 2411 3070 et
2450 3010 2594 3071 tunc

645 3089 988 3171 prudenter
1030 3108 1193 3170 ayes.
1281 3089 1340 3153 9.
1411 3089 1631 3157 Nonne
1655 3093 1950 3173 praecepi
1989 3090 2118 3171 tibi,
2162 3096 2233 3156 ut
2274 3095 2330 3156 te
2370 3089 2592 3172 confir-

651 3194 809 3254 mes,
868 3180 926 3240 et
956 3178 1011 3240 te
1052 3174 1339 3240 roberes?
1389 3196 1467 3241 ne
1506 3177 1805 3259 formides
1844 3197 2039 3260 neque
2080 3179 2290 3243 animo
2328 3178 2593 3260 franqa-

651 3261 780 3325 νίς.-
840 3261 1137 3341 quom'am
1192 3266 1386 3326 tecum
1450 3282 1593 3327 sum
1649 3282 1754 3347 eqo
1803 3262 2036 3330 Iekova
2092 3262 2273 3331 Deus
2318 3267 2467 3328 tuus
2522 3264 2595 3328 in

653 3346 935 3411 omnibus
975 3346 1061 3411 ad
1100 3367 1264 3428 quae
1295 3352 1363 3412 tu
1394 3368 1633 3431 perqes.

824 3515 884 3580 5.
944 3515 1092 3581 Non
1131 3517 1424 3584 consistet.
1507 3517 1682 3600 Quia
1723 3520 2060 3603 negotium
2103 3519 2396 3585 instabat
2438 3541 2593 3587 cum

654 3599 882 3667 multis
936 3612 1001 3665 ot
1057 3600 1377 3668 bellicosis
1441 3603 1772 3685 hostibus,
1838 3606 1960 3670 hac
2027 3604 2295 3688 speciali
2356 3605 2596 3672 fiducia

652 3705 919 3753 necesse
954 3686 1082 3750 fuit
1114 3685 1307 3752 Iosue
1340 3689 1597 3755 instrui.
1655 3689 1921 3774 Alioqui
1997 3689 2124 3756 uod
2161 3689 2241 3756 de
2276 3690 2598 3757 tradenda

653 3780 832 3836 terra
874 3771 1204 3855 pollicitus
1246 3773 1461 3838 fuerat
1502 3774 1717 3855 Deus,
1763 3777 1954 3842 subin
2001 3798 2038 3842 e
2078 3775 2241 3843 haec
2282 3798 2441 3843 cura
2481 3776 2593 3843 ob·

655 3857 1045 3923 nubilasset:
1104 3868 1174 3921 at
1225 3879 1381 3925 vero
1431 3868 1714 3943 quantae
1778 3861 1967 3927 molis
2023 3862 2148 3926 erit
2209 3870 2308 3928 tot
2363 3872 2594 3947 gentes

653 3942 1043 4028 profligare?
1135 3943 1315 4027 Ergo
1358 3945 1612 4011 tollitur
1653 3945 1816 4011 illud
1857 3945 2414 4030 impedimentum.
2492 3950 2594 4014 Ac

654 4049 783 4111 quo
838 4028 1072 4095 melius
1130 4027 1600 4097 dubitationem
1666 4033 1948 4113 eximat,
2014 4033 2321 4099 victorias
2384 4034 2593 4101 Mosis

653 4114 977 4197 proponit,
1023 4114 1255 4197 quibus
1299 4116 1515 4198 palam
1550 4118 1791 4184 fecerat
1824 4119 2007 4184 Deus
2041 4118 2163 4183 sibi
2198 4119 2268 4184 in
2309 4128 2592 4202 proster-

656 4198 888 4265 nendis
938 4199 1334 4282 quibuslibet
1389 4202 1591 4285 copiis
1633 4212 1700 4270 et
1754 4204 2003 4270 viribus
2060 4204 2223 4268 nihil
2280 4203 2421 4271 fore
2478 4226 2593 4271 ne-

655 4286 831 4369 gotii.
919 4284 1195 4351 Iubetur
1252 4307 1408 4371 ergo
1462 4288 1658 4354 Iosue
1700 4290 1772 4355 in
1830 4290 2145 4373 suppetiis
2202 4310 2363 4373 quas
2408 4289 2594 4357 Deus

656 4371 829 4437 Mosi
872 4370 1114 4435 tulerat
1155 4375 1555 4456 perspicere,
1614 4375 1824 4458 qualis
1876 4376 2139 4441 futurus
2180 4384 2355 4443 esset
2398 4376 2594 4443 bello·

655 4477 806 4522 rum
850 4465 1155 4536 eventus,
1213 4478 1377 4540 quae
1414 4459 1643 4525 eodem
1688 4459 1850 4527 duce
1894 4470 1959 4527 et
2001 4468 2226 4527 autore
2267 4463 2407 4546 ipse
2449 4483 2595 4529 sus-

655 4551 962 4625 cepturus
1027 4552 1185 4608 erat.
1274 4543 1445 4609 Nam
1510 4547 1905 4613 successioni
1967 4548 2285 4614 continua
2341 4549 2595 4632 gratiae

654 4629 857 4694 series
915 4629 1298 4694 annectitur.
1388 4629 1581 4712 Quod
1624 4632 1952 4716 sequitur,
2011 4635 2272 4699 tametsi
2315 4635 2386 4699 in
2432 4655 2592 4700 eun-

654 4713 804 4779 dem
858 4714 1058 4778 finem
1104 4714 1350 4794 tendit,
1412 4718 1629 4784 verbis
1664 4728 1882 4784 tamen
1928 4718 2122 4784 latius
2156 4728 2355 4803 patet.
2447 4720 2596 4785 Non

652 4806 708 4864 te
745 4799 1045 4864 deseram.
1122 4801 1368 4883 Itaque
1411 4802 1745 4885 apostolus
1789 4802 1983 4890 (Heb.
2034 4805 2146 4883 13,
2206 4804 2275 4883 5)
2322 4807 2403 4872 ab
2439 4826 2594 4870 ava·

650 4885 807 4950 ritia
835 4884 1171 4952 retrahere
1205 4887 1434 4953 volens
1476 4887 1719 4967 fideles,
1764 4889 1845 4954 ad
1887 4890 2358 4957 sollicitudines
2400 4911 2593 4974 quas-

653 4970 812 5036 libet
845 4970 1187 5053 pacandas,
1232 4981 1300 5037 et
1347 4973 1761 5058 corrigendos
1797 4995 2023 5042 omnes
2060 4977 2296 5043 nimios
2326 4977 2594 5042 timores

655 5076 799 5121 eam
825 5057 1286 5124 accommodat.
1347 5060 1436 5124 Et
1469 5069 1646 5126 certe
1669 5059 2028 5127 diffidentia
2057 5083 2224 5145 quae
2260 5085 2344 5130 ex
2368 5064 2594 5129 anxie·

655 5150 791 5208 tate
842 5142 1138 5209 nascitur
1152 5197 1168 5224 ,
1224 5154 1482 5211 tantum
1539 5146 1883 5231 satagendi
1938 5147 2238 5215 ardorem
2291 5150 2365 5214 in
2408 5149 2597 5215 nobis

795 5328 852 5395 1)
887 5328 961 5383 In
992 5331 1264 5399 margine.-
1299 5332 1402 5399 vel,
1438 5348 1715 5402 prospere.

1867 421 2609 490 COMMENTARIUS
2653 421 2752 487 IN
2796 419 3075 488 IOSUE
3119 419 3316 486 OAP.
3364 418 3415 482 Ῑ.

4496 413 4618 480 432

2694 607 3022 684 accendit,
3081 613 3156 671 ut
3211 605 3447 673 misere
3506 606 3983 672 tumultuemur
4039 606 4110 672 in
4160 605 4449 671 minimis
4488 605 4624 688 qui-

2695 693 2943 777 busque
2977 691 3298 776 periculis,
3346 691 3548 759 donec
3591 693 4033 769 statuerimus,
4076 700 4143 757 et
4185 692 4402 757 Deum
4445 689 4621 756 nobis

2692 780 2921 855 affore,
2962 791 3024 842 et
3070 777 3153 843 ad
3197 799 3314 843 nos
3356 777 3631 844 tuendos
3675 781 3836 845 satis
3890 798 4212 862 superque
4252 777 4325 840 in
4369 798 4446 842 eo
4490 775 4622 841 fore

2694 864 3015 949 praesidii.
3103 865 3197 929 Et
3238 884 3396 930 vero
3441 866 3551 931 ubi
3595 885 3725 930 non
3772 863 3951 929 aliud
3996 862 4333 928 timiditati
4367 870 4623 928 nostrae

2692 949 3021 1015 sanandae
3095 948 3453 1014 remedium
3525 950 3909 1033 praescribit
3927 1000 3944 1030 ,
4025 948 4460 1032 praesentiam
4524 947 4622 1013 sui

2696 1035 2927 1101 auxilii
2964 1034 3196 1101 debere
3240 1035 3426 1102 nobis
3467 1036 3764 1102 sufficere
3807 1033 4131 1101 admonet.

2864 1123 2925 1187 6.
2996 1120 3376 1202 cmfirmare
3439 1142 3595 1205 erqo.
3685 1120 4050 1188 Subiicitur
4113 1118 4482 1186 exhortatio
4545 1117 4623 1184 ad

2695 1206 3170 1286 fortitudinem,
3227 1214 3294 1270 et
3344 1206 3605 1289 quidem
3644 1207 3947 1290 repetita,
4006 1226 4134 1289 quo
4176 1204 4627 1270 vehementius

2695 1292 2954 1360 afficiat.
3042 1290 3433 1375 Quanquam
3497 1293 3711 1359 adhuc
3775 1292 4213 1376 interponitur
4285 1290 4624 1373 promissio

2696 1379 2841 1443 aliis
2905 1377 3119 1446 verbis
3134 1428 3149 1457 ,
3221 1376 3334 1442 ubi
3398 1398 3557 1443 suae
3618 1378 3978 1444 vocationis
4039 1377 4275 1442 certior
4338 1373 4629 1441 redditur

2694 1464 2889 1530 Iosue
2905 1515 2921 1543 ,
2986 1485 3069 1530 ne
3133 1462 3507 1529 dubitanter
3567 1465 3967 1548 provinciam
4033 1461 4369 1546 suscipiat,
4437 1480 4628 1545 quam

2697 1549 2822 1616 sibi
2879 1549 3196 1615 divinitus
3259 1549 3620 1615 iniunctam
3679 1570 3821 1616 esse
3875 1549 4093 1614 novit:
4159 1556 4276 1613 aut
4320 1547 4517 1612 etiam
4573 1547 4624 1611 si

2696 1656 2843 1702 cum
2900 1634 3245 1702 obstaculis
3293 1634 3679 1702 luctandum
3737 1637 3853 1713 sit,
3914 1655 4000 1699 ne
4034 1636 4103 1699 in
4164 1630 4377 1698 medio
4433 1652 4626 1699 cursu

2697 1720 2976 1787 vacillet.
3050 1721 3277 1803 Neque
3320 1721 3494 1785 enim
3538 1722 3699 1787 satis
3733 1721 3979 1800 fuisset,
4023 1730 4292 1786 strenue
4334 1739 4405 1784 se
4444 1717 4629 1784 initio

2697 1807 3064 1890 accingere,
3122 1808 3253 1872 nisi
3310 1807 3510 1889 probe
3567 1807 3765 1872 simul
3810 1807 4042 1872 fuisset
4090 1812 4507 1888 comparatus
4549 1801 4629 1869 ad

2696 1891 3270 1977 perseverantiam.
3338 1893 3487 1957 Etsi
3533 1901 3750 1958 autem
3794 1891 3948 1957 fidei
3993 1891 4326 1976 proprium
4369 1898 4472 1954 est
4515 1909 4629 1954 nos

2698 1977 2991 2043 animare
3033 1977 3115 2044 ad
3151 1987 3420 2043 strenue
3464 1978 3811 2062 agendum,
3856 1977 4047 2044 sicuti
4091 1996 4320 2042 rursus
4360 1975 4630 2059 ignavia

2697 2077 2764 2129 et
2801 2064 3163 2129 cessatione
3204 2061 3530 2148 detegitur
3571 2062 4027 2130 incredulitas:
4071 2060 4375 2145 colligere
4410 2071 4627 2126 tamen

2697 2150 2851 2214 licet
2892 2170 2973 2214 ex
3031 2149 3154 2215 hoc
3203 2149 3372 2229 loco,
3431 2169 3563 2214 non
3606 2150 3767 2215 satis
3810 2149 4034 2232 vigere
4088 2146 4298 2212 nudas
4355 2146 4628 2231 promis-

2697 2236 2941 2315 siones,
3001 2236 3127 2301 nisi
3170 2235 3483 2301 accedant
3528 2234 4057 2300 exhortationum
4102 2231 4372 2298 stimuli.
4460 2231 4629 2297 Nam

2697 2323 2752 2387 si
2795 2320 2988 2386 Iosue
3013 2368 3030 2398 ,
3086 2320 3271 2386 cuius
3314 2320 3667 2404 singularis
3711 2320 3953 2403 alioqui
3996 2324 4137 2385 erat
4178 2318 4515 2397 alacritas,
4551 2312 4630 2381 ad

2698 2405 3164 2489 praestandum
3208 2406 3493 2472 officium
3529 2406 3903 2473 incitandus
3937 2406 4090 2471 fuit.-
4130 2414 4375 2487 quanto
4417 2402 4631 2469 acrius

2697 2511 2817 2558 nos
2860 2493 3063 2575 pungi
3117 2500 3404 2575 oportet,
3470 2493 3580 2576 qui
3648 2502 3834 2557 tanta
3895 2491 4157 2576 pigritie
4222 2486 4633 2555 laboramus?

2698 2576 2886 2642 Adde
2919 2577 3092 2660 quod
3127 2598 3259 2643 non
3295 2578 3515 2658 semel,
3559 2598 3679 2644 nec
3714 2597 3847 2643 uno
3881 2578 4084 2643 verbo
4118 2575 4405 2659 exigitur
4438 2576 4635 2640 robur

2696 2671 2762 2727 et
2822 2663 3185 2729 constantia
3244 2685 3284 2728 a
3337 2664 3557 2728 Iosue:
3624 2662 3739 2729 sed
3804 2663 3960 2747 quia
4025 2661 4251 2727 multis
4305 2669 4374 2727 et
4437 2661 4635 2728 variis

2694 2748 3158 2814 certaminibus
3214 2747 3617 2815 exercendus
3670 2757 3843 2828 erat,
3909 2750 4167 2832 saepius
4220 2761 4289 2812 et
4342 2744 4634 2829 pluribus

2698 2834 2914 2901 verbis
2976 2835 3417 2901 confirmatur.
3507 2834 3780 2900 Iubetur
3836 2836 3989 2901 forti
4044 2844 4112 2899 et
4165 2832 4444 2898 infracto
4496 2852 4635 2898 esse

2695 2921 2929 2985 animo.
3019 2918 3339 3001 Quamvis
3395 2941 3481 2985 ex
3539 2920 3788 2987 duobus
3840 2919 4055 2987 verbis
4097 2927 4379 3003 pateret,
4435 2917 4523 2983 de
4567 2939 4635 2983 re

2697 3005 2981 3071 maxime
3023 3005 3196 3072 seria
3238 3005 3454 3071 Deum
3490 3006 3879 3090 praecipere,
3923 3017 4144 3071 tamen
4190 3004 4314 3070 hac
4355 3003 4636 3088 duplica-

2696 3092 2872 3157 tione
2914 3112 3045 3156 non
3082 3099 3444 3171 contentus,
3491 3092 3762 3157 eandem
3807 3114 3959 3157 mox
4005 3092 4399 3157 sententiam
4441 3091 4637 3155 iterat

2695 3196 2845 3243 cum
2887 3175 3420 3259 amplificatione:
3479 3178 3630 3261 quia
3673 3178 3972 3262 adiungit
4013 3176 4633 3243 adverbium‘valde.

2697 3263 3044 3328 Discamus
3100 3262 3321 3346 itaque
3377 3284 3461 3328 ex
3519 3263 3643 3330 hoc
3685 3265 3858 3345 loco,
3914 3283 4254 3346 nunquam
4306 3260 4531 3328 arduis
4571 3274 4636 3326 et

2699 3346 3071 3415 difficilibus
3114 3349 3391 3432 negotiis
3436 3349 3866 3433 exsequendis
3910 3371 4031 3415 nos
4073 3349 4213 3413 fore
4255 3367 4467 3430 pares,
4512 3347 4636 3413 nisi

2697 3454 2955 3499 summa
3004 3436 3416 3500 contentione
3472 3436 3792 3500 nitamur:
3854 3436 4008 3518 quia
4051 3446 4119 3500 et
4172 3433 4500 3500 imbecilla
4541 3440 4639 3499 est

2695 3528 2922 3587 nost-ra
2963 3518 3268 3600 facultas,
3326 3529 3395 3585 et
3437 3519 3646 3587 Satan
3704 3520 3955 3587 duriter
3997 3541 4117 3586 nos
4159 3528 4528 3603 oppugnat,
4572 3529 4636 3584 et

2697 3605 2862 3671 nihil
2916 3605 3270 3690 proclivius
3320 3613 3450 3687 est,
3493 3627 3689 3690 quam
3733 3609 3986 3673 animos
4029 3606 4384 3672 remittere.

2697 3701 2909 3756 terum
2968 3691 3119 3774 quia
3174 3690 3365 3756 multi
3421 3693 3694 3758 erratico
3756 3713 4056 3777 vagoque
4108 3700 4345 3758 conatu
4400 3710 4635 3757 nervos

2697 3777 2940 3842 frustra
2982 3775 3364 3841 intendunt:
3410 3776 3675 3843 additur
3718 3798 3878 3845 vera
3912 3777 4313 3843 fortitudinis
4356 3778 4527 3842 ratio
4566 3786 4636 3841 ut

2697 3863 2891 3928 Iosue
2947 3882 3138 3927 suum
3184 3883 3379 3928 omne
3431 3862 3721 3928 studium
3781 3864 4063 3948 applicet
4105 3863 4187 3928 ad
4244 3862 4633 3929 servandam

2697 3947 2928 4031 legem.
3018 3945 3169 4028 Quo
3224 3947 3559 4027 docemur,
3628 3950 3719 4014 ita
3774 3971 3892 4016 nos
3947 3948 4207 4015 demum
4265 3948 4404 4015 fore
4453 3950 4635 4014 inex-

2696 4033 3098 4118 pugnabiles,
3142 4033 3200 4100 si
3233 4032 3315 4098 ad
3350 4034 3813 4117 praestandum
3851 4034 4042 4102 fidele
4076 4034 4221 4100 Deo
4255 4034 4635 4118 obsequium

2698 4120 3039 4185 enitamur.
3100 4119 3366 4202 Alioqui
3408 4127 3771 4204 praestaret
3804 4121 4032 4187 molles
4066 4132 4134 4186 et
4166 4121 4379 4187 lentos
4411 4120 4636 4199 iacere,

2698 4225 2893 4288 quam
2975 4205 3311 4289 praecipiti
3391 4205 3662 4271 audacia
3733 4206 3912 4272 ferri.
3998 4207 4207 4273 Porro
4286 4226 4417 4271 non
4483 4207 4635 4272 sim-

2700 4290 2953 4374 pliciter
3011 4291 3196 4356 Deus
3259 4311 3523 4359 servum
3589 4314 3779 4358 suum
3838 4292 3983 4359 vult
4049 4313 4191 4360 esse
4254 4292 4492 4357 fortem
4557 4292 4636 4359 ad

2697 4378 2910 4459 legem
2968 4377 3393 4442 servandam:
3458 4379 3615 4461 quin
3666 4379 3886 4462 potius
3941 4399 4092 4443 eum
4153 4378 4432 4444 viriliter
4485 4398 4636 4444 con·

2699 4461 2967 4528 tendere
3005 4462 3214 4543 iubet,
3257 4485 3340 4528 ne
3374 4462 3498 4530 sub
3532 4486 3730 4531 onere
3765 4464 4068 4530 laboriosi
4118 4464 4414 4530 muneris
4457 4464 4634 4532 fatis·

2697 4558 2832 4613 cat:
2891 4547 3005 4615 sed
3049 4550 3202 4632 quia
3265 4548 3575 4632 obrepere
3628 4558 3883 4633 poterat
3924 4549 4273 4631 dubitatio,
4318 4549 4634 4634 quomodo

2698 4654 2769 4699 se
2812 4632 3148 4718 expediret
3187 4636 3260 4698 in
3303 4633 3500 4699 rebus
3537 4636 3895 4720 perplexis,
3950 4645 4017 4702 et
4071 4634 4399 4721 quodnam
4444 4657 4631 4721 cape·

2698 4728 2801 4784 ret
2843 4720 3212 4786 consilium:
3259 4717 3342 4785 ad
3378 4719 3542 4804 legis
3585 4721 3947 4788 doctrinam
3977 4743 4125 4788 eum
4162 4729 4440 4799 revocat,
4485 4723 4633 4805 qnia

2699 4825 2769 4869 se
2824 4804 2958 4870 illic
3015 4814 3436 4887 praeeuntem
3494 4806 3822 4891 sequendo
3879 4809 4038 4875 satis
4098 4808 4180 4873 ad
4235 4808 4455 4873 omnia
4510 4809 4631 4873 erit

2697 4891 3076 4956 instructus.
3180 4889 3582 4971 Prudenter,
3650 4894 3893 4977 inquit,
3961 4915 4114 4978 ages
4177 4894 4249 4958 in
4314 4892 4629 4971 omnibus,

2699 4974 2891 5040 modo
2932 4983 3000 5041 te
3043 4976 3163 5041 sub
3206 4975 3371 5060 legis
3414 4980 3787 5063 magisterio
3829 4981 4180 5046 contineas.
4245 4978 4632 5062 Quanquam

2701 5060 2976 5127 verbum
3058 5061 3435 5128 hebraicum
3501 5049 3669 5142 5215,
3735 5085 3869 5130 non
3947 5074 4204 5130 tantum
4282 5065 4632 5148 prudenter

2699 5147 2814 5213 sed
2865 5147 3065 5212 etiam
3119 5147 3393 5213 feliciter
3444 5169 3640 5234 agere
3695 5151 4049 5235 significat,
4107 5151 4262 5234 quia
4304 5159 4378 5215 ut
4433 5150 4630 5233 pluri·

2702 5254 2884 5298 mum
2928 5233 3266 5299 temeritas
3324 5233 3702 5301 infortuniis
3755 5236 4076 5320 plectitur.
4168 5234 4500 5319 Quidquid
4544 5237 4628 5301 sit

2699 5321 2794 5385 ita
2845 5320 3089 5385 certius
3147 5319 3479 5385 animatur
3532 5320 3614 5385 ad
3672 5321 4067 5406 sperandum
4110 5323 4238 5388 Dei
4294 5320 4630 5397 auxilium,
