5017 6142
630 455 764 522 443

637 644 919 714 somniat
950 661 1071 726 pro
1114 640 1373 726 vulgari
1415 659 1614 719 more,
1660 641 2033 725 quempiam
2072 660 2156 705 ex
2198 639 2391 706 turba
2434 637 2581 704 deo-

636 750 788 799 rum
842 726 1178 795 Israelitas
1234 724 1479 792 auxilio
1534 746 1654 793 suo
1708 727 1967 793 iuvare:
2028 724 2142 792 sed
2199 747 2392 810 quem
2447 723 2581 790 illis

636 819 860 885 favere
913 812 1117 898 vulgo
1155 821 1388 877 notum
1426 821 1605 889 erat,
1664 832 1894 878 verum
1937 818 2007 878 et
2046 812 2315 879 unicum
2360 812 2580 877 Deum

637 901 972 987 praedicat
1025 907 1094 965 et
1146 896 1459 983 agnoscit.
1546 895 1868 963 Videmus
1922 918 2078 980 ergo
2135 906 2209 962 ut
2265 919 2350 963 ex
2406 915 2581 964 com-

639 987 828 1055 muni
887 983 1114 1051 auditu
1157 983 1352 1066 longe
1393 1002 1596 1066 supra
1637 1003 1790 1049 suos
1826 983 2171 1067 populares
2214 981 2581 1067 profecerit.

813 1073 916 1137 11.
984 1068 1215 1136 lebona
1254 1068 1439 1135 Deus
1477 1073 1673 1134 vester
1713 1069 1850 1151 ipse
1891 1075 1995 1135 est.
2061 1068 2195 1135 Hic
2237 1088 2396 1134 vero
2440 1075 2583 1132 tan-

641 1178 837 1244 quam
879 1157 953 1222 in
995 1154 1256 1238 speculo
1313 1153 1600 1220 dilucida
1652 1164 1927 1237 apparet
1977 1153 2197 1237 imago
2250 1152 2403 1220 fidei
2444 1153 2581 1218 Ra-

641 1246 772 1311 hab
790 1297 806 1325 ‚
861 1242 978 1308 ubi
1018 1238 1367 1326 prostratis
1407 1240 1709 1309 omnibus
1750 1238 1970 1320 idolis,
2027 1240 2188 1305 coeli
2247 1246 2314 1305 et
2370 1249 2584 1304 terrae

640 1328 984 1415 imperium
1051 1325 1171 1392 uni
1234 1324 1378 1389 Deo
1441 1323 1707 1391 Israelis
1777 1326 2026 1392 asserit.
2112 1324 2341 1408 Neque
2407 1324 2583 1390 enim

640 1418 986 1495 obscurum
1030 1419 1148 1490 est,
1193 1410 1307 1477 ubi
1347 1410 1491 1476 Deo
1532 1409 1798 1476 Israelis
1842 1411 2190 1478 subiicitur
2222 1410 2479 1477 coelum
2514 1417 2585 1476 et

640 1509 836 1578 terra,
881 1498 1176 1565 omnium
1218 1496 1515 1580 gentium
1550 1504 1922 1562 commenta
1954 1495 2303 1580 repudiari,
2348 1496 2586 1579 quibus

641 1586 948 1653 maiestas
1012 1578 1171 1660 Dei,
1239 1589 1305 1647 et
1368 1582 1692 1665 potentia,
1770 1591 1840 1647 et
1904 1582 2112 1663 gloria
2174 1581 2582 1665 discerpitur.

639 1670 834 1740 Unde
891 1668 1317 1755 perspicitur,
1375 1688 1506 1732 non
1564 1676 1808 1733 temere
1851 1667 2004 1734 fidei
2046 1667 2237 1734 titulo
2278 1666 2586 1751 insigniri

640 1757 878 1824 Rahab
920 1776 962 1820 a
1002 1752 1256 1820 duobus
1310 1752 1638 1836 apostolis.
1727 1752 1807 1819 Id
1858 1753 2122 1837 quidem
2180 1752 2589 1819 subsannant

642 1841 904 1927 superbi
955 1839 1223 1923 quidam
1265 1844 1335 1903 et
1387 1837 1706 1905 fastidiosi
1761 1838 2090 1905 homines:
2157 1838 2273 1905 sed
2326 1840 2587 1904 utinam

641 1926 1094 2013 expenderent
1156 1923 1314 2008 quid
1380 1923 1469 1989 sit
1529 1921 1750 1989 Deum
1814 1943 2048 1991 verum
2113 1935 2178 1992 et
2242 1946 2444 1991 unum
2504 1923 2587 1990 ab

636 2013 944 2081 omnibus
994 2010 1240 2078 fictitiis
1300 2009 1667 2076 disseruere
1684 2060 1700 2089 ,
1746 2019 1815 2075 et
1870 2011 2066 2077 simul
2122 2012 2218 2076 ita
2272 2008 2587 2076 extollere

638 2100 783 2167 eins
822 2097 1178 2198 potentiam
1220 2103 1298 2195 ut
1338 2104 1686 2160 censeatur
1729 2103 1942 2162 totum
1993 2095 2317 2197 mundum
2359 2116 2588 2196 regere

635 2181 1380 2347 ffih.t¹3⁰..s¹.?ss}z¹s:;..
1406 2180 1821 2350 ῗὲἔωζὲἷὲι,
1861 2180 2589 2352 ἓὲῗέῗέὲὲθξεέοέἓέοᾞ

502 2420 507 2425 .
635 2357 772 2423 tiae
817 2352 1102 2421 residere
1156 2351 1228 2417 in
1271 2351 1408 2418 solo
1453 2352 1596 2418 Deo
1638 2352 1936 2433 Israelis,
1994 2364 2070 2419 ut
2108 2353 2412 2420 omnibus
2454 2352 2586 2419 ele·

637 2441 880 2508 mentis
919 2439 1231 2522 imperet,
1273 2437 1493 2504 omnia
1535 2437 1799 2504 ordinet
1838 2459 2102 2506 sursum
2142 2458 2219 2505 ac
2261 2438 2586 2517 deorsum,

639 2546 876 2610 resque
909 2524 1233 2590 humanas
1266 2523 1636 2591 constituat.
1724 2523 1986 2591 Interea
2020 2545 2152 2592 non
2187 2545 2357 2608 nego
2389 2523 2587 2589 fidem

640 2614 785 2679 eius
816 2610 1016 2676 fnisse
1050 2607 1467 2692 implicitam:
1503 2609 1636 2676 imo
1668 2609 1952 2676 libenter
1985 2609 2283 2689 admitto,
2318 2630 2587 2695 germen

639 2698 964 2764 duntaxat
1007 2696 1211 2761 fuisse
1251 2694 1532 2777 pietatis,
1577 2693 1748 2778 quod
1792 2695 2081 2762 nondum
2127 2695 2211 2761 ad
2253 2704 2588 2762 aeternam

639 2783 920 2851 salutem
1007 2782 1353 2847 sufficeret.
1486 2780 1868 2847 'Ponendum
1954 2789 2056 2848 est
2140 2781 2589 2862 nihilominus,

641 2866 1002 2953 quamlibet
1063 2866 1284 2932 tenuis
1337 2872 1408 2931 et
1457 2864 1697 2947 exigna
1760 2874 1934 2933 esset
1986 2866 2114 2932 Dei
2177 2866 2462 2951 cognitio
2515 2867 2587 2933 in

641 2956 767 3021 hac
807 2952 1115 3032 muliere,
1159 2950 1316 3016 dum
1359 2970 1431 3016 se
1464 2952 1604 3017 eius
1647 2952 1923 3047 imperio
1965 2950 2239 3031 addicit,
2295 2953 2589 3037 proferre

639 3038 975 3107 electionis
1014 3058 1172 3103 suae
1215 3035 1675 3103 documentum
1692 3087 1709 3118 ,
1752 3047 1822 3104 et
1861 3059 1948 3105 ex
1989 3037 2107 3104 illo
2148 3039 2399 3105 semine
2441 3059 2585 3121 ger-

639 3125 898 3277 :iiinare
959 3121 1155 3190 fidem
1221 3142 1387 3205 quae
1453 3121 1688 3188 deinde
1751 3124 1819 3189 in
1886 3124 2128 3190 iustam
2208 3145 2589 3190 mensuram

726 3209 944 3276 olevit.

815 3295 917 3360 12.
986 3293 1175 3359 Nunc
1215 3294 1424 3375 itaque
1464 3293 1691 3361 iurate.
1781 3294 1982 3360 Aliud
2025 3295 2177 3362 fidei
2220 3295 2589 3378 specimen:

640 3379 812 3464 quod
876 3383 947 3445 in
1020 3387 1201 3446 certa
1276 3378 1683 3463 possessione
1748 3387 1964 3447 terrae
2028 3381 2351 3447 Cbanaan
2414 3381 2588 3447 filios

639 3466 951 3533 Abrahae
990 3465 1180 3544 locat,
1224 3485 1357 3529 non
1403 3464 1530 3531 alio
1572 3476 1961 3550 argumento
2002 3467 2189 3541 freta,
2242 3467 2369 3533 nisi
2414 3467 2589 3550 quod

639 3552 773 3618 illis
852 3550 1170 3616 divinitus
1247 3551 1635 3633 promissam
1717 3550 2030 3618 audierat.
2118 3551 2347 3635 Neque
2412 3553 2589 3618 enim

640 3638 860 3704 Deum
894 3635 1261 3702 latronibus
1298 3637 1518 3701 favere
1551 3636 1974 3717 existimavit,
2012 3639 2124 3722 qui
2166 3638 2414 3705 iniusta
2446 3639 2590 3705 vio-

640 3722 845 3790 lentia
879 3732 947 3788 et
968 3722 1239 3787 effraeni
1260 3720 1530 3787 libidine
1563 3723 1636 3787 in
1659 3722 1904 3789 alienos
1925 3725 2091 3790 fines
2112 3725 2587 3807 irrumperent:

641 3810 799 3894 quin
842 3808 1059 3891 potius
1101 3808 1362 3884 statuit,
1410 3806 1636 3874 venire
1676 3807 1824 3875 illos
1865 3811 1936 3875 in
1979 3818 2224 3875 terram
2268 3809 2589 3876 Obanaan

640 3895 792 3979 quia
834 3895 975 3960 eius
1035 3890 1395 3958 dominium
1440 3892 1570 3958 illis
1615 3892 1802 3960 Deus
1859 3894 2361 3963 adiudicaverat.
2448 3896 2590 3962 Nec

640 4002 800 4047 vero
834 3977 1143 4047 credibile
1178 3988 1298 4058 est,
1342 4000 1545 4062 quum
1581 3981 1939 4046 transitum
1980 3990 2279 4066 peterent
2312 3982 2392 4047 ab
2428 3981 2588 4048 Idu-

640 4067 846 4133 maeis
889 4077 957 4129 et
996 4064 1284 4148 reliquis,
1329 4064 1615 4132 tacuisse
1655 4085 1969 4150 quorsum
2013 4066 2378 4132 tenderent.
2443 4068 2588 4133 Imo

640 4152 950 4237 gentibus
1015 4149 1147 4216 illis
1213 4157 1370 4216 nota
1433 4162 1579 4217 erat
1642 4152 1984 4235 promissio
2042 4152 2352 4219 Abrahae
2419 4152 2589 4235 data,

641 4238 829 4305 cuius
872 4236 1255 4301 memoriam
1290 4237 1531 4302 iterum
1575 4248 2011 4305 renovaverat
2047 4237 2365 4304 abdicatio
2385 4239 2585 4305 Esau.

641 4324 851 4390 Porro
904 4322 977 4387 in
1033 4342 1334 4388 sermone
1377 4322 1613 4389 Rahab
1668 4321 1908 4389 iterum
1961 4324 2248 4409 refulget
2288 4325 2462 4406 quod
2505 4323 2587 4390 de

640 4407 770 4475 fide
817 4406 1150 4492 praedicat
1192 4415 1383 4474 autor
1426 4407 1741 4492 epistolae
1795 4408 1879 4474 ad
1922 4409 2258 4477 Hebraeos
2330 4411 2406 4475 11
2426 4462 2441 4492 ,
2503 4409 2588 4496 1),

642 4496 963 4561 visionem
1041 4513 1185 4559 esse
1255 4514 1479 4559 rerum
1544 4514 1678 4558 non
1745 4496 2221 4580 apparentium.
2382 4496 2591 4562 abitat

640 4578 881 4648 Rahab
938 4578 1112 4662 apud
1169 4600 1325 4645 suos
1378 4579 1445 4644 in
1493 4578 1656 4646 urbe
1699 4583 1969 4648 munita.
2058 4582 2203 4648 Hos
2249 4582 2449 4649 itibus
2491 4604 2589 4649 se-

640 4664 1009 4732 mimortuis
1062 4665 1336 4749 perinde
1393 4665 1599 4730 vitam
1653 4686 1837 4732 suam
1894 4689 2193 4736 commen
2243 4677 2342 4748 at,
2408 4690 2485 4735 ac
2529 4669 2587 4737 si

639 4762 821 4818 terra
861 4751 991 4815 iam
1037 4752 1227 4834 potiti
1251 4771 1390 4817 suo
1431 4751 1703 4817 arbitrio
1755 4773 2021 4821 servare
2074 4754 2397 4838 quoslibet
2439 4776 2586 4838 pos-

640 4847 790 4905 sent
832 4858 907 4903 ac
950 4836 1242 4921 perdere.
1297 4837 1481 4903 Haec
1522 4846 1701 4905 certe
1742 4838 2115 4906 voluntaria
2156 4838 2396 4906 deditio
2439 4862 2588 4924 per·-

641 4923 794 4989 inde
849 4922 975 4988 fuit
1016 4942 1091 4988 ac
1132 4924 1189 4989 si
1233 4924 1362 4988 Dei
1405 4923 1899 5005 promissionem
1963 4926 2265 5009 amplexa
2328 4927 2399 4991 in
2444 4926 2589 4993 eius

642 5008 1079 5093 patrocinium
1135 5030 1206 5075 se
1262 5008 1602 5075 conferret.
1690 5008 2157 5076 Iusiurandum
2211 5031 2404 5095 porro
2448 5011 2586 5077 exi-

642 5095 769 5179 git,
825 5095 980 5177 quia
1034 5114 1226 5177 saepe
1283 5095 1351 5160 in
1420 5093 1876 5178 expugnandis
1933 5094 2201 5162 urbibus
2259 5098 2478 5164 fervor
2520 5105 2589 5163 et

641 5178 1045 5265 perturbatio
1079 5181 1460 5246 memoriam
1483 5180 1677 5246 officii
1715 5181 1984 5246 excutit.
2044 5182 2294 5248 Eadem
2331 5182 2586 5249 ratione

641 5274 1109 5334 commemorat
1150 5287 1342 5350 quam
1388 5287 1549 5345 erga
1581 5285 1692 5333 eos
1735 5267 2031 5331 exercuit
2074 5267 2586 5335 humanitatem:

641 5364 718 5420 ut
752 5350 1082 5437 gratitudo
1117 5353 1326 5436 magis
1368 5350 1452 5416 ad
1495 5350 1688 5417 fidem
1727 5351 2185 5435 praestandam
2228 5375 2339 5421 eos
2381 5356 2585 5422 exsti-

1837 449 2582 519 COMMENTARIUS
2627 448 2726 516 IN
2768 448 3049 517 IOSUE
3096 449 3295 519 OAP.
3340 449 3430 516 ΙΙ.

4491 451 4617 517 444

2679 637 2905 705 mulet.
3008 639 3153 704 Etsi
3208 639 3384 703 enim
3434 638 3595 705 satis
3662 636 3837 722 apud
3893 658 4006 704 eos
4063 639 4279 704 valere
4343 637 4618 704 debebat

2678 722 3103 790 iurisiurandi
3142 724 3404 808 religio:
3448 724 3550 791 bis
3586 731 3809 791 tamen
3849 724 4284 791 inhumanum
4317 743 4395 790 ac
4427 734 4618 808 turpe

2679 809 2808 874 fuit
2863 809 3160 894 hospitae
3179 860 3195 888 ,
3238 829 3279 874 a
3321 829 3451 892 qua
3494 809 3754 877 liberati
3815 810 4107 889 fuerant,
4166 830 4302 875 non
4343 810 4619 876 referri-e

2680 895 2979 979 gratiam.
3045 895 3498 961 Humanitatis
3541 916 3697 964 vero
3740 903 3857 973 est,
3898 895 4070 978 quod
4114 896 4195 961 de
4237 904 4427 978 patre
4463 916 4620 979 quo-

2684 1001 2812 1064 que
2831 987 2899 1047 et
2917 981 3426 1065 consangnineis
3447 980 3725 1047 sollicita
3744 992 3863 1049 est.
3893 980 4214 1047 Naturale
4235 981 4301 1046 id
4326 980 4619 1065 quidem:

2681 1065 2796 1131 sed
2861 1066 3052 1131 multi
3116 1068 3208 1132 ita
3267 1066 3392 1132 sibi
3456 1065 3698 1133 addicti
3762 1074 3947 1142 sunt,
4026 1075 4101 1132 ut
4163 1065 4282 1132 filii
4359 1075 4620 1150 patrum

2679 1160 2892 1217 morte
2937 1153 3138 1217 vitam
3184 1172 3370 1219 suam
3423 1150 3743 1218 redimere
3786 1173 3914 1219 non
3973 1152 4301 1218 dubitent:
4365 1161 4623 1217 tantum

2682 1239 2900 1388 abessa,
2957 1247 3034 1303 ut
3077 1238 3369 1304 animum
3406 1246 3474 1303 et
3519 1237 3816 1304 studium
3856 1235 4192 1322 applicent
4222 1237 4306 1302 ad
4341 1257 4453 1303 eos
4497 1258 4626 1303 ser-

2684 1344 2812 1389 van
2861 1344 2952 1389 os.

2857 1408 2956 1473 14.
3013 1409 3255 1475 Anima
3295 1414 3509 1475 nostra
3550 1409 3622 1474 in
3661 1412 3930 1475 mortem
4016 1408 4301 1474 Mortem
4337 1407 4464 1474 sihi
4508 1407 4627 1473 im-

2684 1502 3037 1577 precantur
3054 1545 3071 1576 ,
3133 1494 3264 1559 nisi
3328 1494 3566 1561 Bahab
3631 1492 3997 1561 servandae
4053 1514 4281 1560 curam
4345 1493 4628 1559 fideliter

2684 1579 3064 1664 suscipiant.
3151 1579 3323 1647 Nam
3370 1579 3540 1662 quod
3586 1588 3857 1647 vertunt
3908 1579 4175 1663 quidam
4195 1630 4210 1658 ,
4268 1577 4629 1644 Trademus

2685 1666 2939 1731 animas
2981 1675 3263 1744 nostras,
3309 1665 3575 1731 videtur
3615 1675 3940 1732 remotum
3983 1664 4094 1731 vel
4127 1665 4325 1731 nimis
4369 1665 4629 1731 restric-

2686 1765 2855 1817 tum:
2918 1750 3178 1836 quando
3236 1772 3370 1816 non
3429 1750 3606 1819 aliud
3665 1752 4067 1834 propositum
4117 1758 4247 1831 est,
4302 1771 4505 1834 quam
4562 1770 4631 1816 se

2686 1857 2906 1902 coram
2948 1838 3094 1903 Deo
3151 1836 3459 1921 obligare.
3552 1835 3712 1903 Sese
3769 1835 3974 1920 igitur
4016 1846 4330 1920 tanquam
4375 1835 4633 1920 piacula

2685 1923 3121 2001 constituunt,
3182 1924 3238 1988 si
3282 1921 3439 2006 quid
3483 1920 3744 1989 adversi
3789 1922 4085 2007 patiatur
4125 1922 4362 1988 Bahab
4407 1941 4634 1987 eorum

2689 2008 3107 2094 negligentia.
3194 2008 3625 2075 Particulam:
3675 2007 3804 2073 Pro
3834 2007 4025 2086 vobis,
4071 2008 4153 2072 ad
4189 2017 4463 2091 patrem,
4506 2007 4636 2073 fra·

2689 2105 2822 2160 tres
2864 2107 2935 2160 et
2976 2115 3230 2160 sorores
3270 2094 3504 2159 referri
3560 2091 3832 2160 dubium
3877 2113 4011 2158 non
4054 2104 4171 2159 est.
4259 2093 4495 2176 Itaque
4541 2093 4637 2159 vi-

2689 2190 2825 2244 tam
2870 2200 3057 2246 suam
3099 2180 3446 2247 obnoxiam
3505 2178 3822 2256 reddunt,
3877 2188 3951 2243 nt
3992 2177 4073 2244 ab
4129 2179 4291 2262 ipsis
4334 2179 4641 2263 exigatur

2687 2268 2972 2350 sanguis,
3015 2266 3143 2333 nisi
3171 2265 3418 2332 familia
3439 2264 3672 2331 Rahab
3700 2271 3967 2331 maneat
3997 2263 4364 2331 incolumis.
4423 2267 4642 2348 Atque

2688 2352 2760 2416 in
2815 2371 2894 2417 eo
2953 2352 3084 2419 sita
3139 2359 3240 2418 est
3290 2350 3555 2417 iurandi
3612 2350 3953 2429 sanctitas,
4014 2351 4316 2433 quamvis
4369 2350 4644 2434 impune

2687 2436 2915 2503 fallere
2957 2436 3150 2503 liceat
3192 2435 3407 2521 quoad
3451 2436 3751 2502 homines
3764 2487 3781 2516 ,
3826 2443 3904 2501 nt
3945 2436 4130 2502 Deus
4170 2445 4393 2503 tamen
4437 2435 4643 2502 inter·

2690 2523 2939 2606 positus
2997 2523 3184 2589 testis
3240 2523 3559 2589 rationem
3617 2520 3930 2605 perfidiae
3990 2532 4308 2606 reposcat.
4392 2521 4644 2588 Facere

2690 2609 3202 2676 misericordiam
3272 2616 3341 2674 et
3416 2608 3761 2677 veritatem
3849 2606 4236 2673 tantundem
4316 2605 4644 2674 Hebraeis

2693 2693 2905 2773 valet,
2963 2715 3038 2761 ac
3091 2694 3404 2772 fideliter,
3450 2695 3733 2774 sincere,
3779 2700 4159 2760 constanter
4203 2692 4645 2759 humanitatis

2694 2781 2906 2846 officio
2968 2780 3251 2865 defungi.
3340 2779 3662 2863 Exceptio
3726 2786 3942 2844 autem
4023 2778 4337 2845 inseritur
4350 2827 4368 2858 ,
4449 2777 4645 2844 modo

2692 2886 2780 2932 ne
2820 2865 3059 2932 Rahab
3101 2865 3339 2950 prodat
3379 2884 3765 2939 sermonem.
3800 2884 3938 2929 non
3982 2863 4382 2930 diffidentiae
4421 2883 4645 2945 causa,

2694 2959 2771 3017 ut
2813 2951 3013 3036 vulgo
3054 2960 3421 3035 exponunt:
3480 2950 3596 3018 sed
3647 2958 3906 3016 tantum
3956 2960 4033 3015 ut
4085 2951 4319 3016 melius
4362 2950 4487 3017 sibi
4532 2970 4640 3018 ca·

2693 3046 2845 3104 veat
2885 3037 3140 3103 Bahab.
3227 3036 3478 3102 Fidelis
3534 3055 3691 3121 ergo
3747 3036 3874 3101 fnit
3915 3035 4078 3101 haec
4127 3035 4482 3101 admonitio
4500 3086 4515 3115 ,
4575 3044 4646 3101 et

2692 3144 2776 3188 cx
2814 3144 2990 3206 pura
3023 3122 3481 3189 benevolentia
3520 3122 3838 3187 manavit:
3883 3120 4038 3205 quia
4078 3120 4444 3206 periculum
4479 3131 4643 3201 erat,

2692 3230 2777 3276 ne
2831 3208 3066 3275 Rahab
3122 3228 3242 3275 suo
3284 3218 3494 3275 semet
3544 3207 3787 3274 indicio
3828 3205 4151 3291 proderet,
4235 3206 4321 3273 In
4363 3228 4645 3287 summa,

2692 3294 3052 3361 ostendunt
3083 3294 3313 3380 quanti
3345 3294 3629 3371 intersit,
3673 3312 3813 3359 rem
3834 3293 4041 3359 latere
4062 3294 4248 3377 quasi
4280 3292 4641 3377 sepultam:

2693 3401 2778 3445 nc
2818 3380 3059 3447 mulier
3102 3386 3359 3465 pactum
3405 3378 3885 3447 inconsiderate
3927 3377 4250 3456 iactando,
4293 3377 4421 3446 sibi
4463 3399 4643 3445 mor-

2693 3476 2826 3531 tem
2890 3475 3270 3533 accerseret.
3359 3464 3510 3548 Qua
3565 3466 3636 3531 in
3688 3485 3764 3530 re
3819 3463 4209 3544 ostendunt,
4274 3464 4442 3530 serio
4495 3464 4643 3531 eius

2691 3552 2970 3618 salutem
2997 3573 3082 3619 ,se
3124 3571 3383 3630 curare,
3442 3550 3704 3634 quando
3745 3559 4002 3616 mature
4088 3548 4508 3631 raeveniunt,
4555 3570 4642 3616 ne

2691 3636 2816 3704 sibi
2836 3638 3153 3721 eripiatur
3186 3637 3486 3705 beneficii
3519 3635 3809 3703 facultas.
3869 3636 3977 3716 Qu
4100 3635 4408 3703 distincte
4441 3636 4639 3701 etiam

2689 3723 3133 3808 praecipiunt,
3198 3745 3284 3788 ne
3334 3722 3481 3807 quis
3537 3720 3728 3789 domo
3792 3729 4013 3801 exeat,
4081 3742 4282 3806 seque
4329 3721 4640 3787 innoxios

2690 3809 2828 3875 fore
2889 3810 3312 3894 profitentur,
3377 3809 3433 3875 si
3490 3808 3636 3891 quis
3692 3808 3765 3873 in
3821 3805 4076 3893 publico
4128 3809 4378 3874 occisus
4419 3807 4639 3887 fuerit,

2691 3894 2844 3960 inde
2901 3895 3132 3961 utilem
3191 3895 3556 3960 doctrinam
3609 3893 3758 3961 colli
3805 3914 3916 3960 ere
3971 3892 4154 3974 licet,
4215 3893 4639 3960 sobrietatem

2690 3982 2760 4046 in
2824 3981 3213 4047 iuramentis
3276 3980 3501 4046 sedulo
3563 3980 3748 4046 colen
3796 4000 3902 4045 am
3967 3999 4139 4061 esse,
4203 4000 4289 4046 ne
4353 3978 4641 4046 futiliter

2690 4066 3003 4150 quidlibet
3028 4065 3473 4151 promittendo
3510 4085 3747 4131 nomen
3784 4065 3915 4131 Dei
3953 4065 4392 4149 profanemus.
4459 4064 4638 4131 Oon-

2690 4151 2912 4218 silium
2978 4153 3215 4218 Rahab
3235 4203 3251 4231 ‚
3339 4163 3415 4218 ut
3479 4151 3815 4217 divertant
3877 4152 3948 4216 in
4012 4160 4302 4217 montem
4369 4150 4639 4235 illicque

2690 4237 2907 4304 triduo
2970 4239 3339 4323 quiescant,
3405 4237 3694 4302 ostendit
3747 4257 3895 4303 cum
3951 4236 4082 4303 fide
4135 4236 4408 4302 minime
4464 4257 4634 4322 pug-

2690 4344 2852 4390 nare
2893 4323 3251 4399 cautiones,
3295 4342 3462 4408 quae
3506 4323 3870 4389 manifestis
3913 4323 4220 4407 periculis
4260 4337 4634 4390 occurrunt.

2689 4410 2839 4475 Non
2899 4409 3168 4477 dubium
3212 4419 3341 4488 est,
3387 4411 3547 4493 quin
3591 4408 3844 4492 trepide
3881 4409 3950 4474 in
3996 4417 4286 4475 montem
4330 4408 4638 4491 obrepse-

2688 4496 2824 4561 rint
2856 4496 3113 4563 nuncii:
3153 4496 3408 4561 interea
3440 4503 3664 4562 tamen
3705 4494 3962 4576 fiducia,
4009 4513 4204 4578 quam
4240 4515 4324 4559 ex
4358 4495 4638 4561 notabili

2687 4583 2818 4648 Dei
2862 4581 3107 4648 anxilio
3149 4589 3617 4665 conceperant,
3673 4600 3900 4647 eorum
3954 4600 4222 4667 gressus
4265 4580 4508 4646 direxit
4550 4602 4637 4648 ne

2690 4666 2846 4752 quid
2910 4668 3310 4735 tumultuose
3376 4679 3665 4753 agerent.
3753 4665 4069 4748 Quaestio
4134 4686 4364 4732 rursus
4406 4686 4447 4731 a
4486 4669 4635 4749 qui-

2686 4753 2958 4821 busdam
2993 4762 3315 4834 movetur,
3352 4774 3553 4837 quum
3586 4753 3834 4820 crimen
3870 4753 3957 4819 sit
3987 4773 4212 4819 muros
4244 4751 4634 4832 transsilire,

2688 4861 2775 4905 an
2833 4840 3093 4906 licuerit
3132 4859 3252 4922 per
3307 4840 3660 4906 fenestram
3706 4839 3868 4904 urbe
3906 4837 4147 4924 egredi.
4235 4836 4486 4903 Verum
4533 4852 4635 4904 te·

2688 4925 2978 4991 nendum
3012 4934 3131 5004 est,
3165 4946 3300 4991 non
3323 4926 3563 5009 ubique
3584 4932 3847 4992 sanctos
3867 4925 4065 4991 fuisse
4084 4943 4307 4989 muros
4336 4923 4630 4991 urbium:

2687 5010 2840 5093 quia
2897 5031 3027 5076 non
3081 5012 3319 5093 ubique
3380 5010 3649 5077 fuerunt
3711 5009 4012 5088 Romuli,
4075 5010 4190 5094 qui
4218 5007 4328 5075 ad
4393 5010 4633 5077 fratres

2688 5096 3015 5162 necandos
3055 5105 3470 5180 praetextum
3515 5104 3871 5179 captarent.
3959 5095 4221 5161 Deinde
4262 5095 4371 5161 lex
4407 5095 4521 5161 illa
4555 5107 4632 5162 ut

2688 5182 2916 5248 Cicero
2980 5182 3319 5262 admonet,
3396 5184 3719 5266 aequitate
3783 5182 4207 5266 temperanda
4268 5190 4394 5248 est:
4474 5182 4632 5266 quia

2686 5268 2978 5350 praemio
3042 5289 3234 5351 quam
3303 5289 3513 5354 poena
3575 5266 3835 5353 dignior
3898 5275 4028 5349 est,
4092 5268 4204 5352 qui
4269 5266 4630 5351 repellendi

2687 5353 2895 5420 hostis
2950 5374 3147 5420 causa
3203 5375 3465 5422 murum
3513 5352 3981 5420 conscenderit.
4071 5353 4258 5420 Finis
4298 5353 4465 5439 legis
4505 5365 4626 5434 est,
