5017 6142
435 425 521 489 15
1406 415 1991 485 SANCTIONES
2035 416 2101 482 A
2145 414 2947 483 PROMISSIONIBUS
2985 416 3105 483 ΕΤ
3149 418 3437 486 MINIS.
4363 420 4447 486 16

440 611 837 687 demiarum,
897 617 966 672 et
1034 606 1387 685 sementis,
1449 605 1848 672 uberrimam
1895 604 2095 672 tritici
2141 612 2207 669 et
2254 603 2390 671 vini

438 698 689 782 copiam
734 694 1081 779 significat.
1168 692 1342 757 Nam
1403 692 1459 757 si
1516 692 1758 776 exigua
1800 691 1886 757 sit
1939 691 2199 770 messis,
2258 712 2391 756 non

440 784 720 850 multum
777 780 904 847 erit
959 778 1210 864 negotii
1272 776 1344 842 in
1390 799 1517 862 quo
1561 799 1632 843 se
1675 784 1994 861 occupent
2034 776 2391 861 agricolae:

440 872 496 936 si
541 879 775 935 tenues
820 867 953 932 sint
994 863 1398 943 vindemiae,
1445 865 1598 931 hinc
1636 885 1887 949 quoque
1931 864 2124 930 triste
2164 862 2391 930 otium.

438 955 571 1024 Ubi
638 964 854 1020 autem
921 950 1316 1036 pronunciat
1376 951 1588 1027 Deus,
1655 972 1695 1016 a
1760 970 1970 1016 messe
2035 969 2245 1033 usque
2310 947 2394 1013 ad

441 1042 759 1109 sationem
803 1038 942 1103 fore
1003 1037 1137 1102 illis
1195 1036 1578 1102 continuam
1621 1036 1963 1101 materiam
2006 1035 2078 1100 in
2136 1055 2269 1119 qua
2322 1055 2393 1099 se

440 1135 823 1201 exerceant,
899 1144 1149 1190 annum
1214 1122 1499 1188 fertilem
1565 1143 1829 1206 sperare
1905 1121 2118 1188 iubet:
2199 1119 2395 1187 sicuti

440 1235 597 1280 mox
657 1212 987 1295 sequitur:
1048 1208 1369 1275 Oomedes
1425 1229 1666 1292 panem
1717 1218 1900 1274 tuum
1958 1205 2043 1272 ad
2087 1207 2394 1272 saturita-

442 1310 581 1366 tem
623 1318 843 1382 usque.
890 1295 1146 1362 Verum
1190 1295 1342 1378 quia
1377 1295 1517 1360 sine
1564 1314 1719 1377 pace
1754 1293 1940 1360 nulla
1973 1292 2259 1360 iucunda
2294 1298 2396 1359 est

443 1383 864 1471 prosperitas,
908 1381 1304 1465 tranquillos
1347 1379 1482 1446 fore
1529 1379 1718 1457 dicit,
1788 1387 1858 1445 et
1896 1379 1978 1444 ab
2022 1379 2200 1445 omni
2243 1399 2393 1463 per·

442 1470 815 1538 turbatione
836 1471 1183 1534 immunes.
1239 1465 1447 1551 quue
1484 1466 1835 1550 diligenter
1869 1464 2229 1533 notandum
2275 1473 2395 1543 est,

440 1559 607 1623 adeo
650 1556 793 1621 sine
837 1554 1248 1620 condimento
1291 1552 1635 1636 tranquilli
1677 1560 1892 1618 status
1935 1550 2220 1635 insipida
2253 1571 2395 1616 esse

444 1642 579 1708 Dei
642 1640 992 1719 beneficia,
1049 1648 1126 1705 ut
1182 1638 1634 1721 inquietudine
1693 1636 1862 1702 nihil
1915 1637 2002 1703 sit
2065 1637 2393 1704 miserius.

440 1728 727 1796 Summa
784 1734 914 1807 est,
975 1725 1150 1792 veris
1205 1724 1337 1790 Dei
1394 1723 1756 1791 cultoribus
1798 1745 1930 1789 non
1974 1722 2166 1789 modo
2205 1742 2395 1807 repo-

448 1817 578 1882 sita
644 1834 786 1879 esse
856 1811 1030 1896 apud
1095 1812 1312 1895 ipsum
1381 1810 1721 1889 alimenta,
1791 1808 1906 1875 sed
1964 1807 2289 1894 placidam
2332 1817 2398 1874 et

438 1920 717 1968 suavem
763 1918 988 1963 eorum
1026 1896 1424 1975 fruitionem,
1468 1897 1618 1980 quia
1662 1897 1733 1960 in
1776 1915 1978 1961 manu
2018 1894 2162 1961 eius
2205 1903 2305 1960 est
2333 1905 2397 1960 et

446 1985 720 2052 arbitrio
763 2003 972 2050 noxas
1016 2003 1246 2049 omnes
1287 1983 1515 2065 procul
1561 1982 1842 2066 abigere.
1933 1979 2263 2047 Videntur
2299 1986 2398 2045 ta·

450 2094 604 2138 men
660 2070 824 2137 haec
877 2089 1014 2134 non
1055 2069 1219 2134 satis
1261 2069 1430 2134 inter
1489 2090 1561 2135 se
1616 2088 2008 2153 congruere,
2066 2068 2400 2133 neminem

445 2160 587 2225 fore
651 2156 765 2240 qui
820 2155 994 2239 ipsos
1065 2161 1426 2233 exterreat,
1491 2166 1557 2220 et
1622 2153 1998 2238 superiores
2055 2152 2197 2218 fore
2263 2153 2400 2219 suis

451 2243 784 2322 hostibus,
841 2249 915 2308 ut
969 2240 1190 2307 decem
1236 2240 1567 2307 sufficiant
1606 2239 1689 2305 ad
1730 2238 2055 2324 fugandos
2112 2249 2396 2305 centum.

452 2314 784 2412 Quorsum
828 2327 1007 2393 enim
1061 2326 1261 2392 robur
1330 2326 1610 2392 militare
1655 2325 1739 2391 ad
1783 2327 2003 2392 hostes
2044 2323 2398 2408 pellendos,

451 2417 507 2483 si
552 2414 718 2481 nulli
763 2413 899 2479 sint
939 2411 1244 2479 molesti?
1290 2413 1543 2479 Verum
1585 2412 1641 2476 si
1680 2410 2071 2478 disiunctive
2107 2411 2399 2494 accipere

450 2502 646 2569 liceat
711 2499 1032 2586 posterius
1097 2498 1485 2578 membrum,
1554 2497 1739 2564 nulla
1803 2499 1929 2562 erit
1990 2496 2398 2564 absurditas:

450 2607 711 2671 nempe,
778 2585 838 2652 si
894 2585 1231 2669 contingat
1282 2583 1529 2650 bellum
1583 2583 1747 2667 ipsis
1800 2583 2059 2662 inferri,
2123 2582 2399 2648 feliciter

451 2694 540 2757 pu
592 2683 879 2738 naturos.
965 2669 1363 2755 Quanquam
1422 2670 1634 2754 magis
1675 2669 1982 2753 expedita
2036 2678 2139 2735 est
2202 2669 2401 2734 huius

451 2781 542 2825 no
593 2756 682 2845 ⁶¹)
735 2755 1002 2837 solutio,
1063 2755 1234 2840 quod
1291 2755 1422 2822 illis
1476 2755 1670 2839 paulo
1730 2764 1879 2839 post
1933 2775 2197 2821 necesse
2260 2762 2403 2821 erat

448 2864 605 2912 cum
642 2844 896 2928 ingenti
934 2844 1222 2909 hostium
1271 2839 1706 2909 multitudine
1742 2841 2113 2925 confligere,
2164 2850 2236 2907 ut
2271 2850 2402 2906 ter-

451 2953 595 2997 ram
641 2930 1075 3014 acquirerent.
1166 2925 1361 3011 Quod
1404 2938 1626 2994 autem
1660 2927 1998 3012 singulare
2041 2928 2165 2993 hoc
2222 2935 2403 2992 tran-

498 3015 695 3083 uillae
738 3024 803 3081 et
846 3037 1112 3081 securae
1150 3016 1325 3081 vitae
1360 3013 1601 3080 bonum
1646 3013 2000 3097 prophetae
2044 3032 2404 3079 accommo-

451 3038 719 3168 dantad
757 3121 1035 3185 regnum
1059 3099 1330 3176 Christi,
1367 3099 1523 3167 hinc
1558 3099 1905 3186 colligitur,
1941 3099 2405 3183 promissiones

453 3208 620 3272 quae
667 3210 746 3253 ex
782 3187 948 3271 legis
984 3195 1219 3253 natura
1253 3184 1511 3251 nullum
1547 3184 1870 3252 haberent
1903 3186 2207 3252 effectum
2245 3183 2404 3251 fide·

454 3273 631 3340 libus
672 3289 893 3338 tamen
937 3294 1080 3339 esse
1124 3272 1352 3338 utiles:
1398 3271 1551 3355 quia
1595 3272 1710 3338 ubi
1753 3294 1863 3338 eos
1904 3271 2094 3337 Deus
2135 3271 2257 3337 sibi
2303 3293 2404 3337 re-

450 3359 848 3439 conciliavit,
880 3357 1237 3424 liberaliter
1271 3358 1469 3423 etiam
1505 3358 1787 3444 largitur
1823 3379 1990 3442 quae
2025 3357 2241 3424 meriti
2273 3379 2406 3422 non

455 3457 646 3512 sunt:
693 3452 760 3510 et
801 3451 1025 3510 tamen
1068 3443 1266 3511 simul
1310 3456 1772 3510 remuneratur
1809 3445 2265 3528 qualecunque
2300 3464 2406 3508 eo-

453 3554 606 3599 rum
647 3530 1047 3615 obsequium.

631 3617 692 3684 9.
751 3616 1000 3683 Vertam
1051 3618 1215 3683 enim
1269 3636 1366 3683 me
1407 3616 1494 3683 ad
1536 3635 1661 3682 vos.
1728 3615 2008 3681 Vertere
2051 3637 2123 3681 se
2168 3614 2409 3681 dicitur

455 3705 640 3770 Deus
698 3702 782 3769 ad
824 3702 1137 3786 populum
1181 3704 1367 3770 cuius
1412 3701 1674 3769 fovendi
1718 3711 1785 3768 et
1827 3700 2138 3768 servandi
2181 3720 2406 3767 curam

456 3789 765 3874 suscipit:
804 3789 996 3855 sicuti
1022 3810 1306 3868 rursum,
1349 3787 1463 3855 ubi
1486 3788 1728 3855 deserit
1763 3789 1873 3872 qui
1910 3810 1980 3855 se
2015 3786 2098 3853 ab
2136 3808 2211 3853 eo
2246 3787 2404 3853 alie-

456 3886 738 3955 narunt,
778 3873 1017 3941 dicitur
1062 3876 1142 3941 ab
1178 3875 1308 3941 illis
1347 3895 1492 3941 esse
1527 3895 1817 3942 aversus.
1885 3874 2067 3941 Hinc
2113 3873 2408 3941 doctrina

458 3962 620 4027 trita
675 3959 847 4044 apud
940 3961 1283 4043 rophetas,
1343 3960 1829 4027 convertimini
1873 3961 1956 4026 ad
2001 3981 2132 4042 me,
2175 3969 2242 4025 et
2287 3980 2407 4045 ego

456 4056 812 4115 convertar
847 3983 937 4113 ad,
955 4066 1100 4114 vos:
1185 4068 1270 4113 ua
1289 4046 1476 4113 Deus
1511 4046 1836 4125 admonet,
1882 4068 1952 4113 se
1995 4068 2127 4113 non
2165 4048 2409 4112 frustra

458 4155 604 4200 esse
627 4132 993 4217 pollicitum
1016 4154 1140 4217 quo
1218 4132 1329 4198 hic
1361 4131 1660 4217 legimus.
1715 4131 1909 4199 Oculi
1944 4154 2102 4218 ergo
2139 4133 2265 4198 Dei
2301 4154 2409 4200 su-

458 4241 579 4305 per
619 4219 864 4299 iustos,
919 4227 994 4283 ut
1036 4228 1298 4301 pactum
1342 4240 1537 4286 suum
1581 4240 1742 4303 erga
1783 4240 1893 4286 eos
1935 4218 2242 4297 stabiliat,
2287 4240 2407 4303 pro

457 4307 758 4389 ipsorum
814 4303 1024 4370 salute
1066 4304 1471 4372 excubando.
1565 4305 1815 4372 Verum
1851 4305 2007 4373 hinc
2049 4304 2246 4372 simul
2291 4305 2405 4371 do—

461 4412 718 4471 cemur,
757 4390 867 4457 ubi
913 4412 952 4455 a
994 4388 1142 4455 Deo
1186 4390 1603 4470 discedimus,
1648 4391 1911 4456 irritum
1947 4400 2174 4458 nostra
2215 4389 2408 4475 culpa

461 4477 609 4543 fieri
636 4478 777 4543 eius
813 4475 1076 4542 foedus:
1124 4475 1294 4561 quod
1320 4476 1647 4544 Israelitis
1686 4477 2041 4560 exprobrat
2068 4476 2405 4544 Ieremias,

460 4562 696 4647 Itaque
733 4571 808 4628 ut
840 4564 1105 4629 firmum
1142 4572 1207 4628 et
1243 4564 1475 4629 efficax
1519 4571 1781 4629 maneat
1817 4564 1944 4629 Dei
1982 4563 2226 4643 foedus,
2272 4583 2407 4629 non

463 4660 724 4715 tantum
762 4647 1064 4715 cordibus
1108 4650 1352 4715 nostris
1396 4648 1607 4736 legem
1652 4648 1936 4733 insculpi
1978 4669 2244 4717 necesse
2287 4655 2407 4729 est,

463 4735 578 4801 sed
640 4736 917 4802 alteram
974 4738 1228 4818 quodue
1283 4737 1564 4821 gratiam
1632 4735 1958 4815 accedere,
2026 4746 2101 4801 ut
2163 4734 2404 4818 iniqui-

466 4830 678 4887 tatum
723 4842 857 4886 non
902 4819 1296 4888 recordetur.
1389 4821 1522 4889 Ubi
1564 4821 1755 4887 dicit:
1805 4820 2171 4887 Comedetis
2219 4832 2407 4887 vetus

464 4908 931 4985 inveteratum,
984 4929 1216 4974 rursus
1258 4907 1727 4973 abundantiam
1771 4906 2213 4974 commendat:
2259 4907 2409 4990 quia

468 5003 545 5060 ut
588 4994 777 5058 novis
818 4993 1116 5077 frugibus
1158 4993 1414 5059 inhiare
1458 4994 1630 5079 cogit
1667 4995 1908 5077 inopia,
1953 4993 2048 5060 sic
2090 5012 2407 5078 magnum

468 5079 844 5164 opulentiae
906 5080 1170 5163 signum
1225 5087 1356 5157 est,
1403 5091 1740 5145 vetustum
1797 5079 2093 5147 triticum
2150 5079 2407 5159 horreo,

468 5176 534 5230 et
580 5166 807 5232 vinum
855 5185 941 5231 ex
982 5165 1147 5232 cella
1190 5186 1505 5249 promere.
1570 5165 1937 5251 Largitatis
1993 5173 2214 5232 autem
2258 5186 2410 5231 con-

640 5354 700 5423 1)
736 5354 1028 5424 Princeps.-
1063 5354 1387 5410 huiusmodi.

2478 3122 2651 3167 esse
2685 3098 2857 3165 dixit
2892 3099 3128 3182 quibus
3163 3099 3347 3165 Deus
3390 3100 3612 3165 omnia
3656 3100 3828 3167 abun

2497 606 2784 673 tinuatio
2838 615 3106 671 notatur
3155 607 3221 671 in
3268 608 3399 671 fine
3444 627 3709 690 verene,
3768 605 3884 672 ubi
3922 606 4087 674 dicit
4127 630 4258 674 non
4302 609 4445 674 fore

2497 690 2715 757 locum
2777 692 2966 758 novis
3024 691 3360 775 frugibus,
3417 692 3543 758 nisi
3603 694 3922 775 penuaria
3976 714 4096 758 sua
4139 702 4446 775 vacuent,

2496 778 2649 861 quia
2690 779 2833 844 fieri
2868 789 3086 860 posset
3121 787 3198 843 ut
3242 786 3390 861 post
3432 800 3683 844 annum
3734 779 4044 857 sterilem,
4088 782 4446 848 exinanitis

2495 863 2797 929 omnibus
2832 862 3182 946 apothecis,
3227 863 3414 929 nulla
3457 886 3627 931 nova
3671 886 3933 931 annona
3966 865 4036 931 in
4079 866 4296 934 locum
4335 889 4436 935 ve·

2498 951 2657 1019 teris
2700 949 3094 1016 succederet.

2671 1037 2771 1101 11.
2829 1035 2920 1101 Et
2960 1056 3198 1118 ponam
3265 1033 3745 1102 tabernaculum.
3848 1037 4110 1103 Alludit
4174 1039 4442 1122 quidem

2494 1119 2578 1186 ad
2614 1121 3059 1188 sanctuarium
3097 1119 3353 1187 visibile
3388 1119 3499 1188 ubi
3545 1121 3918 1190 colebatur:
3964 1123 4154 1190 docet
4197 1136 4439 1203 tamen,

2495 1228 2568 1273 re
2597 1207 2740 1292 ipsa
2769 1209 3183 1290 perspicuum
3207 1207 3363 1286 fore,
3400 1228 3533 1272 non
3561 1208 3807 1274 frustra
3843 1230 3916 1274 se
3950 1209 4227 1294 elegisse
4264 1210 4441 1294 apud

2494 1293 2677 1378 ipsos
2721 1293 3154 1361 domicilium:
3207 1293 3358 1376 quia
3417 1294 3728 1359 virtutem
3774 1317 3960 1361 suam
3997 1296 4194 1362 claris
4239 1296 4439 1364 docu-

2496 1382 2737 1446 mentis
2781 1378 2864 1445 ad
2910 1400 3018 1445 eos
3053 1378 3374 1445 iuvandos
3410 1388 3685 1446 exseret.
3755 1380 4058 1465 Denique
4094 1382 4442 1467 significat,

2495 1465 2946 1532 sanctuarium
3005 1486 3139 1530 non
3187 1466 3325 1530 fore
3370 1465 3570 1530 inane
3614 1468 4021 1549 praesentiae
4063 1488 4223 1535 suae
4258 1489 4439 1551 sym-

2496 1550 2739 1631 bolum,
2781 1551 2935 1634 quia
2969 1550 3385 1634 respondebit
3432 1552 3707 1617 veritas:
3752 1552 3924 1636 quod
3960 1555 4169 1639 magis
4203 1555 4440 1620 confir-

2498 1646 2637 1702 mat
2672 1638 2971 1722 proximo
3005 1658 3223 1716 versu,
3254 1636 3367 1703 ubi
3402 1636 3576 1717 dicit,
3620 1660 3690 1704 se
3734 1638 4219 1705 ambulaturum
4267 1639 4442 1706 inter

2498 1725 2696 1807 ipsos.
2816 1722 3124 1789 Nondum
3208 1722 3386 1789 enim
3453 1733 3891 1805 pervenerant
3955 1726 4027 1790 in
4090 1727 4440 1792 stationem

2500 1810 2823 1892 quietam:
2878 1808 3152 1892 ideoque
3201 1829 3365 1892 opus
3410 1809 3738 1876 habebant
3780 1814 3920 1893 ipso
3964 1810 4148 1891 duce,
4191 1823 4270 1877 ut
4312 1812 4441 1877 iter

2501 1915 2886 1979 prosperum
2920 1895 3228 1961 facerent.
3307 1894 3459 1960 Etsi
3499 1904 3718 1961 autem
3753 1894 4013 1964 disertis
4047 1898 4267 1965 verbis
4311 1918 4443 1964 non

2502 1982 2815 2065 exprimit
2850 1980 3208 2046 secundum
3244 1981 3546 2064 spiritum
3584 1983 3805 2048 beatos
3839 1983 4010 2048 fore:
4045 1983 4319 2049 dubium
4344 1998 4442 2049 ta-

2501 2090 2654 2133 men
2679 2088 2812 2133 non
2833 2076 2949 2144 est,
2976 2067 3092 2132 ubi
3125 2088 3195 2131 se
3219 2066 3349 2132 illis
3386 2067 3524 2132 fore
3555 2069 3627 2131 in
3651 2067 3869 2135 Deum
3896 2069 4242 2151 promittit,
4281 2070 4441 2153 quin

2501 2174 2703 2236 supra
2736 2153 3055 2218 mundum
3092 2173 3204 2217 eos
3240 2151 3517 2218 attollat.
3579 2153 3895 2220 Continet
3937 2157 4135 2232 enim,
4172 2154 4440 2222 Ohristo

2501 2241 2875 2321 interprete,
2923 2239 3084 2304 haec
3120 2238 3448 2322 loquutio:
3492 2239 3627 2304 Ero
3666 2240 3848 2306 vobis
3883 2241 3954 2306 in
3978 2242 4217 2319 Deum,
4255 2261 4438 2324 spem

2502 2334 2808 2392 aeternae
2864 2323 3412 2392 immortalitatis:
3468 2326 3619 2407 quia
3662 2326 3720 2390 is
3756 2326 3869 2409 qui
3908 2325 4058 2394 fons
4102 2328 4277 2393 vitae
4319 2336 4440 2408 est,

2500 2434 2635 2477 non
2671 2420 2771 2477 est
2801 2419 3214 2477 mortuorum
3241 2411 3445 2476 Deus.
3489 2411 3720 2495 Itaque
3756 2433 3918 2478 vera
3955 2424 4021 2477 et
4058 2412 4266 2479 solida
4300 2414 4440 2478 feli-

2500 2498 2666 2567 citas
2689 2518 2857 2580 quae
2892 2495 3221 2562 delineata
3239 2497 3364 2562 fuit
3403 2496 3524 2563 sub
3547 2498 3794 2582 figaria,
3819 2519 3998 2565 nunc
4019 2500 4441 2583 promittitur.

2502 2585 2654 2650 Hac
2721 2583 2972 2648 ratione
3038 2581 3257 2648 David
3275 2634 3290 2660 ,
3350 2581 3504 2650 licet
3561 2585 3908 2668 magnifice
3964 2595 4261 2651 terrenas
4314 2585 4446 2651 Dei

2503 2668 2985 2736 benedictiones
3023 2668 3383 2752 praedicet,
3443 2669 3738 2735 clausula
3780 2678 4004 2736 tamen
4047 2691 4308 2737 annexa
4340 2671 4446 2737 de-

2503 2767 2829 2822 monstrat
2887 2776 2960 2820 se
3016 2758 3082 2819 in
3150 2754 3282 2821 illis
3341 2775 3471 2821 non
3537 2756 3935 2831 subsistere:
3993 2755 4448 2824 Misericordia

2503 2841 2633 2908 Dei
2694 2840 2933 2926 (inquit
3018 2839 3458 2925 subsequetur
3503 2862 3608 2906 me
3652 2841 3956 2908 omnibus
4001 2842 4229 2910 diebus
4273 2844 4447 2911 vitae

2506 2949 2691 2995 meae
2712 2977 2727 3005 ,
2787 2937 2860 2991 ut
2967 2925 3207 2992 abitem
3250 2926 3323 2991 in
3368 2928 3744 2994 sanctuario
3786 2928 3931 3009 Dei,
3975 2928 4047 2994 in
4089 2928 4448 3014 longitudi-

2506 3035 2664 3080 nem
2698 3013 2958 3079 dierum
3000 3011 3137 3100 (Ps.
3183 3012 3287 3093 23,
3324 3011 3412 3100 6).
3500 3014 3592 3078 Et
3636 3014 3793 3081 alibi
3830 3022 4181 3165 gostquam
4226 3015 4449 3113 beatos

3876 3121 3912 3166 e
3953 3099 4252 3187 largitur,
4295 3122 4450 3168 mox

2507 3186 2698 3271 quasi
2731 3184 3103 3268 explicandi
3138 3186 3372 3269 gratia,
3409 3184 3620 3251 addit:
3664 3186 3914 3252 Beatus
3957 3188 4236 3271 populus
4264 3189 4450 3256 cuius

2505 3272 2757 3340 Iehova
2788 3272 2972 3338 Deus
3015 3280 3117 3339 est
3157 3269 3294 3359 (Pe.
3343 3271 3489 3349 144,
3534 3269 3662 3358 15).
3752 3272 4045 3339 Tandem
4090 3275 4157 3338 in
4206 3295 4451 3340 memo-

2509 3360 2678 3425 riam
2738 3366 3005 3424 revocat
3062 3379 3134 3423 se
3194 3358 3396 3424 fuisse
3449 3378 3677 3424 eorum
3730 3357 4177 3437 liberatorem,
4240 3372 4313 3427 ut
4366 3383 4449 3426 ex

2509 3444 2838 3528 superiori
2910 3454 3203 3527 tempore
3272 3452 3450 3510 certo
3519 3452 3820 3510 statuant
3874 3446 4263 3512 continuum
4314 3447 4454 3513 fore

2509 3530 2761 3615 gratiae
2816 3530 2957 3596 eius
3010 3549 3311 3606 cursum,
3363 3528 3559 3597 modo
3613 3539 3894 3616 pergant
3947 3531 4075 3615 ipsi
4130 3532 4202 3598 in
4259 3552 4452 3600 voca-

2510 3617 2705 3684 tionis
2746 3637 2903 3683 suae
2945 3616 3174 3683 stadio.

2682 3702 3020 3769 Deuteron
3058 3702 3165 3783 28,
3193 3703 3251 3768 1.
3306 3701 3383 3768 Si
3407 3702 3721 3769 audiendo
3740 3702 4044 3769 audieris,
4112 3703 4282 3769 Aliis
4304 3725 4456 3770 ver-

2508 3789 2612 3855 bis
2667 3788 2844 3855 idem
2888 3788 3079 3856 docet
3121 3788 3292 3872 quod
3337 3798 3562 3856 antea:
3608 3787 3723 3855 sed
3768 3795 3904 3855 tam
3950 3790 4093 3873 ipsa
4134 3791 4455 3858 sermonis

2509 3876 2798 3942 varietas
2863 3895 3059 3959 quam
3135 3875 3439 3958 repetitio
3499 3874 3582 3939 ad
3640 3876 4200 3941 confirmationem
4257 3875 4453 3943 valet.

2509 3962 2740 4027 Primo
2797 3960 2954 4027 dicit
3010 3960 3231 4027 Deum
3289 3960 3383 4025 ita
3434 3959 3791 4027 liberaliter
3844 3982 3995 4027 cum
4054 3962 4216 4045 ipsis
4272 3969 4455 4029 actu-

2508 4069 2660 4114 rum
2695 4054 2772 4112 ut
2805 4067 2962 4130 prae
2996 4047 3249 4114 cunctis
3285 4046 3539 4130 populis
3569 4046 3912 4114 excellant.
3978 4047 4110 4115 Hic
4147 4049 4324 4114 enim
4359 4057 4459 4114 est

2509 4133 2862 4202 verborum
2913 4153 3144 4200 sensus
3199 4153 3358 4216 prae
3403 4142 3537 4198 toto
3578 4133 3829 4217 reliquo
3871 4132 4118 4201 mundo
4159 4134 4456 4220 insignes

2508 4218 2650 4285 fore
2709 4218 3158 4303 singularibus
3227 4219 3354 4286 Dei
3411 4218 3764 4286 beneficiis.
3853 4220 4093 4286 Postea
4152 4219 4454 4288 benedic·

2511 4307 2724 4371 tiones
2768 4326 2935 4389 quae
2979 4326 3316 4389 nunquam
3360 4305 3442 4372 ab
3485 4305 3645 4388 ipsis
3690 4305 4015 4383 recedent,
4060 4307 4115 4372 si
4162 4308 4456 4389 perstite-

2511 4393 2648 4457 rint
2681 4392 2750 4457 in
2787 4392 2972 4457 cultu
3008 4391 3156 4470 Dei,
3202 4399 3686 4458 commemorat.
3764 4392 3897 4459 Ubi
3932 4392 4295 4458 notandum
4332 4404 4455 4473 est,

2509 4477 3020 4557 commonefieri,
3081 4497 3211 4543 non
3270 4477 3484 4543 solum
3543 4485 3699 4561 quot
3740 4478 3950 4544 modis
3996 4479 4326 4547 beneficus
4369 4480 4455 4546 sit

2511 4563 2696 4630 Deus
2763 4583 2922 4648 erga
2985 4584 3139 4631 suos
3195 4563 3512 4643 cultores,
3566 4563 3682 4631 sed
3741 4574 3900 4648 quot
3958 4565 4454 4631 necessitatibus

2510 4649 2647 4717 sint
2667 4648 2936 4716 obnoxii
2955 4670 3120 4734 quae
3143 4648 3408 4717 assidua
3430 4659 3495 4716 et
3516 4650 3865 4716 innumera
3899 4650 4042 4716 eius
4064 4651 4314 4716 auxilia
4335 4653 4452 4717 fla·

2511 4736 2746 4821 gitant.
2808 4735 2982 4801 Nam
3026 4738 3081 4802 si
3125 4735 3572 4803 benedicimur
3606 4737 3670 4800 in
3708 4756 3864 4821 agro
3888 4744 3958 4802 et
3992 4735 4172 4815 urbe,
4217 4736 4452 4820 pedem

2514 4843 2776 4887 movere
2819 4843 2954 4887 non
3002 4843 3341 4903 possumus
3385 4824 3576 4890 sicuti
3631 4841 3752 4887 nec
3787 4831 3966 4888 stare
4002 4823 4131 4888 nisi
4161 4823 4306 4889 eius
4340 4824 4453 4891 be·

2514 4907 2766 4974 neficio.
2853 4907 3105 4973 Eodem
3149 4917 3400 4991 spectat
3444 4918 3619 4975 totus
3661 4909 4031 4993 catalogus,
4075 4909 4144 4974 in
4190 4910 4454 4994 singula

2514 5001 2846 5060 momenta
2919 4992 3105 5060 nobis
3177 4995 3429 5061 instare
3499 5014 3720 5060 rerum
3785 4995 4082 5061 omnium
4142 4994 4452 5080 inopiam,

2514 5080 2643 5145 nisi
2678 5079 2954 5146 subinde
2989 5082 3205 5148 missis
3242 5103 3278 5147 e
3312 5080 3489 5147 coelo
3525 5080 3827 5147 remediis
3863 5082 4049 5147 Deus
4085 5092 4452 5147 succurrat:

2515 5186 2637 5233 nec
2694 5165 2960 5232 aliunde
3012 5188 3210 5250 quam
3267 5167 3350 5234 ab
3394 5165 3590 5237 unico
3632 5165 3748 5233 illo
3793 5168 3970 5233 fonte
4012 5167 4219 5233 fluere
4261 5168 4449 5252 quid-

2517 5250 2676 5338 quid
2717 5260 2821 5319 est
2858 5253 3193 5320 bonorum.

2688 5338 2749 5404 9.
2797 5337 3036 5407 Statua
3087 5345 3143 5406 te
3185 5338 3432 5407 Iehova.
3521 5337 3834 5406 Refertur
3891 5338 4153 5424 quidem
4199 5337 4324 5407 hoc
4368 5341 4452 5408 ad
