5017 6142
550 408 640 476 99

552 604 827 661 aeterna
884 592 1148 677 adoptio
1192 614 1324 676 qua
1358 590 1664 677 dignatus
1708 593 1922 658 fuerat
1963 593 2272 659 Abrahae
2316 595 2506 660 filios.

554 682 840 747 Librum
881 681 951 744 in
998 700 1126 763 quo
1171 677 1356 745 Deus
1400 679 1738 763 scripsisse
1793 677 2031 745 dicitur
2071 700 2226 747 suos
2270 680 2509 745 electos

556 766 1005 851 metaphorice
1088 767 1306 849 accipe
1383 785 1501 848 pro
1582 764 1860 830 decreto.
1950 764 2144 847 Quod
2210 786 2361 831 vero
2427 788 2509 830 ex

555 872 832 919 numero
910 852 1168 936 piorum
1249 849 1453 916 deleri
1540 851 1722 933 cupit
1807 852 2063 930 Moses,
2150 853 2511 937 impropria

556 939 854 1022 loquutio
896 947 1034 1001 est:
1094 936 1352 1019 quando
1396 936 1543 1001 fieri
1595 957 1727 1002 non
1771 946 1987 1021 potest
2031 945 2105 1002 ut
2150 939 2262 1021 qui
2306 937 2509 1004 semel

556 1026 807 1091 electus
849 1036 953 1089 est
997 1044 1283 1105 unquam
1328 1022 1734 1105 reprobetur.
1802 1024 1894 1088 Et
1936 1021 2109 1106 quod
2145 1023 2512 1108 phrenetici

557 1110 824 1195 quidam
881 1110 1003 1176 hoc
1058 1117 1407 1193 praetextu
1465 1108 1893 1187 labefactant,
1952 1122 2271 1192 quantum
2309 1112 2382 1175 in
2441 1130 2512 1175 se

555 1208 680 1274 est,
706 1195 857 1261 fidei
879 1204 1139 1261 nostrae
1160 1207 1360 1278 caput
1382 1194 1463 1261 de
1477 1206 1742 1261 aeterna
1757 1196 1883 1261 Dei
1897 1194 2511 1278 praedestinatione,

556 1284 632 1348 in
675 1303 752 1348 eo
796 1302 928 1346 non
989 1280 1206 1345 minus
1260 1281 1560 1347 inscitiae
1619 1301 1815 1363 quam
1863 1281 2157 1347 malitiae
2202 1280 2509 1365 produnt.

558 1369 714 1435 Duo
749 1368 937 1450 ponit
956 1364 1176 1432 David
1202 1365 1428 1432 eodem
1464 1386 1693 1432 sensu:
1731 1365 1979 1447 Deleri,
2015 1379 2082 1433 et
2110 1367 2260 1433 Non
2297 1367 2509 1434 scribi.

559 1453 933 1519 Deleantur
986 1474 1023 1516 e
1080 1453 1249 1518 libro
1307 1453 1518 1531 vitae,
1585 1460 1654 1518 et
1702 1472 1854 1516 cum
1912 1452 2104 1519 iustis
2163 1474 2294 1519 non
2355 1455 2514 1521 scri-

564 1541 803 1606 bantur
848 1536 984 1623 (Ps.
1031 1539 1137 1618 69,
1172 1536 1304 1624 29).
1373 1536 1568 1605 Unde
1612 1538 1829 1622 colligi
1866 1559 1998 1603 non
2042 1548 2253 1622 potest
2295 1539 2514 1623 aliqua

559 1625 633 1690 in
675 1626 817 1691 Deo
859 1625 1112 1690 consilii
1158 1624 1455 1690 mutatiO.
1523 1622 1661 1689 Sed
1697 1623 2086 1689 tantundem
2132 1625 2309 1691 valet
2352 1626 2512 1692 haec

562 1711 910 1776 verborum
957 1710 1183 1786 forma,
1230 1730 1305 1775 ac
1349 1711 1406 1776 si
1451 1708 1698 1777 dictum
1743 1720 1934 1788 esset,
1980 1709 2200 1776 Deum
2246 1710 2511 1777 tandem

560 1796 1045 1881 patefacturum
1109 1795 1452 1879 reprobos,
1527 1797 1639 1879 qui
1710 1794 1793 1862 ad
1849 1807 2108 1879 tempus
2165 1807 2514 1864 censentur

555 1884 630 1949 in
668 1903 942 1948 numero
977 1884 1254 1966 piorum,
1292 1882 1474 1948 nullo
1517 1881 1710 1946 modo
1752 1895 2051 1965 spectare
2087 1883 2169 1947 ad
2205 1884 2515 1951 ecclesiae

559 1989 817 2051 corpus.
906 1968 1065 2033 Ideo
1108 1988 1390 2034 arcanus
1426 1968 1760 2051 catalogus
1803 1971 1872 2033 in
1918 1989 2045 2051 quo
2086 1970 2315 2053 scripti
2356 1976 2518 2035 sunt

556 2056 770 2133 electi,
813 2054 988 2137 apud
1024 2047 1435 2120 Ezechielem
1479 2053 1610 2140 (13,
1654 2052 1742 2140 9),
1787 2064 2102 2120 externae
2144 2056 2518 2138 pofessioni,

563 2161 731 2225 quae
774 2159 971 2223 saepe
1028 2139 1312 2204 mendax
1353 2149 1480 2221 est,
1540 2140 1908 2224 opponitur.
1997 2138 2232 2223 Itaque
2282 2142 2517 2208 merito

560 2227 873 2294 Christus
918 2226 1273 2308 discipulos
1312 2246 1466 2292 suos
1509 2227 1739 2292 laetari
1774 2226 1986 2307 iubet,
2029 2227 2201 2310 qnod
2248 2229 2518 2294 nomina

560 2314 855 2397 ipsorum
900 2312 1144 2395 scripta
1188 2313 1324 2376 sint
1366 2312 1436 2377 in
1481 2313 1676 2379 coelis
1721 2310 1910 2397 (Luc.
1959 2312 2066 2392 10,
2121 2312 2251 2401 20).
2342 2314 2516 2379 Nam

562 2400 690 2465 etsi
748 2397 1405 2481 incomprehensibile
1446 2399 1633 2464 nobis
1678 2409 1779 2464 est
1828 2397 1956 2462 Dei
1999 2399 2344 2465 consilium
2388 2420 2517 2482 quo

558 2483 1028 2569 praedestinati
1074 2504 1302 2549 sumus
1346 2484 1430 2549 ad
1473 2484 1788 2567 salutem,
1852 2495 2073 2550 manet
2116 2493 2339 2550 tamen
2383 2487 2515 2570 sig·

558 2569 865 2637 naculam
910 2569 1064 2643 hoc,
1114 2578 1280 2636 teste
1321 2569 1563 2635 Paulo:
1609 2569 1817 2635 Novit
1860 2571 2182 2637 Dominus
2228 2573 2339 2654 qui
2383 2573 2518 2637 sint

555 2657 661 2724 sui
705 2655 791 2742 (2.
831 2657 996 2721 Tim.
1032 2655 1094 2735 2,
1144 2655 1270 2741 19).

732 2742 836 2807 33.
911 2741 1034 2823 Qui
1079 2742 1361 2821 peccavit
1412 2740 1587 2806 mihi.
1675 2741 1804 2807 His
1857 2740 2076 2807 verbis
2132 2763 2204 2809 se
2260 2763 2511 2810 accom-

558 2827 784 2894 modat
831 2827 1013 2892 Deus
1056 2826 1140 2891 ad
1183 2837 1448 2909 captum
1493 2826 1818 2891 humanae
1860 2829 2123 2908 mentis,
2167 2829 2279 2893 ubi
2324 2830 2509 2895 dicit:

560 2913 814 2981 Delebo
858 2932 1042 2978 eum:
1098 2914 1255 2995 quia
1307 2912 1400 2979 sic
1441 2911 1609 2978 falso
1653 2914 1793 2978 eius
1851 2934 2090 2981 nomen
2145 2914 2514 2981 obtendunt

559 2999 978 3086 hypocritae,
1034 3005 1109 3062 ut
1159 3019 1294 3063 non
1351 3006 1739 3082 reputentur
1781 3001 2109 3079 extranei,
2170 2999 2301 3067 nisi
2355 3001 2514 3066 dum

559 3105 674 3152 eos
718 3086 935 3168 palam
980 3084 1162 3150 Deus
1198 3083 1473 3151 abdicat.
1562 3083 1793 3167 Itaque
1840 3086 2185 3152 manifesta
2226 3086 2510 3166 reiectio,

560 3172 766 3237 litura
821 3178 1107 3236 vocatur.
1196 3169 1496 3255 Castigat
1553 3191 1748 3254 porro
1790 3169 1976 3236 Deus
2017 3181 2514 3257 praeposterum

558 3257 773 3325 Mosis
807 3266 1071 3322 votum:
1118 3257 1269 3339 quia
1304 3269 1480 3322 recto
1517 3259 1659 3322 eius
1702 3256 1940 3324 iudicio
1976 3279 2108 3322 non
2144 3259 2515 3337 conveniat,

558 3342 860 3410 insontes
925 3342 1213 3408 reiicere.
1302 3342 1498 3408 Unde
1563 3344 1857 3426 sequitur
1920 3343 2149 3409 Mosen
2228 3345 2512 3411 inconsi-

561 3428 790 3495 derate
835 3427 1037 3493 fuisse
1079 3436 1436 3512 precatum.
1526 3427 1806 3494 Summa
1839 3438 1972 3508 est,
2028 3428 2249 3495 Deum
2292 3431 2515 3513 impiis

560 3523 631 3581 et
672 3512 1007 3580 sceleratis
1048 3513 1408 3596 rependere
1442 3535 1637 3597 quam
1668 3516 1888 3580 meriti
1928 3525 2086 3581 sunt
2127 3514 2515 3597 mercedem,

560 3598 820 3685 quoties
875 3619 1160 3683 poenam
1219 3600 1301 3664 de
1358 3599 1519 3682 ipsis
1576 3600 1810 3666 sumit:
1870 3600 2080 3668 iustos
2139 3623 2295 3668 vero
2342 3624 2514 3667 nun·

561 3705 762 3770 quam
795 3685 1052 3768 punire.
1098 3683 1232 3749 Sed
1271 3685 1629 3750 notandum
1664 3697 1783 3765 est,
1817 3688 2071 3770 quoties
2115 3689 2512 3770 pronunciat

561 3771 749 3838 Deus
772 3793 844 3837 se
863 3771 1004 3837 fore
1018 3769 1338 3837 scelerum
1356 3770 1698 3850 vindicem,
1715 3792 1845 3836 non
1870 3773 2130 3838 excludi
2153 3773 2297 3840 eius
2320 3774 2514 3840 mise-

561 3857 948 3937 ricordiam,
993 3877 1122 3941 qua
1163 3877 1433 3922 suorum
1468 3855 1704 3922 delicta
1738 3858 2002 3941 sepelit,
2048 3868 2124 3923 ut
2167 3860 2236 3923 in
2271 3881 2512 3925 memo-

562 3945 733 4010 riam
769 3964 902 4008 non
941 3945 1229 4008 veniant.
1296 3941 1865 4023 Quemadmodum
1911 3944 2022 4009 ubi
2065 3943 2224 4011 dicit
2266 3945 2516 4011 Paulus

562 4028 653 4117 (1.
694 4028 844 4095 Gor.
890 4029 967 4107 6,
1011 4027 1111 4115 9):
1178 4028 1407 4111 Neque
1465 4039 1887 4108 scortatores,
1948 4050 2158 4112 neque
2215 4030 2515 4111 adulteri,

565 4136 779 4198 neque
827 4114 1046 4193 fures,
1092 4134 1302 4197 neque
1344 4116 1558 4193 avari,
1603 4136 1815 4198 neque
1860 4115 2257 4196 homicidae,
2300 4138 2515 4200 neque

565 4193 870 4267 maledici
924 4221 1202 4284 regnum
1270 4200 1397 4266 Dei
1461 4200 1924 4284 possidebunt:
1983 4223 2066 4267 ex
2127 4202 2232 4268 his
2294 4204 2516 4270 verbis

566 4306 907 4371 perperam
973 4285 1120 4368 quis
1181 4285 1550 4371 colligeret,
1617 4286 1949 4370 prohiberi
2014 4307 2242 4354 omnes
2300 4309 2340 4353 a
2400 4311 2516 4374 spe

566 4372 834 4440 salutis:
916 4372 1073 4455 quia
1146 4370 1227 4436 de
1305 4373 1597 4456 reprobis
1672 4382 1931 4438 tantum
2008 4374 2323 4457 loquitur,
2404 4376 2515 4458 qui

566 4478 905 4543 nunquam
942 4457 1354 4542 resipiscunt,
1397 4467 1476 4523 ut
1508 4459 1805 4524 conversi
1840 4460 2118 4543 gratiam
2155 4460 2514 4527 obtineant.

741 4545 844 4611 34.
907 4543 1098 4609 Nunc
1172 4563 1313 4628 erqo
1390 4544 1579 4624 vade,
1657 4544 1777 4611 duc
1827 4544 2136 4628 populum
2199 4551 2299 4613 etc.
2390 4548 2517 4614 His

570 4633 789 4697 verbis
824 4629 1113 4696 ostendit
1158 4630 1342 4695 Deus
1376 4651 1447 4696 se
1482 4629 1816 4714 placatum
1853 4652 2021 4697 esse:
2068 4633 2221 4714 quia
2263 4640 2515 4699 certum

570 4717 1118 4784 reconciliationis
1183 4717 1447 4799 signum
1512 4715 1666 4793 fuit,
1732 4737 1819 4780 an
1866 4717 2044 4782 elum
2110 4718 2517 4785 conficiendo

568 4804 832 4871 residuo
865 4803 1089 4867 itineri
1124 4801 1358 4867 ducem
1389 4803 1762 4885 praeficere.
1819 4738 2013 4883 {uod
2047 4804 2224 4868 enim
2252 4805 2517 4888 quidam

568 4897 927 4973 exponunt,
970 4888 1278 4973 angelum
1322 4907 1498 4953 nunc
1540 4889 1830 4972 promitti
1873 4889 1987 4972 qui
2020 4908 2248 4955 eorum
2291 4912 2518 4957 curam

571 4983 790 5060 gerat,
860 4975 1053 5041 sicuti
1115 4974 1408 5058 profanis
1486 4994 1740 5056 quoque
1809 4976 2118 5058 gentibus
2183 4975 2517 5042 interdum

571 5061 895 5145 assignari
953 5061 1140 5127 testis
1198 5070 1297 5125 est
1355 5058 1627 5136 Daniel,
1685 5067 1751 5124 et
1794 5060 2165 5145 exemplum
2215 5063 2517 5144 proximo

571 5148 785 5230 capite
829 5146 1227 5227 videbimus,
1272 5145 1584 5230 frigidum
1619 5156 2061 5212 commentum
2105 5157 2236 5214 est:
2284 5147 2520 5214 deinde

572 5231 888 5315 exprimit
941 5234 1159 5314 Deus,
1218 5233 1519 5316 quamvis
1564 5254 1603 5298 a
1647 5232 1773 5297 fide
1831 5232 2179 5299 desciverit
2220 5234 2519 5318 populus,

572 5338 647 5384 se
705 5332 926 5384 tamen
987 5330 1174 5402 pacto
1249 5340 1369 5385 suo
1424 5326 1600 5385 stare
1664 5317 1745 5383 de
1804 5318 2109 5385 fruitione
2157 5321 2517 5403 promissae

1958 403 2367 499 annuns
2412 404 2546 472 AD
2591 402 3136 474 HISTORIAM.

2608 5165 2775 5228 pone
2818 5148 3249 5209 ornamentum
3299 5150 3478 5210 tuum
3533 5166 3575 5210 a
3631 5148 3716 5223 te,
3775 5150 3833 5210 et
3883 5147 4083 5211 sciam
4124 5146 4281 5228 quid

4438 404 4567 470 100

2609 592 3053 659 haereditatis.
3113 592 3464 660 Caeterum
3501 589 3671 676 quod
3708 613 3986 676 poenam
4022 591 4243 658 differt
4276 591 4346 656 in
4383 591 4564 658 aliud

2613 687 2910 763 tempus,
2956 678 3217 763 oblique
3270 678 3592 745 malitiam
3644 679 3867 763 populi
3916 679 4334 763 perstringit:
4394 698 4469 744 ac
4506 679 4564 745 si

2613 763 2918 843 dixisset,
2964 775 3099 830 tam
3149 785 3458 849 perverso
3523 766 3788 849 ingenio
3845 786 4020 844 esse,
4068 762 4144 829 ut
4187 784 4298 829 sae
4346 764 4448 829 ius
4489 765 4563 830 in

2613 860 2950 934 posterum
3015 849 3290 918 daturus
3354 853 3440 917 sit
3506 871 3712 917 novas
3793 851 4180 917 occasiones.
4324 850 4345 914 i
4418 850 4564 933 quis

2613 935 2908 1015 obiiciat,
2957 937 3211 1020 quoties
3255 947 3482 1022 postea
3522 938 3702 1002 ultus
3747 944 3848 1002 est
3889 938 4073 1003 Deus
4118 936 4247 1001 alia
4281 948 4562 1018 peccata,

2615 1042 2750 1087 non
2793 1023 2996 1089 fuisse
3034 1031 3189 1089 tunc
3234 1020 3764 1088 animadversum
3798 1022 3871 1086 in
3906 1022 4077 1087 hanc
4110 1021 4564 1103 idololatriam,

2615 1108 2976 1191 respondeo
3020 1131 3152 1175 non
3189 1131 3330 1176 esse
3375 1129 3615 1175 novum
3657 1109 3816 1186 Deo,
3860 1108 3974 1173 ubi
4008 1106 4286 1174 subinde
4315 1128 4560 1173 novum

2614 1204 2869 1259 reatum
2913 1194 3310 1261 contrahunt
3354 1196 3683 1273 homines,
3727 1196 3970 1260 iterare
4011 1213 4282 1277 poenas:
4331 1193 4563 1259 deinde

2614 1280 2809 1363 plura
2862 1281 3059 1346 simul
3118 1289 3387 1366 peccata
3445 1301 3577 1346 uno
3637 1279 3967 1346 vindictae
4031 1301 4271 1364 genere
4327 1300 4562 1346 vocare

2613 1367 2683 1430 in
2718 1365 3053 1432 iudicium.
3118 1365 3226 1432 Ad
3269 1366 3430 1433 haec
3464 1365 3707 1433 scimus
3745 1365 3964 1432 Deum
3999 1366 4269 1433 reiicere
4305 1375 4564 1449 patrum

2614 1452 3031 1534 iniquitatem
3087 1453 3158 1518 in
3216 1453 3387 1519 filios
3451 1473 3655 1535 usque
3707 1452 3778 1516 in
3838 1452 4097 1518 tertiam
4151 1460 4217 1517 et
4258 1461 4563 1535 quartam

2697 1539 3123 1604 nerationem.
3221 1539 3567 1604 Postremo
3644 1536 3811 1603 nihil
3891 1536 4139 1617 obstat,
4217 1537 4566 1619 quominus

2614 1623 3028 1706 iniquitatem
3086 1645 3279 1709 quam
3337 1625 3541 1691 semel
3598 1624 3883 1703 remisit,
3938 1624 4065 1688 alio
4122 1632 4414 1706 tempore
4463 1625 4563 1689 vi-

2616 1710 2769 1774 sitet
2848 1711 3313 1794 temporalibus
3393 1711 3639 1794 poenis.
3729 1709 4061 1790 Quorsum
4138 1709 4315 1774 enim
4403 1717 4565 1775 tunc

2615 1795 2872 1879 ignovit
2914 1796 3198 1880 populo?
3257 1818 3339 1862 ne
3383 1797 3629 1863 scilicet
3673 1803 4094 1862 evanesceret
4136 1792 4417 1860 foederis
4460 1795 4566 1860 sui

2616 1882 2890 1963 veritas,
2948 1881 3062 1948 sed
3122 1904 3284 1966 quos
3343 1892 3502 1948 tunc
3553 1880 3825 1964 perdere
3885 1881 4126 1962 noluit,
4171 1881 4389 1966 potuit
4445 1902 4565 1946 suo

2616 1974 2909 2050 tempore
2951 1969 3193 2034 iterum
3238 1969 3331 2034 sic
3375 1989 3710 2052 reposcere
3753 1967 3834 2032 ad
3881 1987 4179 2051 poenam,
4224 1975 4300 2031 ut
4342 1967 4565 2031 mode·

2619 2062 2763 2117 rata
2836 2063 3007 2120 esset
3085 2055 3445 2138 castigatio.
3533 2053 3712 2119 Hinc
3791 2053 4121 2120 discamus
4186 2051 4374 2117 nobis
4431 2073 4564 2118 non

2616 2137 2898 2205 blandiri
2943 2139 2998 2205 si
3043 2138 3302 2223 quando
3345 2139 3661 2205 iudicium
3707 2160 3905 2204 suum
3947 2137 4307 2222 suspendat
4349 2138 4565 2205 Deus:

2617 2245 2827 2309 neque
2892 2225 3034 2291 eius
3098 2226 3444 2292 tolerantia
3511 2224 3722 2305 abuti,
3779 2246 3855 2291 ac
3922 2226 3978 2290 si
4027 2225 4297 2307 impune
4361 2224 4567 2308 elapsi

2616 2331 2928 2376 essemus.

2788 2396 2891 2462 35.
2957 2396 3044 2461 Et
3074 2398 3392 2477 percussit
3435 2395 3668 2463 Iehova
3697 2396 4021 2478 populum.
4104 2395 4235 2461 Hic
4280 2393 4567 2461 breviter

2618 2477 2928 2548 adscribit
2993 2481 3137 2548 Deo
3204 2482 3422 2549 Moses
3487 2482 3656 2567 quod
3724 2490 3878 2547 ante
3944 2480 4170 2546 retulit
4234 2481 4315 2546 de
4367 2480 4567 2548 caede

2619 2568 2818 2632 trium
2878 2567 3189 2633 millium:
3251 2589 3336 2633 ne
3398 2570 3545 2651 quis
3598 2567 4012 2633 existimaret
4066 2568 4282 2651 ipsum
4331 2568 4565 2632 immo-

2621 2651 2764 2719 dico
2797 2654 3056 2719 fervore
3095 2655 3425 2722 saeviisse.
3489 2654 3724 2737 Itaque
3757 2653 4006 2720 Paulus
4041 2651 4128 2739 (1.
4165 2652 4317 2720 Gor.
4362 2653 4459 2731 10,
4497 2652 4566 2739 7)

2619 2738 2692 2803 in
2737 2738 2859 2805 hac
2901 2739 3180 2805 historia
3227 2750 3540 2823 tanquam
3583 2741 3655 2805 in
3691 2738 3957 2823 speculo
3992 2739 4404 2806 considerare
4446 2758 4566 2804 nos

2619 2824 2803 2891 iubet
2843 2836 3243 2908 quantopere
3279 2826 3615 2910 displiceat
3656 2824 4025 2890 idololatria
4093 2825 4266 2891 Deo:
4326 2847 4409 2889 ne
4451 2844 4565 2890 eos

2619 2930 2968 2993 sequamur
3001 2913 3116 2996 qui
3152 2911 3292 2977 eius
3326 2933 3526 2977 manu
3570 2911 3862 2996 percussi
3896 2918 4068 2976 sunt.
4135 2911 4317 2996 Ergo
4359 2910 4566 2977 Mosis

2619 2996 2986 3080 indignatio
3028 3017 3176 3062 cum
3202 2995 3330 3063 Dei
3364 2996 3673 3064 mandato
3716 2999 4066 3063 coniuncta
4108 2997 4252 3064 fuit.
4297 2997 4566 3063 Interea

2619 3083 3033 3148 commendat
3090 3084 3214 3147 Dei
3270 3083 3813 3159 misericordiam,
3878 3084 4029 3165 quia
4087 3083 4387 3148 Aharoni
4453 3104 4565 3166 pe-

2621 3171 2928 3250 percerit,
3008 3167 3167 3234 dum
3230 3190 3393 3254 opus
3457 3170 3601 3235 eius
3658 3169 3954 3234 nominat
4019 3168 4333 3247 vitulum,
4398 3168 4568 3235 sicut

2620 3255 2826 3320 totius
2884 3255 3133 3338 populi:
3193 3255 3453 3321 diverso
3502 3254 3763 3339 quidem
3811 3254 4033 3334 modo,
4093 3256 4247 3338 quia
4280 3254 4567 3321 vitulum

2617 3341 2930 3406 conflavit
2969 3339 3244 3406 Aharon
3281 3341 3520 3425 populo
3563 3342 3633 3406 id
3676 3341 4044 3424 flagitante:
4104 3341 4298 3425 culpa
4340 3350 4566 3407 tamen

2615 3424 2747 3490 fuit
2781 3427 3164 3493 communis.

3164 3769 3297 3837 EX
3342 3767 3645 3836 EXODI
3686 3771 4025 3839 XXXIII.

2793 3941 2849 4007 1.
2934 3941 3260 4025 Loquutus
3323 3947 3531 4007 autem
3589 3942 3805 4024 fuerat
3869 3943 4099 4009 Iehova
4166 3940 4253 4005 ad
4315 3940 4570 4008 Mosen.-

2632 4027 2837 4105 Vade,
2902 4028 3161 4094 ascende
3223 4027 3366 4092 hinc
3419 4032 3491 4092 tu
3544 4033 3603 4094 et
3640 4029 3919 4110 populus
3974 4048 4153 4110 quem
4208 4026 4484 4093 eduxisti
4535 4048 4569 4094 e

2617 4119 2788 4179 terra
2829 4114 3103 4198 Aeyypti
3141 4115 3213 4179 in
3254 4118 3486 4178 terram
3528 4114 3603 4179 de
3636 4135 3766 4196 qua
3798 4116 4014 4181 iuravi
4052 4113 4185 4195 ipsi
4218 4113 4565 4193 Abraham,

2621 4199 2814 4265 Isaac
2854 4205 2910 4266 et
2955 4199 3158 4278 Iacob,
3202 4199 3482 4265 dicendo.-
3527 4198 3767 4265 Semini
3808 4207 3914 4267 tuo
3956 4199 4116 4266 dabo
4157 4218 4311 4264 eam.
4373 4199 4433 4265 2.
4479 4198 4570 4265 Et

2617 4286 2860 4351 mittam
2901 4290 3045 4350 ante
3099 4289 3155 4350 te
3209 4285 3498 4369 anyelum
3511 4337 3526 4367 ,
3590 4292 3646 4351 et
3686 4287 3937 4353 eiiciam
3983 4285 4463 4366 chananaeum,
4513 4291 4572 4351 et

2617 4371 3098 4451 Amorrhaeum,
3144 4375 3202 4435 et
3243 4371 3622 4449 Hitthaeum,
3683 4377 3741 4437 et
3789 4372 4175 4446 Perizaeum,
4233 4370 4568 4447 Hivaeum,

2618 4463 2677 4524 et
2718 4457 3103 4523 lebusaeum.
3178 4456 3238 4522 3.
3297 4457 3412 4523 Ad
3452 4462 3684 4523 terram
3724 4459 3955 4524 scilicet
3988 4460 4280 4539 fluentem
4322 4457 4476 4523 laete
4513 4462 4573 4523 et

2616 4543 2809 4610 melle.
2871 4542 3016 4609 Non
3059 4543 3227 4608 enim
3260 4543 3591 4609 ascendam
3628 4544 3700 4609 in
3731 4545 3935 4610 medio
3965 4545 4062 4609 tui
4094 4543 4270 4631 (nam
4290 4543 4571 4625 populus

2617 4630 2817 4696 durae
2847 4628 3105 4695 cervicis
3135 4626 3228 4714 es)
3260 4648 3337 4693 ne
3366 4628 3527 4710 forte
3557 4648 3916 4695 consumam
3957 4635 4013 4695 te
4044 4631 4114 4695 in
4147 4628 4272 4695 via.
4332 4630 4393 4695 4.
4431 4630 4571 4694 Au-

2618 4715 2799 4781 diens
2853 4719 3062 4780 autem
3106 4713 3385 4797 populus
3446 4715 3695 4781 verbum
3752 4715 3862 4780 hoc
3914 4717 4188 4796 malum,
4246 4715 4571 4781 luxerunt.-

2620 4821 2728 4867 nec
2785 4801 3006 4881 posuit
3065 4801 3400 4882 quisquam
3460 4806 3890 4867 ornamentum
3956 4821 4145 4867 suum
4217 4819 4409 4883 super
4481 4821 4567 4867 se.

2620 4887 2680 4954 5.
2741 4885 3024 4953 Dixerat
3068 4887 3233 4952 enim
3278 4885 3508 4953 Iehova
3549 4888 3638 4953 ad
3677 4886 3925 4953 Mosen.-
3969 4886 4097 4953 Dic
4137 4884 4301 4970 filiis
4344 4887 4568 4967 Israel,

2635 4973 2762 5039 Vos
2804 4972 2954 5038 estis
2983 4972 3261 5054 populus
3300 4973 3501 5039 durae
3533 4973 3821 5038 cervicis:
3860 4979 4155 5039 momento
4199 4992 4324 5038 uno
4364 4992 4572 5039 ascen-

2618 5061 2769 5127 dam
2808 5059 2880 5124 in
2920 5058 3193 5124 medium
3233 5059 3356 5138 tui,
3402 5063 3460 5123 et
3498 5078 3856 5126 consumam
3896 5063 3970 5125 te.
4061 5060 4250 5126 Nunc
4290 5079 4359 5125 er
4470 5059 4574 5125 de·

4364 5164 4572 5213 actam

2616 5232 2747 5298 tibi.
2810 5230 2870 5296 6.
2917 5229 3007 5295 Et
3046 5230 3472 5311 spoliaverunt
3502 5250 3570 5296 se
3605 5229 3734 5311 filii
3767 5231 3976 5297 Israel
4014 5233 4393 5297 ornamentis
4431 5231 4574 5297 suis

2620 5339 2664 5384 a
2707 5321 2909 5384 monte
2951 5315 3175 5382 Horeb.
