5017 6142
597 433 728 500 311

600 628 885 690 ventum
928 627 1030 685 est
1062 615 1147 683 ad
1189 617 1349 683 alios
1393 616 1755 697 legitimos,
1801 616 2093 682 maribus
2135 636 2255 683 sua
2296 636 2557 701 praero-

690 707 829 774 tiva
879 712 1183 772 constare
1224 703 1477 787 incipit.
1566 703 1834 786 Loquor
1870 702 1951 768 de
1994 712 2170 768 terra
2212 702 2554 781 Ghanaan,

600 816 673 860 16
709 812 840 877 1166
873 808 1007 857 non
1046 797 1304 856 tantum
1339 808 1579 854 nomen
1607 787 1932 867 Abrahae,
1967 788 2080 854 sed
2117 788 2288 872 quod
2322 789 2558 855 certior

602 900 681 946 ac
748 875 1118 944 distinctior
1183 884 1358 941 esset
1422 874 1772 956 memoria,
1849 873 2187 941 duodecim
2267 875 2555 941 tribuum

602 964 858 1032 servari
900 961 1209 1046 oportuit.

1088 1302 1149 1367 N
1154 1301 1439 1369 UMER.
1486 1301 1682 1367 GAP.
1729 1301 2063 1368 XXXVI.

779 1478 836 1542 1.
905 1475 1316 1542 Accesserant
1369 1492 1511 1539 vero
1554 1473 1884 1556 principes
1921 1478 2179 1555 patrum
2221 1494 2255 1540 e
2291 1474 2553 1557 familia

598 1563 883 1647 filiorum
931 1559 1133 1627 Gilad
1171 1557 1299 1640 lilii
1341 1556 1616 1638 Machir‚
1648 1558 1774 1638 filii
1817 1558 2120 1625 Manasse
2160 1561 2236 1625 de
2274 1561 2553 1644 familiis

599 1648 884 1747 filiorum
919 1644 1165 1726 Ioseph,
1181 1731 1192 1743 ·
1209 1649 1267 1744 et
1303 1644 1543 1726 loquuti
1578 1648 1727 1708 sunt
1763 1663 1978 1742 coram
2012 1645 2209 1726 Mose,
2252 1652 2309 1712 et
2339 1667 2552 1713 coram

593 1728 1654 1916 amamur
1702 1729 1991 1882 Ἢ,
2023 1730 2553 1884 1112166

606 1907 678 1972 in
707 1921 1161 1986 possesswnem
1214 1906 1375 1966 sorte
1412 1899 1570 1981 filus
1653 1901 1851 1983 srael,
1898 1903 2088 1967 etiam
2129 1903 2377 1970 domino
2418 1924 2552 1971 meo

594 1994 1001 2074 praeceptum
1057 1991 1150 2053 est
1201 2006 1244 2052 a
1285 1985 1514 2051 Iehova
1554 1990 1625 2050 ut
1664 1987 1845 2052 daret
1884 1990 2338 2069 possessionem
2408 1990 2549 2057 Sal-

598 2075 821 2161 phaad
857 2074 1087 2158 fratris
1128 2073 1326 2138 nostri
1362 2069 1619 2153 filiabus
1657 2073 1810 2138 eius.
1897 2073 1957 2139 3.
2029 2075 2201 2156 Quae
2255 2077 2316 2141 si
2357 2076 2553 2142 alicui

606 2162 684 2228 de
734 2160 897 2242 filiis
953 2159 1233 2225 aliarum
1286 2158 1560 2222 tribuum
1603 2156 1886 2239 filiorum
1942 2160 2154 2225 Israel
2199 2161 2425 2227 dentur
2480 2163 2552 2227 in

604 2266 850 2326 uxores,
862 2246 1181 2311 minuetur
1197 2242 1545 2309 baereditas
1565 2263 1786 2309 earum
1805 2244 1884 2309 ab
1903 2244 2278 2312 haereditate
2286 2252 2553 2328 patrum

606 2338 988 2410 nostrorum,
1041 2329 1422 2411 addeturque
1474 2327 1847 2396 haereditati
1887 2330 2088 2396 tribus
2128 2332 2355 2414 quibus
2396 2354 2555 2415 nup-

606 2419 805 2484 serint
819 2467 836 2495 ,
903 2421 959 2481 et
1019 2414 1096 2481 de
1155 2419 1314 2480 sorte
1398 2413 1800 2480 baereditatis
1882 2422 2132 2482 nostrae
2215 2421 2549 2485 minuetur.

608 2503 672 2569 4.
737 2503 1063 2585 Quumque
1090 2500 1289 2582 fuerit
1321 2498 1645 2565 Iubilaeus
1676 2500 1838 2575 filiis
1872 2502 2085 2568 Israel
2116 2505 2380 2570 addetur
2414 2505 2558 2569 hae-

604 2590 842 2656 reditas
910 2606 1131 2652 earum
1203 2585 1570 2651 haereditati
1630 2587 1835 2652 tribus
1911 2588 2136 2669 quibus
2196 2591 2555 2671 nupserint:

605 2679 790 2756 atque
828 2673 906 2738 dc
936 2671 1314 2737 haereditate
1353 2670 1556 2735 tribus
1583 2676 1847 2754 patrum
1888 2678 2242 2739 nostrorum
2282 2676 2557 2742 detrabe-

606 2764 712 2826 tur
772 2758 1126 2824 haereditas
1204 2776 1442 2822 earum.
1531 2756 1591 2822 5.
1661 2755 1994 2839 Praecepit
2067 2759 2277 2841 itaque
2343 2761 2556 2827 Moses

601 2845 763 2928 fibiis
796 2843 1010 2910 Israel
1043 2843 1226 2907 iuxta
1258 2861 1598 2908 sermonem
1634 2841 1918 2924 Iehovae,
1961 2845 2251 2913 dicendo:
2296 2846 2556 2913 Rectum

603 2930 809 2999 tribus
862 2930 1149 3012 filiorum
1223 2927 1452 3010 Ioseph
1523 2928 1809 3009 loquitur.
1898 2931 1958 2997 6.
2028 2930 2165 2997 Hoc
2242 2936 2331 2996 est

596 3016 918 3101 praecepit
982 3013 1214 3079 Iehova
1273 3013 1348 3079 de
1397 3012 1657 3094 filiabus
1709 3014 2052 3096 saphaad,
2116 3018 2403 3084 dicendo:
2476 3019 2557 3085 Ut

675 3101 871 3168 acebit
911 3099 1049 3166 illis
1087 3097 1219 3163 sint
1258 3099 1331 3164 in
1371 3118 1616 3177 uxores,
1659 3106 2074 3167 verumtamen
2113 3101 2405 3184 familiae
2442 3106 2554 3170 tri-

766 3186 987 3268 patris
1029 3185 1139 3251 sui
1192 3183 1322 3249 sint
1374 3185 1445 3249 in
1489 3205 1734 3251 uxores.
1842 3188 1897 3251 7.
1968 3188 2068 3253 Ne
2132 3189 2557 3272 transferatur

601 3272 960 3339 haereditas
1005 3270 1288 3353 filiorum
1342 3270 1555 3336 Israel
1607 3271 1683 3336 de
1723 3273 1891 3337 tribu
1941 3275 2028 3339 ad
2081 3274 2347 3341 tribum:
2402 3297 2555 3341 nam

602 3358 733 3435 filii
776 3356 984 3423 Isran
1025 3355 1264 3440 singuli
1304 3355 1725 3422 adhaerebunt
1777 3358 2258 3425 haereditatibus
2287 3367 2555 3442 patrum

603 3463 881 3513 suorum.
970 3443 1029 3509 8.
1104 3440 1194 3506 Et
1244 3443 1447 3507 omnis
1485 3442 1626 3523 filia
1676 3464 1837 3525 quae
1876 3446 2227 3525 possederit
2279 3446 2557 3513 haeredi-

605 3534 794 3597 tatem
835 3529 912 3594 de
951 3526 1233 3593 tribubus
1263 3527 1543 3609 filiorum
1585 3529 1823 3608 Israel,
1868 3532 1986 3595 uni
2027 3532 2101 3596 de
2139 3531 2398 3612 familia
2439 3535 2556 3598 bri-

607 3617 727 3684 bus
778 3614 999 3696 patris
1058 3612 1167 3678 sui
1227 3614 1348 3678 erit
1409 3614 1480 3678 in
1532 3633 1822 3694 uxorem,
1886 3621 1955 3681 ut
2005 3618 2373 3698 possideant
2430 3619 2560 3700 filit

609 3700 824 3768 Israel
882 3699 1122 3784 sinquli
1183 3697 1616 3765 haereditatem
1667 3706 1930 3780 patrum
1982 3723 2273 3768 suorum.-
2336 3704 2396 3769 9.
2457 3706 2560 3771 Ne

609 3787 1035 3868 transferatur
1064 3786 1387 3866 possessio
1433 3786 1509 3850 de
1549 3785 1716 3850 tribu
1757 3787 1842 3852 ad
1884 3786 2115 3852 tribum
2155 3790 2391 3855 aliam.-
2447 3792 2560 3857 sed

609 3869 1294 4025 afferres
1319 3869 2561 4039 6606111668

613 4044 789 4111 Mosi
820 4044 914 4110 sic
943 4044 1218 4127 fecerunt
1246 4041 1421 4123 filiae
1460 4042 1802 4125 Salpbaad.
1874 4046 1972 4110 11.
2024 4045 2196 4109 Nam
2232 4045 2559 4128 ΜαΙιαΖαΙι,

617 4128 917 4209 Thirsah‚
950 4134 1007 4194 et
1027 4128 1295 4213 Rafiah,
1317 4133 1372 4193 et
1393 4127 1692 4205 Milchah,
1728 4135 1784 4193 et
1809 4130 1995 4196 ,Noah
2022 4130 2198 4210 filiae
2234 4131 2561 4213 Salpbaad

610 4216 772 4299 filiis
801 4220 1187 4296 patruorum
1228 4234 1483 4279 suorum
1522 4214 1778 4295 fuerunt
1820 4216 1893 4280 in
1936 4235 2193 4281 uxores.-
2272 4219 2369 4283 12.
2433 4220 2561 4285 His

614 4302 729 4384 qui
792 4306 972 4366 erant
1033 4302 1110 4367 de
1169 4299 1427 4383 familia
1468 4300 1748 4380 filiorum
1802 4300 2106 4367 Manasse
2155 4302 2281 4382 filii
2336 4304 2562 4386 Ioseph

612 4389 872 4473 fuerunt
903 4388 974 4451 in
1016 4406 1256 4466 uxores,
1298 4386 1541 4468 fuitque
1573 4385 1928 4452 haereditas
1968 4407 2186 4453 earum
2224 4389 2419 4455 tribui
2457 4392 2562 4473 fa-

614 4473 836 4539 miliae
899 4473 1115 4556 patris
1189 4492 1425 4537 earum.
1517 4472 1617 4536 13.
1687 4470 1825 4536 Ista
1898 4479 2046 4538 sunt
2094 4481 2435 4557 praecepta
2507 4482 2565 4542 et

613 4559 858 4626 iudicia
938 4578 1098 4640 quac
1161 4559 1482 4641 praecepit
1556 4556 1785 4623 Iebova
1836 4578 1961 4639 per
2013 4579 2273 4625 manum
2358 4561 2568 4628 Masis

611 4646 773 4796 {tiis
785 4643 1049 4796 hoIsrael
1103 4645 1175 4710 in
1224 4643 1675 4726 campestribus
1739 4642 1930 4709 Moab
1987 4646 2168 4711 iuxta
2228 4647 2565 4714 Iordanem

661 4751 787 4798 eric
864 4780 878 4795 .

797 4903 852 4968 1.
919 4902 1331 4968 Accesserant
1364 4900 1688 4982 principes
1717 4904 1997 4980 patrum.
2066 4901 2317 4967 Mirum
2355 4903 2566 4969 videri

618 4998 869 5072 posset,
914 4986 1133 5052 Deum
1177 4986 1481 5052 mutilam
1524 4984 1778 5050 dedisse
1820 4985 2034 5069 legem
2092 4986 2171 5052 de
2215 4990 2566 5055 successio-

621 5074 849 5150 nibus,
909 5094 984 5141 ac
1038 5074 1096 5138 si
1150 5073 1222 5136 in
1275 5081 1563 5136 mentem
1631 5093 1759 5136 non
1817 5073 2102 5139 venisset
2156 5073 2324 5156 quod
2392 5095 2568 5141 nunc

623 5159 1026 5240 recitabitur,
1053 5158 1256 5224 donec
1284 5179 1323 5222 a
1346 5154 1749 5241 principibus
1770 5156 2167 5224 familiarum
2192 5160 2567 5225 admonitus

620 5246 749 5311 fuit
773 5247 1011 5323 Moses,
1040 5244 1337 5327 iniquum
1362 5263 1504 5308 6666
1535 5243 1876 5309 transferri
1901 5244 2366 5310 haereditates:
2395 5243 2568 5328 quod

624 5340 847 5397 tamen
906 5333 1203 5396 futurum
1262 5339 1402 5395 erat
1454 5330 1510 5396 si
1555 5330 1622 5394 in
1676 5329 1837 5396 alias
1894 5330 2102 5395 tribus
2161 5330 2569 5396 abnuberent

2001 426 2412 497 REDITUS
2459 429 2586 495 AD
2629 426 3172 496 HISTORIAM.

4481 429 4606 494 312

2661 619 2835 684 filiae
2902 614 3268 701 Salphaad,
3333 614 3590 699 quando
3650 615 3721 680 in
3788 622 3962 680 sorte
4024 612 4236 679 tribus
4296 615 4603 682 Manasse

2661 704 2987 789 obtigerat
3050 703 3163 767 illa
3227 702 3458 785 portio.
3548 698 3882 782 Quidquid
3947 700 4122 765 enim
4200 702 4605 767 accrescebat

2662 792 3010 870 extraneis,
3053 789 3247 854 sortis
3292 797 3436 853 erat
3478 786 3842 852 diminutiO.
3932 786 4114 871 Ergo
4159 787 4347 852 sicuti
4393 807 4603 870 nuper

2660 876 2988 942 consuluit
3045 875 3230 940 Deus
3279 872 3583 956 privatis,
3644 871 3739 936 ita
3790 892 3965 938 6666
4020 872 4238 955 agitur
4298 871 4379 935 de
4424 891 4602 938 com·

2661 964 2843 1028 muni
2905 960 3185 1026 utilitate
3249 959 3360 1023 vel
3425 957 3680 1024 damno.
3771 956 3952 1038 Quid
4028 977 4185 1041 ergo
4248 957 4371 1023 sibi
4437 958 4599 1038 vult,

2660 1049 2876 1114 Deum
2937 1047 3196 1111 nonnisi
3252 1066 3337 1109 ex
3395 1053 3581 1127 parte
3639 1042 3905 1109 dimidia
3965 1044 4374 1125 prospexisse
4445 1043 4602 1128 quid

2659 1141 2911 1200 rectum
2968 1130 3186 1198 esset?
3276 1129 3601 1213 Equidem
3656 1129 3958 1194 existimo
4016 1127 4231 1194 Deum
4288 1128 4382 1195 sic
4441 1140 4602 1196 tem-

2659 1239 2921 1302 perasse
2975 1237 3317 1301 responsa,
3378 1225 3454 1281 ut
3505 1223 3763 1281 tantum
3819 1223 4087 1298 rogatus
4135 1234 4344 1280 suum·
4369 1216 4601 1299 cuique

2657 1306 2760 1369 ius
2804 1303 3259 1387 assignaverit.
3341 1301 3640 1367 Veniunt
3682 1299 3854 1366 filiae
3898 1298 4248 1383 salphaad,
4294 1308 4362 1365 et
4403 1299 4597 1372 fidem

2657 1390 2865 1455 Mosis
2943 1410 3018 1456 ac
3097 1388 3428 1454 seniorum
3508 1386 3895 1469 implorant:
3985 1406 4212 1450 earum
4295 1388 4600 1470 precibus

2655 1474 2842 1541 Deus
2884 1473 3304 1557 obtemperat.
3384 1472 3684 1538 Veniunt
3722 1472 3938 1555 capita
3977 1472 4208 1551 tribus,
4250 1482 4316 1538 et
4352 1471 4599 1558 discep-

2657 1562 2971 1627 tationem
3037 1573 3302 1626 movent
3366 1557 3447 1623 de
3511 1559 3762 1624 iactura
3840 1556 4274 1623 translatitiae
4343 1579 4597 1625 succes-

2656 1648 2874 1713 sionis.
2964 1647 3259 1712 Oavetur
3302 1665 3458 1729 ergo
3503 1665 3586 1709 ne
3630 1642 3949 1709 ditescant
3992 1643 4160 1708 aliae
4203 1644 4414 1710 tribus
4455 1644 4598 1709 illo·

2655 1754 2802 1799 rum
2846 1734 3119 1798 iactura.
3208 1731 3292 1796 In
3335 1750 3627 1809 summa,
3680 1749 3879 1812 quum
3924 1737 4140 1812 posset
4194 1729 4370 1795 ultro
4415 1731 4597 1797 Deus

2654 1839 2992 1885 occurrere
3047 1837 3272 1883 eorum
3315 1816 3763 1900 postulationi,
3825 1812 4173 1880 concedere
4215 1815 4447 1881 maluit
4487 1817 4598 1900 qui

2656 1904 2823 1969 nihil
2886 1913 3149 1988 praeter
3214 1922 3495 1985 aequum
3549 1910 3615 1967 61
3670 1902 3915 1966 iustum
3976 1899 4321 1983 petebant:
4389 1922 4597 1983 neque

2656 1991 2834 2056 enim
2880 1990 3095 2055 dicere
3130 1987 3286 2055 licet
3325 1988 3435 2053 hic
3457 1984 3765 2053 accidisse
3785 1985 3958 2069 quod
3993 1985 4379 2069 plerumque
4415 1987 4594 2065 solet,

2657 2084 2734 2141 ut
2792 2075 2946 2141 dum
3003 2074 3273 2157 quisque
3328 2074 3757 2156 pertinaciter
3818 2091 4078 2137 66666111
4144 2093 4335 2137 suam
4380 2081 4603 2139 tuetur

2658 2175 2725 2227 et
2767 2160 2847 2226 ad
2893 2160 3232 2244 proprium
3285 2158 3692 2226 commodum
3754 2158 3949 2222 nimis
4008 2167 4299 2224 attentus
4343 2168 4472 2236 661,
4532 2167 4604 2224 61

2658 2249 2947 2331 quaestio
3029 2246 3473 2328 quaestionem
3555 2245 3788 2327 pariat.
3878 2243 4060 2309 Deus
4146 2245 4323 2308 enim
4410 2263 4603 2310 66666

2656 2334 2920 2418 cognita
2946 2332 3339 2416 pronunciat
3372 2340 3715 2413 utramque
3749 2338 4004 2413 partem
4047 2331 4309 2394 nonnisi
4356 2343 4601 2395 rectum

2658 2430 2898 2503 petere.
2987 2416 3303 2500 Sequitur
3367 2437 3551 2500 ergo,
3627 2414 3851 2480 Deum
3914 2415 4211 2481 consulto
4277 2414 4603 2482 distulisse

2660 2526 2778 2571 sua
2821 2503 3099 2583 decret-a,
3144 2502 3348 2568 donec
3383 2524 3465 2566 ex
3500 2523 3572 2567 16
3608 2508 3766 2566 11616
3800 2512 4241 2567 66666166161.
4311 2500 4603 2586 Vulgare

2662 2590 2905 2657 dictum
2953 2598 3085 2664 est,
3133 2587 3213 2652 de
3257 2590 3339 2655 iis
3383 2609 3550 2672 quae
3592 2607 3740 2652 raro
3781 2587 4176 2670 contingunt
4217 2587 4395 2671 leges
4440 2587 4603 2652 nihil

2663 2683 2972 2742 statuere.
3060 2673 3167 2739 Ita
3232 2674 3434 2757 vulgo
3508 2672 3827 2738 creditum
3887 2674 4121 2737 1616661
4187 2672 4403 2756 legem
4462 2693 4604 2739 esse

2660 2779 3164 2846 supervacuam:
3204 2781 3277 2826 66
3312 2759 3699 2842 praesertim
3724 2758 3969 2843 aliquid
3993 2757 4354 2824 detractum
4379 2759 4605 2825 fuisset

2661 2846 2740 2913 de
2781 2849 3136 2913 autoritate
3194 2843 3556 2921 doctrinae,
3616 2846 3674 2909 si
3720 2845 3799 2910 de
3843 2865 3915 2909 re
3951 2844 4080 2909 levi
4127 2845 4349 2910 Moses
4405 2845 4605 2911 verba

2658 2934 2936 3012 fecisset,
2982 2933 3110 2997 nisi
3154 2941 3509 3014 praeeunte
3554 2930 3844 2996 materia.
3937 2931 4238 3013 Denique
4287 2930 4367 2996 de
4412 2932 4604 2998 rebus

2659 3019 2874 3085 dubiis
2940 3026 3007 3082 et
3070 3037 3208 3081 non
3276 3017 3531 3100 magnis
3598 3037 3667 3081 se
3733 3015 4141 3081 familiariter
4210 3016 4603 3101 interrogari

2658 3126 2890 3189 passus
2933 3112 3032 3169 est
3074 3103 3277 3181 Deus,
3322 3112 3400 3167 ut
3442 3102 3688 3184 posteri
3731 3110 4177 3185 agnoscerent,
4219 3122 4603 3185 responsum

2658 3192 2798 3257 eius
2834 3211 2975 3256 esse
2999 3189 3446 3254 testimonium
3475 3199 3785 3271 paternae
3812 3186 4280 3270 indulgentiae.
4342 3188 4605 3254 Interea

2657 3275 3016 3343 tenendum
3040 3284 3157 3349 est,
3200 3274 3255 3340 si
3280 3293 3400 3339 nos
3424 3272 3695 3357 perinde
3719 3280 3948 3356 tangat
3982 3294 4201 3338 rerum
4225 3275 4602 3340 coelestium

2659 3384 2819 3428 cura
2863 3369 3058 3445 atque
3094 3360 3213 3424 filii
3257 3360 3567 3425 Manasse
3613 3359 3692 3425 de
3736 3360 3998 3442 negotio
4047 3368 4302 3424 terreno
4338 3360 4605 3425 fuerunt

2660 3447 2953 3527 solliciti,
3019 3466 3280 3530 semper
3338 3444 3634 3529 regulam
3685 3465 3882 3527 quam
3941 3444 4366 3511 observemus
4418 3446 4602 3513 nobis

2658 3534 2795 3600 fore
2830 3535 2901 3599 in
2945 3541 3270 3617 promptu.

2832 3621 2893 3685 2.
2955 3618 3229 3684 Domino
3283 3637 3415 3682 meo
3447 3617 3762 3699 praecepit
3817 3614 4062 3682 Iehova.
4156 3614 4458 3699 Speciem
4501 3637 4599 3682 re-

2662 3705 3066 3791 pugnantiae
3110 3703 3442 3779 obiiciunt,
3490 3703 3660 3785 quod
3705 3710 3949 3766 terram
3993 3722 4078 3766 ex
4125 3702 4248 3768 Dei
4292 3702 4601 3768 mandato

2661 3792 2931 3859 sortitae
2975 3791 3242 3854 fuerunt
3307 3789 3549 3866 tribus,
3604 3807 3781 3852 nunc
3824 3799 4047 3852 autem
4093 3789 4604 3871 permisceantur

2661 3887 2871 3945 sortes
2930 3877 3086 3940 dum
3145 3872 3510 3940 haereditas
3556 3872 3638 3937 ad
3682 3873 3880 3938 aliam
3925 3874 4169 3939 tribum
4222 3873 4600 3940 devolvitur.

2663 3964 2957 4030 Sumunt
3021 3971 3237 4025 autem
3306 3981 3421 4042 pro
3483 3957 3776 4024 confesso
3841 3960 3985 4024 fieri
4050 3980 4182 4024 non
4247 3980 4466 4043 posse,
4532 3967 4604 4026 ut

2664 4051 2848 4115 Deus
2893 4067 3113 4112 secum
3149 4046 3287 4129 ipse
3323 4044 3647 4110 dissideat.
3715 4045 3895 4129 Ergo
3940 4042 4021 4109 ad
4063 4044 4419 4110 tollendam
4455 4045 4602 4110 ἀντι-

2663 4144 2876 4216 νομίαν
2912 4131 3209 4197 6111166116
3243 4132 3371 4195 1611
3395 4131 3864 4213 interpretatio.
3910 4130 4058 4196 Lex
4083 4131 4207 4195 Dei
4245 4130 4601 4218 (inquiunt)

2665 4241 2831 4304 quae
2873 4217 3271 4285 inviolabilis
3315 4236 3580 4281 manere
3626 4214 3846 4295 debet,
3906 4217 4084 4281 iubet
4145 4226 4387 4282 terram
4432 4231 4600 4283 sorte

2667 4305 3002 4373 distribui:
3065 4304 3175 4388 qui
3234 4324 3407 4368 nunc
3462 4302 3807 4367 conveniet
3850 4302 4155 4368 mulieres
4200 4303 4329 4368 alio
4379 4303 4601 4369 haere-

2669 4393 2937 4458 ditatem
2974 4411 3128 4457 suae
3164 4389 3373 4453 tribus
3411 4387 3810 4453 transferre?
3877 4388 3982 4452 Ita
4019 4389 4375 4454 remedium
4414 4410 4602 4472 quae-

2667 4478 2870 4544 rendo
2909 4498 2979 4543 se
3024 4476 3149 4541 Dei
3193 4475 3466 4557 imperio
3509 4472 3896 4552 subiiciunt,
3944 4482 4011 4538 et
4055 4486 4432 4540 reverenter
4476 4496 4604 4539 am-

2668 4564 3023 4647 plexantur
3083 4559 3251 4644 quod
3318 4570 3751 4642 praeceperat.
3840 4560 3945 4625 Ad
3996 4560 4185 4637 haec,
4253 4561 4600 4627 absurdum

2669 4647 2843 4732 quod
2900 4648 3054 4714 inde
3099 4656 3477 4729 sequeretur
3520 4645 3952 4728 amplificant,
4000 4647 4155 4728 quia
4199 4667 4374 4712 anno
4419 4648 4601 4730 quin-

2672 4735 3079 4818 quagesimo,
3141 4753 3269 4815 quo
3327 4729 3734 4796 redeundum
3800 4744 3943 4795 erat
3992 4732 4075 4795 ad
4129 4733 4407 4815 primam
4473 4754 4601 4798 sor·

2672 4831 2837 4900 tem,
2895 4819 3282 4885 tantundem
3328 4817 3558 4881 fuisset
3614 4816 3976 4882 detractum
4022 4838 4104 4881 ex
4150 4819 4449 4901 portione
4493 4818 4601 4882 tri·

2671 4906 2793 4971 bus
2859 4905 3194 4981 Manasse,
3276 4912 3592 4985 quantum
3660 4903 4082 4968 abstulissent
4145 4924 4371 4969 secum
4436 4904 4603 4969 filiae

2671 4990 3027 5074 Salphaad.
3065 4989 3305 5055 Merito
3328 4989 3527 5073 igitur
3550 4987 3880 5053 decretum
3902 4989 4233 5073 interponi
4259 4990 4602 5073 postulant,

2672 5075 2844 5158 quod
2903 5073 3065 5141 duas
3108 5075 3358 5159 priores
3401 5074 3580 5159 leges
3623 5073 3954 5150 conciliet,
4011 5096 4178 5159 quae
4230 5077 4469 5160 alioqui
4514 5076 4604 5142 vi-

2672 5162 2912 5226 dentur
2952 5161 3333 5228 contrariae.

2844 5247 2904 5312 5.
2976 5246 3304 5329 Praecepit
3379 5247 3588 5328 itaque
3652 5243 3883 5311 Moses.
3970 5245 4121 5312 Non
4197 5245 4442 5330 legitur
4505 5247 4605 5311 hic

2673 5333 2963 5399 narratio
3022 5334 3253 5399 similis
3299 5331 3649 5416 superiori:
3707 5331 3875 5414 quod
3922 5334 4256 5418 negotium
4314 5333 4607 5399 retulerit
