5017 6142
361 432 481 500 481

361 619 556 704 Quod
598 627 779 689 totus
819 622 1097 707 populus
1141 620 1389 706 lapides
1428 621 1733 706 proiecit,
1794 620 2042 690 fectum
2085 630 2188 689 est
2228 622 2301 688 in

358 708 624 808 signum
668 706 1137 785 detestationis,
1180 727 1256 776 ae
1298 708 1357 774 si
1391 715 1703 775 testatum
1747 707 2057 789 facerent,
2100 708 2181 773 ab
2224 728 2300 774 eo

358 792 633 859 erimine
695 793 867 877 quod
933 793 1440 873 ulciscebantur,
1503 814 1574 859 se
1637 793 1836 859 fuisse
1899 805 2179 861 remotos
2237 802 2303 858 et

359 879 575 945 adhue
653 878 1022 947 abhorrere.
1124 879 1480 963 congeries
1552 876 1846 962 lapidum
1912 879 2154 963 partim
2218 878 2302 945 ad

357 972 650 1049 posteros
694 972 1190 1033 mouumentum
1232 965 1377 1046 fuit,
1432 963 1668 1048 partim
1714 985 1791 1031 eo
1835 965 2172 1048 spectavit,
2218 987 2302 1031 ne

358 1051 414 1117 si
458 1050 639 1141 locus
683 1059 852 1117 esset
898 1072 1163 1132 vaenue,
1207 1051 1351 1135 quis
1396 1050 1530 1117 iam
1571 1048 1724 1116 iude
1757 1049 1865 1115 vel
1900 1071 2018 1134 per
2048 1052 2301 1135 impru-

357 1135 647 1203 dentiam
692 1138 1043 1220 particulas
1083 1137 1226 1203 auri
1272 1158 1349 1204 ve
1420 1135 1678 1221 argenti
1719 1135 1982 1219 legeret.
2049 1136 2299 1219 Quam·

356 1222 461 1289 vis
526 1224 699 1289 enim
759 1223 941 1306 prius
1004 1223 1302 1290 iussisset
1350 1221 1532 1289 Deus
1586 1241 1819 1287 aurum
1876 1221 2004 1288 sibi
2058 1222 2296 1303 offerri,

354 1307 570 1374 noluit
612 1316 834 1375 tamen
877 1309 1055 1375 furto
1099 1307 1300 1394 pollui
1343 1328 1534 1374 suum
1577 1306 2039 1375 sanctuarium.

1062 1598 1364 1666 CAPUT
1406 1598 1601 1667 VIII.

532 1742 589 1807 1.
654 1737 963 1820 Dixitque
998 1735 1228 1802 Iehova
1268 1736 1355 1802 ad
1397 1737 1689 1802 Iosuam:
1748 1733 1847 1801 Ne
1887 1735 2140 1815 timeas,
2193 1754 2299 1803 nec

349 1827 685 1913 formides,
749 1844 922 1890 sume
979 1828 1171 1889 tecum
1225 1820 1803 1903 omnempopulum
1855 1821 2203 1888 bellicosum
2244 1826 2301 1887 et

348 1933 571 1997 surye,
638 1910 895 1977 ascende
950 1909 1024 1975 in
1065 1907 1176 1974 Ai.
1279 1907 1468 1987 Vide,
1532 1905 1677 1973 dedi
1716 1906 1790 1972 in
1821 1926 2015 1973 ntanu
2054 1911 2164 1973 tua
2205 1927 2301 1972 re-

348 2020 491 2085 yem
510 1999 623 2078 Ai,
667 2016 741 2061 ac
774 1993 1078 2078 populum
1120 1992 1274 2074 eius,
1316 1992 1530 2060 urbem
1570 1992 1722 2072 eius,
1768 1996 1824 2057 et
1865 1997 2103 2058 terram
2144 1992 2296 2058 eius.

350 2087 413 2153 2.
485 2083 831 2164 Faciesque
874 2081 995 2159 Αἱ,
1051 2083 1107 2146 et
1143 2079 1280 2163 reyi
1320 2079 1488 2159 eius,
1543 2078 2058 2160 quemadmodum
2097 2077 2303 2160 fecisti

352 2169 601 2238 Iericho
643 2173 701 2234 et
740 2167 874 2250 reqi
928 2166 1100 2233 eius.-
1162 2168 1366 2230 tamen
1407 2164 1616 2246 spolia
1656 2163 1826 2243 eius,
1891 2168 1949 2230 et
1989 2164 2301 2230 animalia

348 2260 493 2327 eius
538 2252 1012 2337 praedabimini
1044 2249 1232 2317 vobis.
1313 2248 1553 2318 Colloca
1594 2253 1815 2315 autem
1844 2249 2119 2316 insidias
2157 2248 2302 2315 urbi

351 2368 396 2413 a
463 2348 632 2426 teryo
697 2339 851 2405 eius.
940 2338 1001 2403 3.
1072 2334 1367 2403 Surrexit
1424 2336 1639 2417 itaque
1694 2333 1915 2416 Iosue,
1981 2340 2039 2401 et
2101 2335 2303 2402 omnis

339 2427 629 2514 populus
660 2425 998 2502 bellicosus,
1033 2426 1103 2489 ut
1134 2421 1530 2489 ascenderent
1559 2421 1632 2487 in
1665 2420 1776 2502 Ai,
1812 2426 1869 2488 et
1901 2420 2077 2505 eleqit
2112 2421 2303 2485 Iosue

351 2515 617 2599 triqinta
658 2510 870 2578 millia
919 2511 1201 2576 virorum
1253 2508 1518 2591 fortium
1555 2505 1771 2574 robore
1788 2554 1805 2586 ,
1869 2507 2161 2588 misitque
2201 2524 2302 2571 eos

350 2607 545 2671 noete.
632 2599 694 2664 4.
760 2596 858 2664 Ac
908 2595 1231 2679 praecepit
1291 2593 1386 2660 eis
1447 2591 1702 2659 dicendo
1717 2616 1737 2657 .-
1800 2592 2114 2659 Attendite
2175 2610 2300 2670 vos,

350 2684 829 2758 insidiabimini
882 2680 1029 2748 urbi
1090 2700 1134 2745 a
1174 2683 1339 2763 terqo
1394 2679 1530 2744 eius
1545 2725 1563 2758 ,
1625 2697 1734 2744 neo
1782 2678 2144 2745 removeatis
2194 2696 2303 2742 vos

352 2776 435 2845 ab
478 2768 820 2853 eaprocul,
863 2767 972 2835 sed
1014 2765 1851 2845 estoteomnesvosparati.
1940 2763 2000 2830 5.
2065 2761 2155 2829 Et
2195 2780 2301 2845 eqo

352 2848 2017 2938 etomnispopulusquimecumestaccedemusad
2056 2846 2300 2914 urbem.-

351 2964 555 3033 quum
594 2948 803 3008 autem
843 2937 1235 3024 eyredientur
1278 2936 1349 3002 in
1389 2955 1708 3002 occursum
1769 2940 2078 3015 nostrum,
2140 2934 2301 3001 sicut

341 3033 578 3121 prius,
631 3027 945 3112 fuyiemus
985 3029 1128 3090 ante
1169 3042 1303 3089 eos.-
1386 3023 1447 3088 6.
1518 3020 1695 3088 Tunc
1743 3021 2126 3105 egredientur
2156 3023 2301 3103 post

352 3139 491 3196 nos,
536 3117 719 3183 donec
759 3110 1100 3178 avellamus
1151 3128 1254 3175 eos
1293 3108 1373 3174 ab
1411 3107 1595 3173 urbe:
1655 3107 1856 3175 dicent
1899 3106 2099 3175 enim.-
2162 3104 2299 3171 Fu·

353 3205 884 3292 yiuntantenos,
926 3194 1231 3279 utprius,
1272 3192 1998 3278 etfuqiemusanteeos.
2057 3192 2116 3258 7.
2175 3190 2303 3256 Vos

346 3296 565 3360 autem
625 3284 894 3367 sumetis
949 3300 1027 3347 ex
1079 3280 1371 3359 insidiis,
1435 3282 1491 3345 et
1554 3278 1869 3360 expetistis
1930 3277 2302 3343 habitatores

344 3376 568 3454 urbis,
629 3368 943 3451 tradetque
1007 3386 1143 3433 eam
1187 3363 1418 3431 Iehova
1485 3362 1665 3431 Deus
1725 3369 1919 3430 vester
1978 3364 2051 3428 in
2104 3382 2301 3428 manu

346 3467 583 3531 vestra.
670 3455 730 3520 8.
801 3454 1007 3536 Quum
1065 3451 1353 3534 ceperitis
1412 3450 1659 3528 urbem,
1721 3448 2095 3517 succendetis
2166 3467 2303 3513 eam

347 3547 524 3636 iyni,
587 3540 929 3610 secundum
990 3556 1333 3605 sermonem
1387 3535 1650 3602 Iehovae
1704 3536 1972 3619 facietis.
2074 3533 2300 3613 Videte,

338 3628 645 3720 praecepi
699 3625 886 3693 vobis.
974 3625 1036 3691 9.
1104 3622 1294 3689 Misit
1354 3621 1561 3704 itaque
1617 3640 1716 3687 eos
1771 3619 1988 3699 Iosue,
2048 3624 2110 3685 et
2152 3639 2302 3701 per·

349 3719 653 3787 rexerunt
709 3711 795 3779 ad
851 3711 1129 3776 insidias
1145 3759 1160 3786 ,
1227 3711 1707 3790 manseruntque
1759 3708 1921 3773 inter
1975 3704 2195 3772 Bethel
2247 3709 2304 3770 et

349 3807 483 3886 Ai,
547 3802 627 3868 ab
689 3797 988 3864 occidente
1064 3794 1176 3862 Ai.
1274 3792 1530 3860 Mansit
1599 3798 1801 3861 autem
1873 3793 2063 3858 Iosue
2134 3794 2303 3858 nocte

350 3892 475 3959 iila
517 3890 589 3954 in
621 3883 821 3951 medio
852 3882 1097 3964 populi.
1148 3880 1247 3946 10.
1278 3877 1505 3945 Postea
1536 3879 1820 3946 surrexit
1840 3877 2030 3943 Iosue
2064 3896 2303 3943 summo

349 3994 568 4055 mane,
634 3968 1054 4052 recensuitque
1106 3965 1415 4048 populum
1478 3969 1665 4049 atque
1727 3964 2003 4031 ascendit
2054 3963 2191 4044 ipse
2245 3967 2303 4028 et

349 4063 636 4130 seniores
678 4053 887 4122 Israel
929 4058 1073 4119 ante
1093 4050 1402 4134 populum
1441 4069 1661 4118 versus
1703 4049 1816 4115 Ai.
1892 4049 1992 4116 11.
2058 4048 2303 4116 Omnis-

351 4168 479 4233 que
522 4142 803 4227 populus
858 4139 1212 4217 bellicosae,
1277 4138 1390 4219 qui
1430 4141 1564 4202 erat
1603 4155 1744 4202 cum
1784 4156 1850 4202 eo
1898 4135 2303 4202 ascenderunt

351 4240 413 4302 et
471 4228 1095 4315 appropinquarunt,
1158 4226 1566 4305 veneruntque
1606 4243 1637 4288 e
1676 4222 1923 4305 reqione
1974 4220 2155 4286 urbis
2169 4271 2186 4302 ,
2246 4225 2303 4285 et

346 4314 774 4388 castrametati
814 4316 957 4377 sunt
998 4310 1078 4376 ab
1119 4309 1406 4390 aquilone
1447 4307 1557 4374 Αἱ.
1658 4307 1865 4375 Vallis
1903 4311 2108 4372 autem
2166 4311 2303 4373 erat

349 4407 521 4471 inter
582 4401 796 4484 Qum
850 4402 906 4463 et
945 4396 1057 4462 Ai.
1149 4395 1249 4460 12.
1325 4394 1612 4476 Tulitque
1664 4396 1996 4477 praeterea
2057 4392 2301 4457 circiter

236 4572 247 4593 ·
346 4483 1310 4642 emmim-2
1270 4479 1696 4632 em
1725 4477 2300 4646 ’sem

349 4660 543 4728 cessit
594 4655 871 4741 populus
932 4659 1062 4720 tota
1126 4657 1334 4720 castra
1395 4671 1553 4734 quae
1608 4656 1788 4718 erant
1861 4648 1940 4715 ab
2005 4651 2297 4732 aquilone

348 4734 2297 4826 urbi,etinsidiaeeiusaboccidenteipsiurbi,perreoeit-

350 4852 478 4917 que
536 4829 728 4896 Iosue
781 4832 946 4893 nocte
1000 4827 1125 4893 illa
1179 4825 1250 4889 in
1299 4823 1573 4889 medium
1626 4821 1831 4888 vallis.
1920 4821 2021 4886 14.
2091 4819 2294 4887 Porro

348 4936 555 5000 quum
579 4914 815 4980 videret
829 4932 942 4979 rex
962 4910 1075 4990 Ai,
1109 4911 1557 4994 festinaverunt
1587 4913 1644 4974 et
1673 4926 1857 4973 mane
1874 4909 2294 4985 surrexerunt,

349 5007 543 5086 atque
600 5000 833 5085 eyressi
877 5001 1024 5065 sunt
1074 4996 1348 5063 homines
1399 4994 1577 5061 urbis
1616 4995 1690 5059 in
1730 5011 2047 5059 occursum
2089 4992 2299 5059 Israel

347 5088 447 5157 ad
480 5086 790 5171 proelium
803 5134 820 5166 ,
879 5085 1017 5170 ipse
1069 5088 1126 5148 et
1170 5083 1502 5148 universus
1529 5077 1810 5164 populus
1850 5080 1986 5179 eius
2027 5078 2113 5145 ad
2150 5083 2292 5144 tem

337 5192 485 5260 pus
561 5171 956 5238 constitutum
1019 5173 1164 5237 ante
1229 5168 1636 5251 campestria.-
1718 5163 2019 5232 nesciebat
2088 5170 2296 5230 autem

349 5258 531 5345 quod
569 5257 847 5325 insidiae
887 5255 1015 5322 sibi
1051 5259 1246 5321 essent
1287 5274 1331 5318 a
1371 5260 1537 5338 teryo
1576 5250 1771 5319 urbis.
1860 5249 1962 5316 15.
2027 5249 2294 5333 Etpro-

341 5343 562 5430 fiiqati
615 5347 764 5410 sunt
815 5342 1032 5423 Iosue,
1093 5347 1152 5407 et
1204 5340 1536 5406 universus
1587 5335 1798 5405 Israel
1854 5340 1995 5403 ante
2050 5356 2177 5418 eos,
2240 5340 2296 5403 et

572 5441 797 5499 Caluini
823 5457 1014 5513 opera.
1092 5442 1205 5499 Vol.
1238 5440 1363 5497 XX
1375 5441 1434 5496 V.

1505 433 2246 505 commnNmAums
2291 436 2390 502 IN
2435 435 2716 504 Iesus
2762 435 2960 503 oAP.
3002 388 3197 504 vm.

4216 438 4345 505 482

2395 626 2690 711 fuqerunt
2732 644 2855 707 per
2917 623 3090 692 viam
3148 625 3394 692 deserti.
3485 626 3586 692 16.
3653 622 3743 691 Et
3794 625 4143 711 conqreyati
4200 630 4350 692 sunt

2397 716 2564 778 totus
2605 711 2886 793 populus
2927 711 3039 792 qui
3076 712 3147 777 in
3187 710 3337 777 urbe
3376 717 3536 791 erat,
3592 715 3664 777 ut
3693 716 4168 795 persequeretur
4219 731 4342 778 eos.

2397 796 2489 863 Et
2519 796 2885 880 persequuti
2924 801 3072 862 sunt
3114 794 3391 880 Iosuam,
3435 797 3843 878 abstractique
3875 802 4022 864 sunt
4063 795 4142 863 ab
4174 795 4340 864 urbe.

2401 883 2501 948 17.
2540 882 2758 965 Neque
2780 883 3083 949 remansit
3114 883 3445 964 quisquam
3485 903 3563 949 ex
3588 883 3681 948 Ai
3719 887 3776 948 et
3809 880 4044 963 Betbel,
4085 883 4348 965 quinon

2395 987 2682 1053 eqressus
2713 968 2798 1033 sit
2818 973 2966 1049 post
2987 966 3214 1046 Israel,
3240 972 3297 1033 et
3317 968 3697 1050 reliquerunt
3712 966 3926 1034 urbem
3951 973 4252 1050 apertam,
4289 973 4348 1036 et

2386 1055 2752 1138 persequuti
2791 1059 2940 1118 sunt
2973 1051 3289 1120 Israelem
3354 1053 3454 1120 18.
3511 1052 3701 1119 Dixit
3737 1057 3945 1120 autem
3990 1052 4219 1121 Iebova
4259 1054 4347 1121 ad

2398 1140 2690 1205 Iosuam:
2725 1134 2935 1205 'Eleva
2953 1138 3200 1205 hastam
3227 1158 3388 1222 quae
3418 1143 3506 1206 est
3525 1139 3597 1204 in
3628 1159 3823 1205 manu
3854 1145 3966 1205 tua
3997 1144 4208 1205 contra
4225 1139 4340 1221 Αἰ,

2396 1225 2552 1308 quia
2580 1226 2654 1290 in
2687 1244 2883 1290 manu
2911 1228 3020 1289 tua
3061 1223 3219 1291 dabo
3254 1244 3407 1290 eam.
3465 1224 3556 1291 Et
3588 1224 3844 1291 elevavit
3877 1226 4063 1291 Iosue
4097 1224 4343 1292 hastam

2396 1330 2556 1394 quae
2587 1316 2723 1377 erat
2755 1310 2828 1375 in
2860 1329 3056 1395 manu
3087 1330 3210 1376 sua
3232 1314 3440 1376 eontra
3464 1309 3688 1376 urbem.
3736 1309 3836 1376 19.
3881 1310 4047 1377 Tum
4072 1311 4345 1378 insidiae

2394 1400 2802 1462 surrexerunt
2817 1398 3059 1478 repente
3094 1415 3127 1460 e
3160 1395 3285 1462 loco
3317 1415 3451 1476 suo,
3482 1401 3539 1462 et
3571 1402 3977 1462 cucurrerunt
4009 1415 4202 1477 quum
4230 1397 4344 1464 ele-

2394 1486 2601 1549 vasset
2620 1501 2879 1548 manum
2912 1500 3114 1560 suam,
3148 1487 3554 1564 veneruntque
3583 1482 3670 1547 ad
3704 1481 3914 1548 urbem
3971 1487 4028 1547 et
4057 1486 4345 1564 ceperunt

2395 1587 2538 1633 eam
2555 1573 2614 1633 et
2640 1567 3025 1650 festinarunt
3056 1565 3271 1633 urbem
3306 1568 3664 1635 succendere
3699 1567 3853 1651 iyni.
3894 1530 3998 1633 ΞΟ.
4038 1566 4344 1647 Ver-tentes

2395 1658 2603 1719 autem
2643 1672 2773 1719 sese
2812 1652 2940 1716 viri
2975 1651 3072 1717 Αἰ
3109 1652 3418 1733 viderunt,
3461 1658 3519 1719 et
3559 1672 3685 1719 ecce
3724 1652 4080 1718 ascendebat
4115 1653 4334 1736 fumus

2397 1738 2579 1804 urbis
2643 1739 2714 1804 in
2766 1737 3029 1816 coelum,
3083 1757 3277 1820 neque
3331 1744 3510 1805 erant
3564 1739 3657 1804 eis
3710 1738 3922 1821 spatia
3963 1738 4048 1804 ad
4093 1739 4342 1825 fuyien·

2396 1825 2551 1890 diem
2593 1822 3009 1890 nucetilluc.
3102 1820 3385 1904 Populus
3433 1823 4337 1908 autemquifuqeratinde·

2396 1914 2663 1988 sertmn,
2725 1928 2946 1975 versus
3007 1912 3098 1974 est
3158 1912 3370 1975 contra
3420 1914 3872 1991 persequentes.
3979 1911 4084 1977 21.
4153 1912 4340 1979 Iosue

2396 1995 2605 2078 itaque
2647 1999 2703 2061 et
2741 1994 3073 2062 universus
3117 1993 3326 2060 Israel
3365 1993 3475 2059 ubi
3529 1995 3818 2061 viderunt
3857 1997 4022 2077 quod
4063 1998 4338 2065 insidiae

2397 2082 2697 2162 cepissent
2736 2078 2950 2145 urbem
2963 2129 2981 2160 ,
3042 2078 3531 2161 ascendissetque
3578 2080 3797 2162 fumus
3832 2081 4013 2147 urbis
4033 2133 4049 2164 ,
4105 2085 4342 2151 reversi

2397 2170 2574 2244 sunt,
2640 2170 2698 2231 et
2748 2169 3191 2248 percusserunt
3248 2166 3421 2230 viros
3472 2163 3585 2230 Ai.
3675 2166 3781 2231 22.
3849 2167 3969 2235 Illi
4012 2174 4341 2251 praeterea

2505 2252 2631 2317 essi
2675 2255 2821 2316 sunt
2862 2269 2938 2315 ex
2977 2249 3128 2316 urbe
3167 2250 3238 2314 in
3292 2269 3612 2317 occursum
3667 2271 3908 2333 eom,
3965 2253 4342 2340 fueruntque

2398 2273 2632 2404 Zyrael’
2664 2337 2740 2402 in
2770 2335 2988 2416 medio,
3022 2334 3133 2401 isti
3156 2334 3316 2415 hine,
3354 2340 3412 2401 et
3441 2335 3541 2401 ilii
3572 2336 3734 2404 inde.
3787 2335 3878 2401 Et
3894 2347 4343 2420 percusserunt

2400 2443 2531 2504 eos,
2596 2423 2782 2489 donec
2836 2440 3011 2488 nemo
3085 2426 3429 2487 remaneret
3504 2422 3598 2488 eis
3651 2426 3963 2505 superstes
4003 2429 4060 2490 et
4102 2446 4338 2494 evasor.

2401 2509 2505 2574 23.
2578 2506 2807 2592 Reqem
2859 2524 3103 2589 quoque
3142 2505 3237 2571 Αἰ
3300 2511 3589 2588 ceperunt
3638 2508 3881 2589 vivunt,
3947 2513 4006 2576 et
4058 2512 4343 2579 stitermnt

2400 2614 2543 2661 eum
2604 2612 2811 2660 coram
2857 2591 3063 2658 Iosue.
3150 2591 3252 2658 24.
3326 2592 3532 2674 Quum
3593 2598 3798 2659 autem
3845 2592 4037 2674 finem
4094 2595 4342 2678 fecisset

2406 2678 2619 2746 Israel
2671 2677 2966 2745 caedendi
3014 2696 3221 2744 omnes
3270 2677 3646 2745 habitatores
3684 2678 3781 2745 Δί
3819 2679 3888 2746 in
3945 2680 4180 2748 deserto
4222 2705 4342 2767 quo

2393 2765 2756 2849 persequuti
2800 2762 3056 2846 fuerant
3110 2782 3240 2843 eos,
3303 2769 3359 2829 et
3399 2764 3755 2831 cecidissent
3796 2785 4002 2832 omnes
4037 2767 4171 2851 ipsi
4208 2771 4343 2838 acie

2398 2851 2606 2935 yladii
2666 2850 2858 2917 donec
2917 2853 3414 2915 consumerentur
3428 2899 3444 2930 ,
3519 2870 3802 2916 reversus
3863 2856 3951 2917 est
4011 2854 4346 2929 universus

2406 2936 2618 3002 Israel
2693 2935 2778 3001 ad
2854 2934 2948 3000 Ai
2962 2984 2978 3014 ,
3055 2939 3113 3000 et
3177 2940 3616 3018 percusserunt
3692 2956 3831 3003 eam
3910 2937 4043 3003 acie
4113 2939 4338 3023 yladii.

2401 3021 2506 3088 25.
2575 3019 2849 3102 Fuitque
2889 3039 3188 3086 numerus
3242 3022 3520 3088 omnium
3559 3021 3672 3104 qui
3709 3021 4049 3088 ceciderunt
4079 3024 4182 3091 die
4223 3027 4343 3093 illa

2397 3130 2446 3175 a
2489 3107 2628 3173 viro
2677 3125 2877 3189 usque
2932 3106 3019 3173 ad
3071 3106 3395 3171 mulierem
3445 3107 3688 3173 circiter
3742 3106 4062 3174 duodecim
4113 3110 4340 3192 millia,

2400 3211 2608 3258 omnes
2639 3192 2768 3258 viri
2798 3191 2911 3257 Δι’.
2993 3191 3094 3256 26.
3164 3190 3366 3257 Porro
3403 3188 3591 3258 Iosue
3624 3212 3749 3260 non
3786 3192 4039 3258 reduxit
4078 3215 4339 3263 mantem

2401 3449 2496 3515 lia
2533 3449 2714 3516 urbis
2754 3468 2894 3515 eius
2927 3446 3052 3513 sibi
3081 3448 3381 3531 praedati
3411 3453 3559 3515 sunt
3592 3449 3722 3531 filu
3754 3449 3965 3516 Israel
4004 3453 4344 3520 secundum

2401 3554 2741 3601 sermonem
2819 3532 3111 3614 Iehovae,
3195 3553 3373 3614 quem
3442 3538 3847 3617 praeceperat
3928 3536 4060 3621 ipsi
4135 3537 4339 3611 Iosue.

2401 3620 2504 3687 28.
2576 3619 2896 3687 Succendit
2948 3620 3146 3703 iyitur
3188 3620 3374 3685 Iosue
3413 3620 3542 3700 Ai,
3608 3625 3664 3686 et
3703 3620 3922 3702 posuit
3975 3641 4115 3687 eam
4169 3644 4340 3693 acer-

2399 3726 2549 3772 vum
2607 3704 3048 3787 sempiternum
3114 3707 3461 3771 vastitatem
3521 3725 3716 3788 usque
3777 3706 3863 3773 ad
3929 3704 4094 3773 hanc
4150 3710 4334 3778 diem.

2400 3792 2505 3858 29.
2572 3791 2801 3876 Regem
2832 3810 2974 3857 vero
3015 3789 3112 3856 Aa·
3151 3791 3475 3872 suspendit
3514 3791 3583 3856 in
3625 3791 3790 3875 liquo
3830 3812 4030 3874 usque
4070 3795 4158 3863 ad
4197 3799 4340 3861 tem-

2389 3898 2525 3960 pus
2565 3877 2991 3959 vespertinum
3007 3927 3023 3956 ,
3086 3896 3393 3959 quumque
3433 3875 3805 3953 occubuisset
3844 3877 3967 3957 sol,
4019 3883 4342 3962 praecepit

2400 3963 2590 4031 Iosue
2631 3969 2686 4028 et
2737 3963 3149 4044 deposuerunt
3202 3962 3468 4028 cadaver
3508 3963 3648 4028 eius
3683 3983 3716 4028 e
3756 3962 3941 4048 liquo,
3973 3970 4035 4030 et
4061 3968 4343 4048 proiece-

2398 4054 2548 4115 runt
2579 4048 2744 4116 illud
2778 4049 2864 4114 ad
2896 4049 3224 4115 introitum
3242 4052 3465 4131 portae
3496 4046 3658 4126 ubis,
3692 4052 3747 4114 et
3778 4052 4118 4117 statuerunt
4145 4073 4341 4134 super

2396 4134 2559 4203 illud
2600 4154 2888 4202 acervum
2928 4134 3215 4217 lapidum
3253 4134 3555 4217 yrandem
3596 4152 3789 4215 usque
3829 4134 3916 4199 ad
3953 4132 4116 4204 bunc
4153 4137 4333 4206 diem.

2573 4304 2629 4370 1.
2694 4304 3001 4388 Dixitque
3044 4303 3289 4371 Iehova.
3388 4302 3793 4387 magnopere
3847 4304 4147 4371 interfuit
4199 4316 4336 4374 tam

2397 4389 2596 4456 Iosue
2659 4409 2850 4474 quam
2915 4390 3154 4474 populo
3240 4411 3481 4457 novum
3562 4390 3853 4456 animum
3930 4390 4174 4471 faeere,
4261 4403 4335 4459 ut

2398 4474 2800 4543 confidenter
2854 4476 2936 4542 ud
2989 4474 3431 4560 impetendam
3488 4475 3717 4542 urbem
3774 4475 3866 4542 Ai
3919 4497 3990 4543 se
4042 4479 4333 4563 accinge-

2396 4571 2580 4642 rent,
2638 4582 2679 4627 a
2720 4583 2849 4645 qua
2889 4582 3099 4646 nuper
3142 4582 3289 4627 cum
3338 4562 3588 4629 iactura
3630 4572 3697 4628 et
3738 4563 3966 4629 maiori
4024 4563 4332 4633 dedecore

2395 4648 2657 4714 fueraut
2699 4647 2959 4731 repulsi.
3049 4647 3231 4713 Deus
3274 4668 3457 4732 ergo,
3525 4656 3596 4712 ut
3636 4646 3960 4733 intrepide
4004 4650 4173 4719 hane
4216 4674 4330 4720 ex·

2396 4731 2793 4817 peditionem
2836 4733 3223 4817 suscipiant,
3283 4733 3610 4816 promittit
3653 4755 3723 4800 se
3773 4734 3998 4800 urbem
4041 4736 4173 4804 illis
4216 4736 4330 4804 da·

2395 4829 2638 4884 turum.
2705 4819 2958 4885 Eodem
3001 4818 3268 4885 consilio
3311 4826 3376 4883 et
3412 4818 3661 4884 ratione
3704 4827 3851 4885 astu
3885 4821 4100 4902 potius
4133 4843 4328 4906 quam

2394 4910 2621 4987 aperto
2665 4911 2873 4970 marte
2914 4925 3226 4989 pugnare,
3272 4902 3494 4973 hostes
3539 4914 3727 4969 extra
3769 4903 4020 4985 elicere,
4063 4914 4131 4972 et
4164 4909 4326 4976 insi·

2393 4988 2539 5055 dias
2583 4991 2650 5055 in
2692 4988 2833 5057 loco
2876 4991 3126 5057 occulto
3170 4989 3372 5055 statui
3412 4989 3617 5068 iubet,
3662 5009 3827 5073 quae
3869 4989 4162 5057 incautos
4202 4994 4327 5061 cir-

2393 5075 2831 5141 cumveniant.
2918 5076 3183 5142 Nullius
3265 5074 3440 5140 enim
3498 5095 3695 5157 prope
3772 5075 4014 5160 negotii
4077 5076 4325 5159 fuisset,

2394 5182 2607 5246 pauca
2658 5160 2865 5227 millia
2919 5161 3170 5246 ingenti
3230 5157 3651 5226 multitudine
3708 5159 3927 5239 obrui,
3993 5160 4052 5226 si
4094 5163 4323 5231 urbem

2395 5254 2662 5329 repente
2726 5252 2793 5313 et
2847 5268 2928 5313 ex
2992 5248 3329 5330 inopinato
3394 5244 3683 5329 aggressi
3750 5252 3984 5311 essent.
4073 5247 4325 5318 Verum

2397 5333 2551 5419 quia
2593 5340 2744 5401 ante
2785 5332 3094 5412 vidimus,
3150 5332 3493 5417 liquefacta
3534 5331 3736 5397 fuisse
3776 5331 4070 5398 omnium
4112 5335 4327 5420 corda,
