5017 6142
632 462 769 531 235

638 649 929 735 professo
983 647 1295 713 adversae
1364 645 1631 712 factioni
1685 667 1922 714 nomen
1993 646 2224 713 dantes
2244 695 2261 726 ,
2310 648 2577 713 inanem

642 735 828 803 illum
875 732 1136 799 titulum
1180 731 1303 798 sibi
1348 752 1495 798 arro
1543 741 1675 798 ant.

814 820 875 886 6.
931 817 1241 885 Abierant
1291 837 1460 917 erqo·
1621 838 1686 884 es
1734 822 1791 883 et
1852 817 2141 916 pharon.
2197 817 2577 919 'Proba-bile

646 902 1802 1073 affiamwffizmmzzzfflffiffl
1815 902 2577 1087 §Satfflytsssffssssa‘

645 1097 801 1143 men
850 1075 1004 1142 locis
1046 1073 1359 1140 coniicere
1405 1072 1575 1150 licet,
1620 1094 1750 1139 non
1794 1073 1922 1139 sibi
1960 1080 2221 1140 tantum
2263 1074 2578 1158 privatim

647 1161 761 1229 sed
799 1161 1032 1227 misero
1076 1159 1329 1242 populo,
1371 1159 1795 1241 quantumvis
1836 1157 2153 1244 indignus
2195 1166 2383 1237 esset,
2427 1180 2575 1226 con-

647 1247 943 1314 suluisse.
1053 1243 1285 1329 Itaque
1349 1243 1516 1328 quod
1589 1265 1660 1311 se
1727 1244 1799 1309 in
1871 1243 2068 1311 facies
2132 1252 2578 1327 prosternunt,

645 1333 889 1399 factum
946 1351 1087 1396 esse
1138 1330 1563 1412 interpretor,
1609 1350 1743 1396 non
1800 1336 2054 1395 tantum
2100 1338 2176 1396 ut
2216 1329 2391 1413 ipsos
2434 1351 2579 1414 pro·

646 1424 899 1502 tegeret
926 1416 1108 1481 Deus
1149 1414 1230 1480 ab
1262 1413 1501 1480 infesta
1540 1414 1826 1483 hostium
1867 1413 2062 1493 rabie,
2106 1414 2221 1480 sed
2264 1415 2462 1483 etiam
2506 1422 2580 1481 ut

646 1508 1015 1588 opportuno
1079 1499 1363 1565 remedio
1419 1500 1817 1567 insanientes
1859 1499 2165 1583 placaret,
2207 1520 2578 1585 quanquam

647 1608 726 1654 ea
768 1585 1029 1655 videtur
1060 1585 1261 1652 fuisse
1302 1586 1724 1669 perturbatio,
1768 1605 1933 1669 quae
1974 1584 2104 1652 illis
2140 1585 2397 1652 solitam
2441 1606 2576 1651 mo-

648 1670 1054 1740 derationem
1115 1678 1466 1737 excuteret.
1567 1670 1799 1754 Neque
1870 1691 2026 1737 vero
2097 1692 2319 1737 eorum
2383 1667 2579 1738 fidem

651 1767 721 1825 et
773 1756 1155 1843 patientiam
1198 1755 1529 1822 examinat
1572 1754 1773 1836 Deus,
1828 1764 1902 1822 ut
1944 1777 2134 1841 saepe
2176 1756 2366 1823 alias:
2413 1757 2579 1823 forte

650 1844 807 1928 quia
864 1840 1126 1908 videbat
1164 1839 1434 1926 gravius
1476 1842 1807 1924 perculsos
1852 1862 2045 1925 quam
2089 1849 2166 1908 ιιι
2207 1850 2580 1908 constanter

648 1934 1142 2013 perseverarent
1187 1926 1258 1990 in
1300 1925 1408 2010 pio
1460 1925 1635 2005 zelo,
1694 1927 2006 2011 patientia
2048 1935 2113 1993 et
2156 1926 2373 1994 studio
2407 1926 2582 1994 salu·

648 2014 737 2080 tis
780 2010 1093 2098 publicae.
1180 2010 1408 2095 Itaque
1460 2009 1630 2096 quod
1684 2014 1988 2097 apparuit
2027 2012 2160 2078 illis
2202 2013 2409 2098 gloria
2449 2011 2583 2079 Dei

649 2098 951 2166 solatium
994 2097 1389 2164 infirmitatis
1447 2097 1584 2177 fuit,
1641 2106 1716 2164 nt
1758 2099 1829 2163 in
1869 2119 1942 2164 re
1985 2107 2295 2164 extrema.
2375 2099 2584 2165 Docet

652 2194 874 2250 autem
895 2202 1083 2250 exem
1128 2180 1266 2246 lum
1302 2202 1499 2267 quam
1534 2183 1811 2250 sollicite
1846 2182 2250 2251 invocandus
2272 2184 2360 2249 sit
2381 2184 2582 2264 Deus,

652 2276 731 2335 ut
774 2268 965 2335 novis
1010 2288 1088 2333 su
1132 2265 1282 2333 inde
1324 2267 1575 2353 gratiae
1617 2289 1776 2335 snae
1826 2269 2250 2335 incrementis
2294 2290 2411 2335 nos
2454 2268 2583 2335 ful-

652 2355 811 2421 ciat:
857 2354 1010 2438 quia
1050 2352 1324 2438 singulis
1358 2352 1444 2418 ali
1528 2354 1596 2419 ui
1630 2355 1979 2421 momentis
2013 2355 2209 2421 etiam
2244 2354 2585 2421 fortissimi

652 2440 893 2525 quique
981 2436 1348 2505 deficerent.
1527 2438 1690 2506 oties
1763 2440 2011 2508 invicta
2089 2439 2293 2508 Mosis
2369 2439 2586 2506 virtus

653 2523 987 2591 obstacula
1035 2523 1255 2589 omnia
1310 2534 1766 2607 superaverat,
1818 2532 1893 2591 ut
1949 2524 2169 2592 nullus
2211 2547 2252 2591 a
2293 2524 2585 2608 periculo

654 2609 1031 2677 defectionis
1065 2615 1239 2675 esset
1271 2608 1484 2674 timor.
1543 2610 1748 2693 Atqui
1784 2618 1884 2676 tot
1916 2611 2343 2678 certaminum
2373 2611 2587 2677 victor

652 2715 785 2760 uno
849 2695 922 2760 in
979 2701 1128 2759 actu
1193 2691 1275 2759 ad
1341 2703 1707 2761 extremum
1775 2694 2062 2763 labascit.
2160 2695 2311 2778 Quo
2354 2696 2586 2781 ·magis

653 2777 937 2846 tenenda
992 2787 1093 2845 est
1145 2777 1338 2847 Pauli
1392 2780 1759 2848 exhortatio
1811 2778 2012 2868 (Phil.
2072 2781 2113 2847 2
2134 2832 2150 2865 ,
2214 2780 2352 2869 13):
2410 2780 2587 2864 Quia

651 2864 841 2932 Deus
884 2871 983 2930 est
1024 2863 1135 2946 qui
1176 2863 1249 2928 in
1289 2863 1476 2930 nobis
1519 2875 1826 2949 operatur
1859 2875 1926 2933 et
1971 2868 2139 2935 velle
2172 2876 2239 2933 et
2273 2869 2588 2952 perficere

650 2971 772 3035 pro
816 2969 933 3017 suo
976 2948 1380 3034 beneplacito
1397 3000 1414 3028 ‚
1472 2971 1619 3017 cum
1675 2951 1908 3021 timore
1965 2961 2034 3021 et
2077 2962 2355 3021 tremore
2399 2973 2587 3037 pera-

651 3035 937 3121 gendam
978 3053 1119 3102 esse
1160 3033 1434 3101 salutem
1478 3045 1789 3104 nostram.

825 3120 884 3186 8.
941 3120 1172 3201 Accipe
1226 3121 1486 3206 virgam.
1582 3121 1725 3188 Iam
1792 3121 1969 3193 haud
2027 3122 2218 3190 dubie
2283 3132 2588 3207 coeperat

651 3206 939 3274 titubare
980 3204 1187 3272 Mosis
1227 3204 1407 3281 fides,
1452 3206 1566 3274 sed
1610 3230 1741 3275 non
1828 3229 2056 3277 torsus
2099 3208 2301 3276 fuisse
2344 3210 2583 3294 collap-

654 3312 797 3358 sam
853 3311 938 3356 ex
992 3299 1293 3375 prompto
1349 3292 1492 3358 eius
1548 3292 1850 3378 obsequio
1908 3293 2256 3379 colligitur.
2355 3295 2586 3380 Neque

654 3376 834 3442 enim
893 3375 1316 3460 disceptando
1360 3399 1574 3446 moras
1618 3381 1851 3459 nectit,
1907 3378 2021 3446 sed
2065 3381 2364 3464 protinus
2407 3382 2588 3449 venit

654 3460 738 3526 ad
782 3482 1031 3544 rupem,
1073 3470 1148 3527 ut
1192 3461 1317 3527 Dei
1362 3463 1670 3531 mandato
1714 3474 1958 3549 pareat.
2038 3464 2151 3533 Sic
2194 3487 2351 3552 ergo
2393 3467 2587 3534 suffo-

653 3553 801 3612 cata
843 3545 968 3610 fuit
1009 3547 1149 3612 eius
1191 3547 1373 3624 fides,
1417 3558 1493 3613 ut
1534 3550 1822 3617 occultus
1866 3560 2082 3617 tamen
2128 3551 2318 3637 vigor
2351 3559 2586 3652 sponte

654 3652 806 3697 eum
850 3628 934 3696 ad
976 3631 1262 3698 officium
1307 3631 1635 3718 dirigeret.
1724 3637 1940 3721 Atque
1984 3639 2075 3702 ita
2115 3639 2327 3706 sancti
2381 3646 2585 3705 mter-

655 3715 811 3782 dum
860 3715 1221 3783 vacillando
1264 3720 1447 3801 qnasi
1482 3721 1666 3803 pueri
1706 3720 1787 3787 ad
1821 3742 2089 3807 scopum
2126 3729 2347 3791 tamen
2393 3745 2586 3791 suum

653 3801 1080 3869 contendunt.
1146 3802 1379 3868 Baculi
1421 3817 1768 3888 conspectu
1810 3809 2019 3874 voluit
2053 3808 2235 3875 Deus
2281 3829 2585 3876 revocare

654 3890 722 3953 in
766 3887 1148 3954 memoriam
1193 3896 1327 3954 tam
1372 3889 1542 3955 Mosi
1585 3912 1782 3974 qnam
1841 3893 2080 3977 populo
2124 3902 2223 3959 tot
2267 3896 2583 3961 miracula

654 3994 821 4057 quae
843 3970 1147 4040 fiduciam
1171 3973 1240 4038 in
1274 3983 1605 4057 posterum
1692 3977 1704 3991 ”
1841 4000 1912 4044 re
1936 3977 2274 4046 deberent:
2310 3980 2584 4065 perinde

655 4079 740 4157 ⁹⁴⁰.
795 4058 849 4125 si
915 4058 1242 4141 potentiae
1306 4080 1463 4126 suae
1540 3999 1858 4130 vexilium
1935 4063 2280 4132 attolleret.
2390 4064 2583 4147 Quod

655 4152 852 4208 etiam
917 4143 1098 4210 iubet
1160 4165 1390 4228 rupem
1455 4146 1695 4231 alloqui
1713 4200 1730 4229 ,
1796 4168 2021 4215 amara
2084 4151 2583 4235 exprobratione

654 4249 786 4293 non
832 4238 1043 4295 caret:
1088 4251 1162 4297 ac
1205 4232 1259 4296 si
1305 4229 1576 4312 diceret,
1620 4235 1691 4298 in
1735 4235 2012 4301 mortuis
2053 4236 2392 4304 elementis
2435 4236 2584 4320 plus

654 4313 791 4379 fore
833 4314 1104 4381 rationis
1148 4325 1214 4380 et
1248 4316 1457 4381 intelli
1505 4319 1715 4385 entiae
1758 4341 1956 4403 quam
1991 4320 2061 4387 in
2096 4322 2256 4405 ipsis
2297 4322 2583 4388 homini-

656 4399 796 4465 bus.
863 4399 955 4465 Et
997 4409 1171 4468 certe
1216 4402 1337 4468 hoc
1380 4423 1468 4468 va
1495 4404 1574 4469 de
1616 4404 1993 4488 pudendum
2034 4408 2179 4489 fuit,
2222 4428 2471 4491 rupem,
2507 4428 2585 4476 ac

654 4486 710 4551 si
756 4484 969 4549 aurita
1011 4506 1335 4571 sensuque
1368 4486 1663 4570 praedita
1702 4500 1892 4571 esset,
1929 4491 2192 4559 obedire
2236 4494 2363 4560 Dei
2407 4495 2582 4561 voci:

653 4569 969 4655 populum
1006 4592 1160 4637 vero
1195 4573 1297 4638 cui
1335 4572 1486 4640 data
1525 4574 1637 4640 lex
1675 4586 1834 4658 erat,
1877 4576 2150 4645 surdum
2186 4586 2252 4643 et
2288 4579 2585 4648 hebetem

657 4675 943 4722 manere.

830 4742 929 4807 10.
965 4739 1055 4806 Et
1083 4750 1594 4828 cmzyreqavemnt
1616 4744 1824 4815 Moses
1855 4754 1911 4814 et
1931 4748 2213 4817 Almone.
2292 4749 2587 4817 Dubium

655 4848 788 4892 non
833 4836 932 4893 est
973 4828 1132 4912 quin
1173 4830 1526 4913 perplexus
1567 4830 1740 4898 inter
1782 4854 1965 4916 spem
2009 4842 2075 4899 et
2118 4835 2587 4904 dubitationem

655 4913 852 4978 fuerit
895 4913 1144 4980 Moses:
1205 4923 1278 4979 ιιι
1332 4916 1661 4983 anxietate
1705 4918 2173 5001 quodammodo
2217 4943 2587 5006 oppressus,

656 5009 964 5064 eventum
1045 5007 1269 5065 tamen
1334 5001 1475 5065 Deo
1551 5005 2004 5070 committeret.
2113 5006 2342 5092 Neque
2408 5009 2585 5076 enim

657 5083 901 5166 absque
965 5082 1092 5150 fide
1154 5093 1291 5150 tam
1354 5086 1586 5152 fuisset
1650 5088 1733 5153 ad
1810 5091 2173 5174 parendum
2250 5093 2459 5161 facilis
2522 5100 2589 5161 et

658 5167 900 5251 alacer,
956 5172 1336 5254 praesertim
1380 5173 1450 5237 in
1492 5192 1565 5238 re
1615 5174 1764 5257 plus
1806 5195 2005 5258 qnam
2050 5176 2272 5244 ardua.
2358 5180 2589 5263 Nuper

658 5253 905 5336 trepide
944 5256 1083 5340 ipse
1127 5267 1194 5322 et
1236 5256 1510 5324 Aharon
1564 5279 1634 5325 se
1679 5259 2082 5328 abdiderant.
2169 5263 2331 5330 Fuit
2381 5266 2589 5351 igitur

659 5358 789 5403 non
824 5359 1064 5423 parvae
1093 5342 1492 5411 difficultatis
1528 5345 1840 5430 populum
1875 5367 2064 5431 quem
2103 5347 2407 5434 fugerant
2428 5373 2589 5419 mox

2051 459 2455 528 REDITUS
2498 459 2631 531 AD
2670 457 3214 531 HISTORIAM.

4487 456 4617 527 236

2678 666 2942 725 vocare,
3019 654 3085 711 et
3138 646 3312 712 ultro
3376 644 3694 713 insultare
3770 644 4160 713 furentibus.
4270 646 4609 717 Hactenus

2675 752 2834 817 ergo
2882 730 3177 799 docilitas
3232 751 3382 799 cum
3442 732 3643 797 animi
3701 731 4160 815 magnitudine
4221 733 4613 816 perspicitur

2677 837 2812 889 non
2853 817 3114 902 vulgari
3155 814 3348 883 laude
3391 814 3620 900 digna:
3683 816 3799 881 sed
3842 817 3993 900 quia
4037 816 4270 883 Mosen
4311 818 4614 885 incredu-

2678 902 2883 969 litatis
2923 900 3188 971 damnat
3231 901 3528 968 coelestis
3584 901 3815 982 iudex,
3875 922 4075 984 penes
4115 922 4312 985 quem
4355 924 4612 971 summa

2678 995 2781 1054 est
2823 995 3127 1071 potestas,
3172 994 3240 1052 et
3281 987 3469 1054 cuius
3513 987 3785 1053 arbitrio
3828 997 4081 1054 stamus
4124 1008 4352 1055 omnes
4395 997 4462 1054 et
4503 1009 4609 1054 ca-

2681 1071 2927 1153 dimus,
3001 1071 3546 1157 acquiescendum
3610 1082 3713 1138 est
3776 1073 3916 1139 eius
3980 1074 4362 1141 sententiae.
4472 1073 4612 1141 Vix

2678 1156 3031 1242 quidquam
3089 1157 3589 1242 reprehensione
3635 1157 3908 1243 dignum
3949 1158 4018 1222 in
4066 1159 4189 1225 hoc
4232 1178 4427 1242 opere
4469 1178 4611 1225 cer·

2680 1246 2933 1313 nimus:
2970 1244 3149 1327 atqui
3182 1243 3575 1328 pronunciat
3596 1242 3780 1310 Deus
3813 1243 3941 1308 sibi
3974 1242 4037 1308 di
4120 1242 4381 1311 licuisse
4399 1244 4611 1312 Mosis

2679 1328 2968 1414 lapsum:
3013 1329 3156 1395 eius
3197 1328 3409 1412 magis
3450 1349 3649 1412 quam
3694 1336 3918 1396 nostro
3958 1326 4199 1398 iudicio
4239 1338 4414 1399 stare
4456 1351 4612 1396 con·

2683 1415 2881 1482 venit.
2945 1413 3168 1498 Atque
3207 1414 3364 1480 hinc
3405 1414 3606 1480 etiam
3650 1412 3978 1481 discamus
4017 1434 4215 1498 opera
4257 1425 4502 1493 nostra,
4537 1414 4612 1481 in

2681 1520 2957 1584 quorum
3001 1499 3344 1584 superficie
3385 1519 3568 1565 mera
3610 1500 3819 1567 virtus
3876 1497 4280 1583 resplendet,
4339 1500 4612 1568 occultis

2680 1587 2861 1651 intus
2903 1585 3085 1652 vitiis
3128 1605 3322 1669 saepe
3365 1593 3614 1651 scatere
3656 1606 3824 1668 quae
3868 1585 4205 1651 hominnm
4250 1586 4474 1652 oculos
4515 1587 4616 1652 fu-

2683 1671 2905 1755 giunt:
2951 1671 3071 1737 soli
3114 1679 3335 1737 autem
3356 1668 3501 1736 Deo
3535 1681 3693 1737 sunt
3725 1670 4096 1737 manifesta.
4163 1669 4239 1738 Si
4273 1672 4614 1755 quaeritur

2680 1758 2752 1821 in
2793 1777 2920 1840 quo
2976 1755 3321 1839 deliquerit
3363 1755 3609 1835 Moses,
3661 1756 3847 1841 origo
3900 1756 4165 1840 quidem
4222 1757 4347 1823 fuit
4400 1759 4614 1825 incre·

2682 1841 2943 1921 dulitas,
2985 1862 3201 1925 neque
3235 1841 3412 1907 enim
3446 1842 3544 1907 fas
3576 1850 3695 1922 est,
3740 1841 3851 1909 ubi
3880 1840 4043 1908 haec
4074 1842 4322 1924 peccati
4357 1843 4612 1927 species

2682 1927 2856 1994 clare
2891 1926 3279 2011 exprimitur
3302 1926 3428 1992 Dei
3463 1947 3794 2011 responso,
3838 1926 4000 1993 alios
4041 1927 4409 2012 imaginari.
4478 1927 4616 1996 Sed

2682 2033 2812 2097 qua
2846 2013 2914 2078 in
2949 2022 3138 2095 parte
3178 2011 3377 2084 fuerit
3419 2010 3796 2079 incredulus
3841 2011 4224 2097 ambigitur:
4267 2014 4397 2081 nisi
4438 2012 4615 2098 quod

2683 2100 3116 2181 interrogans,
3161 2119 3249 2162 an
3291 2117 3528 2181 aquam
3567 2096 3779 2164 eliciet
3821 2119 3859 2163 e
3900 2106 4117 2182 petra,
4162 2097 4424 2165 videtur
4466 2109 4614 2164 tan-

2685 2204 2883 2268 quam
2939 2181 3335 2267 impossibile
3377 2189 3446 2248 et
3498 2182 3854 2249 absurdum
3905 2184 4171 2251 reiicere
4214 2184 4386 2267 quod
4429 2182 4616 2252 Deus

2686 2290 2757 2336 se
2819 2269 3146 2336 facturum
3210 2268 3618 2352 promiserat.
3717 2269 3809 2333 Et
3872 2279 4049 2336 certe
4111 2268 4183 2334 in
4249 2270 4617 2354 reputanda

2686 2374 2916 2421 eorum
2974 2354 3383 2422 contumacia
3438 2352 3576 2419 fere
3635 2353 3925 2434 defixus,
3987 2355 4267 2439 gratiam
4310 2355 4438 2422 Dei
4481 2377 4618 2423 non

2686 2439 2964 2507 admisit.
3054 2439 3328 2522 Quaerit
3369 2460 3458 2505 an
3500 2458 3735 2523 aquam
3778 2461 3867 2506 ex
3909 2460 4074 2523 rupe
4129 2440 4374 2509 eliciet:
4434 2441 4618 2525 atqui

2686 2523 3012 2592 recordari
3074 2523 3386 2593 debuerat
3449 2522 3516 2589 id
3576 2526 3706 2592 iam
3772 2524 3897 2593 sibi
3971 2525 4226 2610 pridem
4303 2524 4621 2595 divinitus

2688 2611 2889 2677 fuisse
2943 2629 3342 2678 concessum.
3430 2608 3675 2677 Secure
3725 2611 3749 2675 i
3801 2612 3931 2677 ‘tur
3994 2632 4283 2679 asserere
4349 2612 4621 2680 decebat

2687 2695 2859 2781 quod
2885 2696 3121 2762 iterum
3143 2695 3535 2781 promiserat
3556 2695 3729 2762 idem
3820 2718 3955 2776 eus,
3978 2698 4191 2784 magis
4214 2719 4410 2783 quam
4433 2698 4621 2764 dubi-

2686 2789 2902 2847 tanter
2956 2782 3149 2866 loqui.
3241 2781 3374 2847 Alii
3667 2803 3737 2847 se
3794 2782 4180 2850 existimant
4195 2834 4211 2863 ,
4276 2784 4432 2867 quia
4481 2785 4621 2851 ictu

2687 2888 2821 2934 uno
2865 2888 2994 2934 non
3040 2875 3400 2948 contentus,
3489 2867 3548 2932 is
3589 2887 3820 2952 rupem
3865 2869 4275 2953 percusserit.
4362 2869 4455 2934 Et
4495 2868 4619 2936 hoc

2689 2954 2853 3020 forte
2886 2975 2969 3019 ex
3005 2952 3365 3020 diffidentia
3398 2961 3623 3019 natum
3674 2961 3807 3020 est:
3855 2954 3970 3020 sed
4020 2955 4416 3039 principium
4459 2955 4621 3022 mali

2688 3039 2831 3116 fuit,
2877 3057 3007 3104 non
3052 3038 3434 3123 simpliciter
3475 3039 3780 3122 amplecti
3825 3040 3947 3107 Dei
3991 3040 4512 3123 promissionem,
4552 3047 4624 3108 et

2689 3133 2917 3191 stenue
2981 3124 3192 3190 officio
3256 3144 3375 3190 suo
3439 3123 3708 3210 defungi
3759 3124 3829 3190 in
3899 3126 4042 3193 eius
4102 3125 4231 3192 fide
4295 3125 4620 3194 testanda.

2688 3210 2867 3294 Ergo
2898 3217 2972 3275 ut
3003 3208 3244 3293 duplex
3279 3209 3460 3294 rupis
3477 3211 3808 3294 percussio
3832 3209 4284 3296 trepidationis
4307 3210 4624 3280 indicium

2688 3296 2912 3376 fuerit,
2949 3295 3105 3361 mali
3150 3304 3371 3362 tamen
3413 3296 3692 3362 accessio
3735 3304 3992 3363 tantum
4034 3297 4193 3377 fuit,
4248 3318 4381 3364 non
4424 3305 4626 3383 caput

2690 3382 2796 3448 vel
2852 3401 3063 3448 causa.
3162 3380 3395 3464 Itaque
3459 3401 3717 3466 semper
3779 3381 3936 3449 illuc
3997 3381 4215 3448 redire
4276 3385 4622 3451 convenit:

2688 3467 2919 3534 Mosen
2955 3467 3100 3532 Deo
3135 3466 3409 3552 gloriam
3447 3488 3580 3533 non
3625 3464 3907 3534 dedisse:
3951 3469 4106 3552 quia
4148 3470 4358 3553 magis
4399 3490 4623 3555 respe-

2688 3552 2791 3617 xit
2832 3553 2987 3635 quid
3032 3553 3305 3620 meritus
3347 3562 3520 3620 esset
3560 3553 3840 3638 populus
3874 3574 4068 3638 quam
4093 3555 4220 3621 Dei
4261 3558 4628 3639 potentiam

2689 3637 3060 3706 aestimavit
3121 3660 3206 3704 ex
3276 3639 3418 3706 eius
3483 3639 3703 3706 verbo.
3806 3638 4001 3721 Quod
4064 3640 4263 3707 etiam
4327 3643 4627 3725 superior

2688 3724 3045 3808 increpatio
3090 3723 3357 3791 denotat
3371 3775 3388 3805 ,
3447 3725 3558 3792 ubi
3614 3723 3986 3792 rebellionis
4041 3725 4381 3793 Israelitas
4434 3747 4625 3794 accu-

2688 3831 2874 3887 sans,
2931 3821 3154 3876 sancto
3197 3809 3456 3894 quidem
3500 3810 3637 3876 zelo
3679 3810 3959 3895 flagrare
4002 3831 4072 3877 se
4128 3810 4441 3878 ostendit:
4506 3814 4626 3880 sed

2688 3895 2954 3963 interim
2997 3916 3133 3962 non
3177 3897 3463 3981 insurgit
3506 3916 3637 3980 qua
3678 3917 3799 3980 par
3839 3906 3982 3962 erat
4020 3897 4277 3978 fiducia,
4320 3898 4404 3964 ad
4448 3899 4627 3983 ipsos

2688 3981 3169 4066 coarguendos:
3224 3981 3356 4049 imo
3413 3981 3888 4065 quodammodo
3930 3982 4180 4048 fatetur
4218 4004 4443 4050 eorum
4483 4005 4626 4052 ma-

2687 4067 2868 4132 litiae
2922 4066 3340 4133 succumbere
3402 4068 3528 4133 Dei
3585 4068 3913 4134 virtutem.
4009 4068 4168 4135 Ideo
4226 4070 4296 4134 in
4354 4069 4626 4137 Psalmo

2688 4150 2860 4239 (106,
2905 4150 3018 4252 32)
3061 4152 3319 4235 dicitur,
3360 4160 3626 4237 propter
3669 4173 3781 4220 eos
3826 4153 4057 4220 Mosen
4101 4155 4305 4221 fuisse
4350 4156 4625 4223 damna-

2687 4247 2848 4319 tum,
2891 4258 3046 4322 quia
3086 4239 3388 4323 spiritum
3423 4240 3563 4306 eius
3595 4238 4089 4319 exacerbarunt,
4130 4248 4207 4306 ut
4245 4240 4629 4325 loqueretur
4741 4260 4750 4269 ’

2689 4344 2803 4389 ore
2845 4344 2982 4391 suo.
3071 4324 3220 4390 Illic
3263 4326 3437 4390 enim
3482 4345 3612 4391 non
3672 4333 3945 4392 excusat
3986 4326 4218 4394 Mosen
4272 4327 4626 4411 propheta:

2689 4408 2802 4476 sed
2847 4407 3002 4474 dum
3046 4410 3378 4493 praevalet
3409 4431 3636 4477 eorum
3679 4410 4064 4494 improbitas
4079 4463 4096 4493 ,
4138 4412 4626 4482 inconsiderato

2691 4495 2943 4561 fervore
2984 4495 3327 4580 abreptum
3372 4495 3570 4564 fuisse
3613 4496 3800 4576 dicit,
3840 4505 3919 4562 ut
3956 4498 4095 4564 fore
4137 4506 4406 4582 negaret
4448 4498 4628 4583 quod

2689 4579 2878 4647 Deus
2921 4601 2991 4646 se
3035 4581 3360 4647 facturum
3414 4583 3821 4666 promiserat.
3909 4582 4104 4651 Unde
4160 4580 4489 4653 discamus
4531 4585 4636 4654 sic

2690 4665 2885 4733 irasci
2945 4666 3177 4732 alienis
3231 4668 3511 4752 peccatis
3525 4718 3543 4749 ,
3604 4689 3689 4734 ne
3745 4665 4005 4736 diversa
4060 4671 4335 4737 tentatio
4393 4692 4638 4741 sensus

2692 4761 2950 4818 nostros
2993 4768 3280 4836 occupet.

2865 4838 2964 4903 12.
3022 4835 3219 4904 Dixit
3276 4839 3509 4907 Iehova
3572 4840 3656 4907 ad
3710 4839 3948 4906 Mosen.
4047 4842 4179 4908 Hic
4244 4851 4313 4909 et
4377 4844 4634 4911 crimen

2692 4943 2918 4989 eorum
2962 4926 3206 5006 profert
3245 4923 3433 4992 Deus
3485 4927 3556 4991 in
3610 4925 3897 4991 medium
3944 4934 4011 4993 et
4053 4949 4331 5012 poenam
4375 4926 4635 4996 denun-

2692 5009 2843 5075 ciat.
2929 5009 3136 5075 Porro
3195 5030 3399 5093 quum
3456 5011 3810 5078 infidelitas
3859 5033 4063 5097 grave
4116 5035 4234 5097 per
4291 5035 4362 5081 se
4405 5026 4473 5081 et
4515 5017 4637 5082 de-

2690 5093 2988 5160 testabile
3054 5095 3300 5162 malum
3366 5097 3456 5163 sit
3470 5148 3486 5177 ,
3552 5098 3810 5181 culpam
3879 5109 4241 5185 exaggerat
4296 5099 4481 5169 Deus
4544 5102 4636 5170 ab

2692 5180 2955 5246 effectu:
3000 5181 3156 5263 quia
3196 5181 3535 5249 fraudatus
3577 5183 3778 5248 fuerit
3819 5205 3940 5250 sua
3982 5186 4225 5270 gloria,
4283 5184 4438 5253 dum
4480 5188 4636 5255 Mo·

2691 5285 2797 5332 ses
2831 5276 2895 5331 et
2934 5265 3207 5333 Aharon
3228 5318 3245 5349 ‚
3288 5269 3400 5352 qui
3441 5287 3794 5352 praecones
3837 5290 3981 5337 esse
4026 5270 4388 5339 debuerant
4428 5274 4638 5341 mira-

2692 5351 2820 5418 culi
2837 5402 2855 5432 ,
2913 5353 3094 5437 quasi
3139 5352 3388 5438 pudore
3423 5354 3676 5422 confusi
3720 5354 3953 5423 iacent.
4041 5357 4106 5427 N
4109 5379 4215 5426 am
4268 5365 4344 5424 ut
4400 5378 4638 5427 eorum
