5017 6142
485 474 607 541 153

484 685 568 732 ex
602 662 842 748 populo
884 662 1125 729 servati
1168 663 1322 728 sint.
1398 661 1657 743 Quibus
1701 683 1856 748 ergo
1900 663 2054 729 data
2096 673 2238 731 erat
2271 686 2420 750 pre-

485 751 659 818 cario
704 750 859 828 vita,
904 770 1013 814 eos
1043 747 1228 813 Deus
1272 748 1395 814 sibi
1430 746 1783 832 acquisitos
1828 770 1968 816 esse
2011 753 2419 832 pronunciat.

482 836 627 903 Iam
662 855 863 917 quum
898 834 1101 900 libera
1134 843 1306 899 esset
1347 855 1386 899 o
1433 834 1542 913 tie,
1589 843 1663 899 ut
1704 834 2168 920 primogenitos
2198 857 2423 903 omnes

484 941 568 988 ex
611 920 901 1003 qualibet
932 918 1105 984 tribu
1148 919 1273 984 sibi
1330 940 1368 984 a
1415 918 1681 999 diceret,
1740 942 1873 986 non
1927 922 2146 987 minus
2201 923 2273 987 in
2316 944 2421 988 ar-

484 1007 680 1073 bitrio
732 1006 873 1070 eius
926 1005 1049 1070 fuit
1103 1004 1545 1071 duodecimam
1592 1014 1844 1071 tantum
1902 1007 2124 1089 populi
2169 1017 2420 1091 partem

487 1113 570 1158 ex
648 1090 820 1155 tribu
885 1111 1018 1155 una
1082 1110 1431 1156 assumere.
1519 1090 1848 1156 Praecidit
1927 1092 2132 1176 igitur
2195 1113 2422 1160 ansam

485 1176 908 1262 querimoniis
964 1174 1296 1241 omnibus:
1353 1177 1503 1259 quia
1558 1177 1828 1242 minime
1884 1178 2149 1244 ferenda
2192 1180 2422 1245 fuisset

483 1261 918 1347 ingratitudo,
965 1260 1347 1326 subtrahere
1404 1262 1484 1327 ab
1537 1263 1673 1327 eius
1730 1261 1975 1328 ditione
2018 1284 2178 1347 quos
2222 1265 2419 1329 mira-

483 1348 701 1413 biliter
757 1345 1150 1413 redemerat:
1204 1347 1347 1411 ideo
1406 1347 1562 1412 dicit
1614 1369 1745 1413 non
1806 1349 2077 1432 periisse
2134 1353 2201 1416 in
2247 1371 2419 1416 com·

483 1433 665 1500 muni
703 1441 941 1515 strage,
978 1441 1052 1496 ut
1088 1453 1197 1498 eos
1233 1433 1332 1497 sui
1372 1433 1532 1497 iuris
1568 1432 1829 1500 faceret.

655 1517 755 1583 15.
818 1516 1103 1582 Numera
1164 1517 1349 1599 tilios.
1437 1518 1716 1584 Ponitur
1779 1541 1954 1586 nunc
2026 1521 2236 1588 tribus
2310 1519 2418 1585 de·

484 1604 787 1687 scriptio,
854 1603 1247 1687 principium
1316 1603 1609 1670 ducendo
1677 1624 1714 1669 a
1771 1605 1978 1671 tribus
2022 1607 2172 1672 filiis
2228 1606 2421 1684 Levi,

485 1688 778 1767 Cehath,
827 1689 1115 1768 Gerson,
1156 1698 1222 1754 et
1266 1688 1534 1774 Morari,
1594 1690 1766 1756 unde
1810 1691 2028 1773 plures
2061 1692 2293 1759 deinde
2336 1692 2425 1757 fa-

484 1774 705 1841 miliae
746 1775 1099 1840 fluxerunt.
1168 1775 1549 1840 Notandum
1593 1795 1750 1843 vero
1796 1785 1910 1856 est,
1956 1797 2181 1844 omnes
2224 1779 2423 1844 fuisse

482 1869 859 1926 numeratos
913 1880 1115 1943 usque
1159 1858 1241 1924 ad
1285 1870 1544 1926 teneros
1598 1862 1838 1942 foetus,
1898 1884 2096 1946 quum
2143 1886 2224 1929 ex
2268 1863 2424 1928 reli-

486 1966 614 2031 quo
692 1944 932 2029 populo
1013 1966 1143 2009 non
1225 1945 1527 2012 venirent
1596 1946 1668 2011 in
1735 1948 2052 2013 rationem
2120 1950 2246 2016 nisi
2313 1949 2424 2031 qui

482 2031 871 2097 vicesimum
924 2050 1174 2095 annum
1231 2041 1672 2097 excesserant:
1729 2033 1903 2098 unde
1956 2035 2262 2118 apparuit
2305 2035 2423 2100 tri·

483 2117 639 2182 bum
705 2116 876 2181 hanc
941 2116 1231 2181 omnium
1298 2137 1439 2182 esse
1502 2117 1861 2184 minimam.
1948 2118 2134 2186 Deus
2202 2128 2421 2186 autem

482 2200 794 2288 parvulos
847 2201 919 2265 in
972 2221 1240 2266 censum
1296 2202 1666 2285 recipiendo
1720 2203 1800 2269 ad
1850 2225 2118 2289 aequam
2163 2226 2427 2289 propor-

483 2289 728 2353 tionem
789 2285 1125 2367 tendebat,
1182 2295 1257 2352 ut
1314 2288 1712 2366 videbimus,
1771 2290 1922 2372 quia
1977 2292 2030 2356 si
2083 2300 2336 2357 tantum
2383 2311 2423 2354 a

483 2372 794 2439 vicesimo
859 2392 1031 2437 anno
1097 2374 1513 2457 sumpsisset,
1590 2375 1923 2459 cognitum
2001 2398 2134 2442 non
2196 2377 2424 2442 fuisset

483 2463 644 2543 quot
706 2464 927 2523 essent
989 2457 1403 2543 primogeniti
1470 2468 1665 2544 atque
1728 2461 1820 2526 ita
1882 2463 2131 2529 incerta
2196 2462 2423 2527 fuisset

484 2563 782 2610 summae
840 2543 1295 2625 compensatio.
1383 2544 1529 2611 Hac
1581 2545 1989 2630 indulgentia
2047 2546 2269 2613 debuit
2315 2545 2423 2613 ad-

485 2628 637 2695 duci
679 2629 991 2712 populus,
1034 2638 1110 2694 ut
1150 2630 1453 2712 aequiore
1497 2632 1713 2697 animo
1750 2634 2071 2698 tributum
2114 2632 2424 2717 penderet

483 2736 602 2801 pro
644 2713 912 2796 reliquis
955 2714 1312 2797 capitibus:
1357 2737 1507 2781 nam
1554 2717 1705 2800 quia
1747 2717 1916 2783 facta
1960 2720 2424 2802 supputatione

484 2799 827 2866 constabat
902 2807 1187 2882 quantus
1267 2822 1580 2868 numerus
1661 2802 1963 2869 deficeret
2029 2826 2068 2870 a
2132 2804 2424 2888 legitima

482 2893 701 2972 parte,
760 2887 994 2949 merito
1038 2885 1312 2968 pecunia
1354 2887 1587 2952 redimi
1630 2889 1837 2954 voluit
1894 2889 2075 2955 Deus
2120 2890 2230 2974 qui
2275 2890 2427 2955 alio-

484 2972 599 3056 qui
644 2968 923 3036 traducti
966 2971 1244 3037 fuissent
1288 2970 1369 3037 ad
1415 2971 1659 3038 tribum
1700 2973 1917 3056 illam,
1977 2997 2141 3059 quae
2184 2977 2425 3059 primo·

485 3055 742 3144 genitos
784 3056 1343 3140 repraesentabat:
1403 3059 1763 3145 malignum
1814 3081 1970 3127 vero
2012 3062 2240 3128 fuisset
2283 3061 2426 3126 Deo

484 3163 727 3227 negare
781 3140 950 3225 quod
1010 3142 1410 3225 postulabat,
1476 3165 1679 3228 quum
1746 3155 1977 3230 sponte
2034 3146 2115 3212 ad
2170 3146 2424 3230 aequis·

485 3228 720 3295 simam
763 3227 1129 3310 pactionem
1178 3229 1611 3295 descenderet.
1678 3230 1831 3298 Alia
1865 3232 2062 3298 etiam
2098 3233 2265 3299 ratio
2300 3233 2427 3297 fuit

486 3335 605 3382 cur
662 3335 702 3379 a
758 3314 969 3396 prima
1014 3314 1298 3397 pueritia
1342 3317 1407 3380 in
1453 3337 1721 3382 censum
1789 3319 2087 3384 venerint
2152 3319 2428 3385 Levitae

483 3399 701 3486 potius
745 3419 938 3482 quam
979 3400 1119 3464 alii:
1160 3401 1313 3484 quia
1357 3422 1490 3466 non
1535 3423 1798 3469 necesse
1841 3404 1970 3469 suit
2006 3402 2087 3470 ad
2123 3404 2426 3470 militiam

486 3493 671 3569 aptos
715 3505 885 3563 esse,
941 3506 1142 3569 quum
1189 3506 1273 3550 ex
1332 3497 1464 3551 toto
1506 3489 1744 3571 populo
1793 3488 1976 3557 Deus
2022 3490 2260 3556 milites
2303 3489 2425 3556 sibi

485 3571 817 3650 scriberet,
897 3572 963 3636 ui
1001 3592 1155 3637 mox
1189 3593 1372 3637 arma
1405 3585 1833 3656 capesserent.

662 3656 761 3720 17.
891 3662 1112 3722 uerunt
1169 3658 1293 3739 filii
1359 3658 1534 3724 Levi.
1620 3660 1800 3727 Hinc
1866 3669 2134 3745 apparet
2181 3661 2427 3728 tribum

482 3742 691 3821 Levi,
737 3742 903 3808 sicut
948 3741 1138 3823 alias,
1175 3764 1216 3808 a
1251 3746 1555 3810 tenuibus
1600 3756 1668 3810 et
1710 3748 2098 3831 contemptis
2144 3746 2430 3813 exordiis

481 3828 714 3894 fecisse
758 3826 1172 3893 admirabiles
1206 3849 1608 3914 progressus,
1651 3853 1805 3897 nam
1848 3853 2050 3915 quum
2088 3844 2221 3898 tres
2267 3833 2430 3898 dun-

480 3923 674 3979 taxat
725 3912 896 3978 filios
954 3914 1094 3997 ipse
1150 3916 1485 3998 genuerit,
1558 3918 1812 3984 Gerson
1878 3939 2028 3984 vero
2071 3927 2138 3984 et
2181 3918 2427 3985 Morari

481 4000 674 4065 binos
718 4008 996 4078 tantum,
1043 3998 1301 4065 Oebath
1345 4010 1640 4085 quatuor,
1687 4003 1833 4086 quis
1877 4010 2125 4069 tantam
2172 4005 2434 4070 foecun-

487 4083 760 4149 ditatem
841 4093 1196 4168 sperasset,
1277 4096 1348 4151 ut
1425 4087 1766 4155 duodecim
1832 4089 2128 4156 homines
2191 4089 2430 4174 exiguo

486 4180 810 4253 tempore,
872 4171 943 4235 in
1008 4178 1108 4235 tot
1171 4172 1374 4237 millia
1439 4176 1940 4240 excrescerent?
2030 4176 2279 4241 Verum
2337 4175 2431 4242 sic

485 4266 791 4342 potenter
833 4266 1142 4339 operatur
1180 4258 1365 4324 Deus
1408 4260 1529 4325 sub
1573 4261 1785 4344 specie
1843 4262 2260 4341 infirmitatis,
2306 4282 2432 4345 quo

485 4342 722 4408 melius
765 4342 870 4407 hic
912 4343 1231 4428 refulgeat
1274 4345 1412 4408 eius
1448 4344 1674 4429 gloria.
1759 4346 1950 4428 Quod
1995 4355 2211 4412 autem
2248 4347 2432 4411 fami-

483 4428 644 4494 liam
691 4427 968 4511 Oehath,
1008 4450 1141 4494 non
1186 4437 1444 4494 tantum
1478 4431 1546 4494 in
1592 4433 1950 4498 sacerdotio
1983 4433 2272 4513 Aharon,
2317 4431 2431 4497 sed

490 4515 689 4579 etiam
754 4514 821 4578 in
888 4516 1216 4580 communi
1296 4516 1657 4583 ministerio
1730 4518 1873 4584 aliis
1938 4518 2279 4602 praetulit,
2346 4540 2431 4583 ex

491 4599 719 4665 eodem
779 4600 1051 4683 gratuiti
1115 4599 1502 4684 beneplaciti
1570 4603 1745 4669 fonte
1812 4605 2102 4671 manavit
2167 4625 2252 4669 ex
2305 4625 2431 4686 quo

488 4686 698 4752 Mosis
782 4685 1048 4751 voeati0.
1138 4685 1268 4767 Qui
1348 4708 1502 4773 ergo
1582 4689 1815 4755 Mosen
1875 4699 2009 4756 tam
2076 4689 2433 4757 honorifica

488 4771 825 4836 functione
869 4769 1179 4854 dignatus
1223 4772 1469 4852 fuerat,
1516 4774 1583 4837 in
1621 4775 1764 4841 eius
1808 4776 2086 4860 gratiam
2132 4775 2434 4842 similiter

489 4857 816 4922 beneficus
883 4856 1007 4920 fuit
1049 4857 1117 4921 in
1167 4857 1478 4923 familiam
1539 4857 1818 4926 Oehath.
1909 4860 2302 4943 Quanquam
2347 4882 2433 4926 ne

494 4952 793 5026 suspecta
857 4949 1029 5007 esset
1089 4943 1384 5024 ambiti0,
1451 4944 1556 5009 vel
1619 4946 1932 5029 improbis
1990 4946 2433 5012 calumniandi

492 5028 744 5094 occasio
789 5026 1082 5108 daretur,
1132 5029 1301 5096 filios
1346 5029 1548 5095 Mosis
1593 5031 1774 5098 Deus
1825 5033 2177 5100 subsistere
2222 5032 2434 5098 voluit

488 5114 565 5181 in
609 5112 865 5198 vulgari
909 5114 1299 5180 Levitarum
1342 5116 1588 5182 ordine.

666 5199 767 5264 45.
840 5198 1008 5282 Cape
1086 5199 1354 5266 Levitas.
1445 5201 1758 5285 Sequitur
1829 5200 1944 5269 illa
2021 5227 2215 5289 quam
2296 5203 2435 5268 dixi

494 5287 965 5369 compensatio:
1034 5286 1185 5369 quia
1248 5288 1422 5352 enim
1486 5287 1553 5352 in
1608 5287 1782 5354 tribu
1849 5289 2013 5354 Levi
2073 5312 2203 5356 non
2248 5310 2433 5373 repe-

490 5371 784 5441 riebatur
826 5370 1032 5437 solida
1066 5370 1193 5438 Dei
1230 5374 1458 5456 portic,
1502 5372 1764 5439 aliunde
1806 5373 2091 5458 suppleri
2128 5376 2430 5459 oportuit.

1892 474 2300 544 REDITUS
2350 477 2476 543 AD
2521 477 3056 545 HISTOTIAM.

4334 478 4462 545 154

2525 668 2704 753 Ergo
2748 689 2948 751 quum
2994 668 3268 733 Levitae
3319 676 3456 731 tam
3500 666 3621 731 viri
3679 686 3875 750 quam
3932 667 4117 750 pueri
4163 665 4464 747 infantes,

2525 754 2860 837 pauciores
2917 763 3135 818 essent
3190 752 3485 818 ducentis
3542 752 3956 835 septuaginta
4010 751 4219 817 tribus
4268 771 4464 834 quam

2525 839 2941 924 primogeniti
2982 837 3321 904 duodecim
3355 837 3644 903 tribuum
3691 837 3927 918 Israel,
3961 838 4241 920 pretium
4277 835 4462 902 Deus

2528 925 2748 1009 exegit
2811 925 3043 1008 quinos
3109 924 3300 989 siclos
3366 923 3720 990 sanctuarii
3781 924 3853 988 in
3911 923 4172 1008 singula
4236 922 4465 1007 capita.

2527 1010 2762 1076 Visum
2832 1019 3048 1075 autem
3115 1008 3266 1074 alibi
3331 1008 3489 1090 fuit,
3556 1008 3786 1074 siclum
3857 1009 4205 1074 sanctuarii
4264 1008 4464 1074 fuisse

2526 1095 2871 1179 duplicem,
2917 1105 2991 1161 ut
3033 1095 3192 1162 duos
3236 1094 3542 1180 vulgares
3586 1095 3882 1160 efficeret.

3120 1434 3470 1502 NUMER.
3518 1432 3716 1500 OAP.
3763 1434 3882 1499 IV.

2704 1607 2760 1671 1.
2808 1605 3134 1688 Loquutus
3197 1611 3287 1673 est
3341 1605 3568 1672 Iehova
3628 1606 3716 1670 ad
3776 1604 3997 1670 Mosen
4061 1609 4116 1670 et
4180 1604 4460 1685 Abaron,

2529 1693 2815 1758 dicendo:
2868 1692 2927 1756 2.
3003 1692 3173 1758 Tolle
3226 1711 3539 1756 summam
3576 1690 3854 1772 filiorum
3916 1688 4143 1756 Gehath
4196 1711 4227 1754 e
4266 1691 4464 1756 medio

2525 1777 2806 1859 filiorum
2865 1777 3046 1855 Levi,
3094 1798 3218 1859 per
3255 1777 3544 1860 familias
3584 1796 3756 1856 suas,
3803 1795 3924 1858 per
3964 1776 4174 1842 domos
4203 1780 4464 1861 patrum

2528 1884 2802 1929 suorum
2904 1863 2962 1927 3.
3010 1862 3114 1927 Ab
3172 1884 3238 1930 eo
3295 1863 3405 1945 qui
3460 1868 3649 1928 natus
3703 1866 3791 1926 est
3843 1861 4102 1944 triqinta
4152 1882 4351 1928 annos
4403 1866 4459 1927 et

2529 1970 2759 2032 supra,
2827 1969 3021 2031 usque
3083 1948 3169 2013 ad
3231 1968 3371 2015 eum
3432 1950 3544 2031 qui
3603 1953 3793 2014 natus
3851 1951 3943 2012 est
4006 1947 4463 2031 quinquaqinta

2528 2055 2748 2115 annos,
2785 2038 3074 2117 quotquot
3094 2035 3530 2119 inqrediuntur
3549 2034 4084 2117 conqreqationem,
4123 2038 4192 2098 ut
4220 2033 4464 2115 faciant

2528 2141 2686 2202 opus
2729 2122 2799 2185 in
2842 2118 3232 2187 tabernaculo
3273 2120 3700 2185 conventionis.

3055 2459 3185 2526 EX
3227 2458 3555 2525 EODEM
3597 2457 3950 2525 OAPI'PE.

2699 2631 2777 2696 21
2809 2629 2874 2718 ¹).
2924 2630 3250 2712 Loquutus
3308 2632 3399 2694 est
3457 2628 3686 2695 Ieltova
3742 2630 3827 2696 ad
3888 2628 4134 2709 Mosen,
4187 2629 4467 2696 dicendo.-

2526 2718 2631 2783 22.
2683 2717 2855 2784 Tolle
2916 2734 3224 2781 summam
3285 2714 3568 2796 filiorum
3638 2714 3879 2782 Gerson
3894 2768 3909 2796 ,
3987 2716 4158 2797 ipsos
4232 2734 4469 2797 quoque

2519 2825 2641 2886 per
2703 2803 2916 2870 domos
2963 2807 3228 2883 patrum
3291 2820 3581 2879 suorum,
3646 2806 3704 2866 et
3747 2822 3867 2883 per
3925 2800 4217 2884 familias
4278 2819 4468 2865 suas:

2528 2890 2631 2955 23.
2676 2888 2779 2954 Ab
2822 2908 2890 2954 eo
2932 2887 3043 2969 qui
3083 2891 3273 2952 natus
3315 2890 3404 2952 est
3437 2886 3693 2971 triqinta
3715 2907 3918 2952 annos
3938 2892 4232 2967 etsupra,
4271 2903 4468 2966 usque

2529 2975 2616 3040 ad
2673 2993 2811 3042 eum
2875 2975 2985 3056 ραι
3049 2979 3138 3038 εει
3197 2973 3649 3057 quinquaqinta
3703 2993 4008 3038 annorum
4026 3020 4040 3048 ‚
4112 2970 4469 3036 numerabis

2530 3080 2629 3127 eos
2646 3086 2665 3125 .·
2717 3063 3001 3143 quotquot
3040 3059 3478 3143 inqrediuntur
3518 3059 4064 3142 oonqreqationeon,
4108 3063 4178 3123 ut
4230 3057 4470 3140 faciant

2530 3166 2685 3229 opus
2734 3148 2803 3211 in
2862 3144 3248 3212 tabernaculo
3302 3144 3731 3210 conventionis.

3053 3485 3186 3553 EX
3228 3484 3557 3553 EODEM
3602 3484 3953 3552 CAPI'I'E.

2701 3657 2806 3722 29.
2854 3656 3063 3723 Filios
3107 3657 3353 3723 Morari
3398 3677 3523 3738 per
3560 3655 3851 3738 familias
3889 3675 4061 3737 suas,
4096 3675 4218 3738 per
4259 3656 4471 3723 domos

2521 3747 2782 3828 patrum
2822 3764 3082 3810 suorum
3121 3743 3513 3810 numerabis:
3568 3741 3670 3807 30.
3718 3741 3820 3807 Ab
3874 3763 3941 3808 eo
3996 3743 4107 3823 qui
4151 3747 4339 3808 natus
4380 3746 4470 3808 εει

2530 3831 2788 3914 triqinta
2843 3850 3042 3896 annos
3100 3836 3155 3894 et
3207 3850 3436 3911 supra,
3492 3848 3687 3910 usque
3741 3828 3827 3894 ad
3884 3847 4025 3893 eum
4093 3829 4204 3910 qui
4279 3832 4468 3893 natus

2534 3921 2624 3981 εει
2663 3916 3117 4000 quinquaqinta
3162 3934 3391 3993 annos,
3446 3914 3805 3981 numerabis
3846 3933 3975 3979 eos:
4034 3917 4320 3996 quotquot
4374 3913 4471 3978 in-

2530 4002 2901 4086 qrediwntur
2950 4002 3500 4086 wnqreqatwnm,
3554 4004 3623 4064 ut
3674 3998 3919 4081 faciant
3970 4018 4127 4080 opus
4162 4001 4232 4065 in
4273 3999 4470 4066 taber-

2530 4087 2751 4154 naculo
2791 4089 3221 4153 conventioni-3.

3052 4427 3183 4495 EX
3226 4428 3556 4497 EODEM
3602 4425 3957 4494 CAPI'PE.

2706 4600 2809 4666 34„
2859 4599 3232 4666 Numeravit
3263 4621 3403 4686 erqo
3426 4598 3636 4665 Moses
3667 4620 3734 4665 es
3756 4597 4024 4663 Altaron
4062 4605 4118 4665 et
4145 4598 4473 4680 mancipes

2537 4686 3024 4771 conqreqationis
3061 4685 3229 4766 filios
3277 4684 3523 4766 Oehatb,
3556 4705 3678 4766 per
3715 4683 4006 4767 familias
4043 4705 4217 4763 suas,
4260 4684 4470 4749 domos

2525 4777 2791 4857 patrum
2831 4790 3108 4837 suorum.
3196 4771 3299 4838 35.
3345 4772 3448 4837 Ab
3506 4791 3574 4837 eo
3629 4771 3741 4854 qui
3792 4774 3980 4835 natus
4026 4774 4161 4834 erat
4212 4768 4474 4852 triqinta

2540 4878 2762 4938 annos,
2817 4863 2874 4922 et
2914 4876 3114 4939 supra
3129 4908 3144 4937 ,
3201 4878 3394 4939 usque
3436 4857 3521 4922 ad
3562 4877 3699 4923 eum
3742 4857 3854 4938 qui
3894 4859 4080 4920 natus
4118 4857 4254 4920 erat
4294 4853 4472 4935 quin-

2704 4945 2839 5010 inta
2892 4962 3122 5009 annos:
3185 4948 3468 5025 quotquot
3519 4942 3957 5027 inqrediuntur
4017 4942 4088 5005 in
4149 4959 4475 5023 eonqreqa-

2536 5033 2760 5097 tionem
2816 5028 2997 5096 illam
3052 5029 3138 5092 ad
3189 5028 3604 5094 ministerium
3648 5027 4079 5110 peraqendum
4134 5026 4203 5091 in
4268 5024 4472 5090 taber-

2537 5116 2759 5182 naculo
2800 5114 3228 5181 conventionis.
3319 5114 3422 5179 36.
3469 5112 3869 5193 Fueruntque
3908 5112 4219 5177 nunwrati
4260 5130 4475 5176 eorum

2528 5224 2651 5284 per
2712 5200 3002 5285 familias
3016 5252 3031 5280 ,
3110 5200 3234 5265 duo
3298 5199 3506 5266 millia
3571 5197 3932 5279 septinqenti
3994 5197 4471 5282 quinquaqinta.

2712 5389 2769 5460 1)
2809 5390 3091 5446 omittitur
3124 5389 3213 5445 hic
3247 5403 3438 5443 υενεαε
3471 5391 3533 5442 in
3567 5385 3692 5442 edit.
3730 5381 3867 5438 1563
3901 5384 3994 5440 lat.
