5017 6142
652 454 783 521 283

656 644 807 729 quia
849 662 984 707 non
1024 649 1127 707 est
1170 639 1401 706 similis
1438 637 1832 715 hominibus,
1878 637 2126 722 species
2163 648 2261 703 est
2296 635 2484 702 obiur

657 729 871 796 tionis.
961 725 1167 809 Quasi
1214 725 1490 793 diceret:
1548 724 1758 790 Visne
1799 725 2016 790 Deum
2073 724 2285 789 facere
2330 743 2482 787 men
2531 742 2602 786 a·

654 812 839 883 cem?
928 813 1217 898 oportuit
1294 811 1469 876 enim
1549 808 1838 876 cohiberi
1914 829 2231 875 vesanum
2307 806 2601 873 studium

655 899 889 979 Balac,
936 920 1020 964 ne
1075 897 1249 963 ultra
1315 894 1630 962 tenderet.
1718 894 2064 962 Caeterum
2124 894 2282 961 hinc
2343 893 2602 959 elicitur

661 987 958 1054 doctrina
1015 984 1312 1068 apprime
1357 981 1539 1048 utilis
1557 1031 1574 1061 ,
1633 1001 1973 1065 perperam
2016 981 2229 1047 facere
2283 979 2604 1057 homines,

656 1071 815 1139 dum
880 1091 965 1137 ex
1028 1090 1146 1136 suo
1212 1068 1506 1153 ipsorum
1570 1067 1835 1152 ingenio
1899 1074 1966 1132 et
2028 1065 2319 1132 moribus
2382 1063 2602 1130 Deum

656 1157 1038 1237 aestimant,
1102 1175 1230 1239 quo
1292 1161 1517 1221 tamen
1585 1153 1743 1219 vitio
1810 1153 2110 1219 laborant
2165 1152 2300 1218 fere
2356 1171 2602 1216 omnes.

654 1245 829 1310 Nam
870 1241 977 1326 qui
1012 1243 1091 1306 fit
1124 1250 1196 1306 ut
1240 1247 1376 1305 tam
1419 1239 1624 1305 simus
1668 1239 1973 1324 propensi
2016 1237 2098 1302 ad
2147 1235 2605 1315 vacillandum,

657 1330 787 1396 nisi
822 1328 975 1412 quia
1012 1327 1080 1392 in
1128 1336 1354 1393 nostra
1387 1325 1638 1390 trutina
1680 1322 2110 1408 appendimus
2155 1322 2282 1389 Dei
2329 1322 2604 1406 promis-

656 1412 917 1482 siones?
1006 1413 1189 1498 Ergo
1243 1421 1321 1477 ut
1373 1409 1697 1477 discamus
1739 1430 1940 1492 supra
1984 1408 2304 1475 mundum
2349 1416 2604 1473 mentes

657 1499 987 1580 attollere,
1040 1498 1296 1583 quoties
1353 1496 1433 1562 de
1487 1494 1616 1562 fide
1671 1503 1738 1561 et
1792 1493 2184 1563 certitudine
2241 1492 2430 1560 verbi
2475 1493 2603 1559 Dei

658 1585 905 1671 agitur,
966 1596 1271 1667 reputare
1315 1581 1626 1650 convenit
1684 1593 1929 1664 quanta
1972 1581 2143 1645 inter
2187 1602 2308 1647 nos
2348 1588 2416 1645 et
2451 1600 2606 1645 eum

657 1673 744 1740 sit
789 1670 1115 1737 distantia.
1198 1669 1473 1735 Mentiri
1517 1667 1664 1733 ideo
1707 1664 2087 1747 hominibus,
2123 1678 2224 1732 est
2265 1667 2604 1744 usitatum,

658 1758 813 1842 quia
869 1756 953 1821 ad
1009 1754 1399 1820 mutandum
1463 1753 1810 1819 consilium
1858 1761 2017 1819 sunt
2079 1750 2432 1830 flexibiles,
2495 1750 2607 1818 vel

657 1840 829 1928 quod
874 1840 1141 1925 polliciti
1183 1850 1338 1906 sunt
1381 1840 1647 1921 exsequi
1677 1836 2010 1904 interdum
2054 1845 2402 1922 nequeunt.
2447 1837 2604 1903 Mu-

658 1928 822 1995 tatio
878 1935 1099 1993 autem
1159 1925 1410 1993 consilii
1471 1924 1571 1991 vel
1626 1946 1714 1990 ex
1767 1925 2038 1990 levitate
2095 1923 2201 1989 vel
2263 1924 2435 1989 mala
2474 1921 2606 1988 fide

708 2013 965 2080 revenit
981 2061 998 2091 ,
1074 2012 1186 2079 vel
1259 2011 1415 2095 quia
1491 2031 1602 2076 eos
1665 2010 1955 2093 poenitet
2024 2010 2133 2094 qui
2201 2009 2475 2076 futiliter
2540 2015 2609 2073 et

659 2097 1144 2166 inconsiderate
1221 2095 1473 2180 loquuti
1537 2105 1711 2162 sunt.
1801 2096 1881 2160 In
1948 2095 2168 2160 Deum
2241 2095 2414 2160 nihil
2476 2094 2607 2159 tale

661 2184 872 2251 cadit:
954 2185 1108 2267 quia
1173 2203 1293 2249 nec
1334 2182 1614 2261 fallitur,
1681 2202 1804 2248 nec
1868 2181 2191 2248 fallaciter
2253 2180 2607 2264 quidquam

659 2269 1079 2355 pronunciat,
1145 2290 1265 2335 nec
1330 2267 1468 2334 ulla
1549 2277 1651 2333 est
1715 2266 1890 2350 apud
1945 2287 2098 2332 eum
2177 2265 2608 2344 obumbratio,

662 2366 739 2422 ut
780 2357 991 2439 inquit
1034 2354 1306 2419 Iacobus
1348 2350 1453 2439 (1,
1499 2351 1629 2440 17).
1716 2353 2043 2436 Tenemus
2077 2374 2254 2418 nunc
2295 2373 2608 2437 quorsum

662 2438 1123 2508 dissimilitudo
1209 2438 1372 2506 haec
1466 2439 1798 2523 respiciat:
1888 2459 1972 2503 ne
2058 2438 2305 2504 scilicet
2390 2437 2607 2503 Deum

658 2528 1205 2609 transfiguremus
1272 2543 1392 2609 pro
1452 2534 1674 2590 nostro
1732 2544 1959 2590 sensu:
2028 2522 2144 2589 sed
2194 2524 2264 2588 in
2324 2524 2609 2589 conside·

659 2611 868 2679 randa
931 2611 1069 2677 eius
1134 2620 1371 2676 natura
1423 2609 1913 2675 meminerimus
1974 2607 2177 2676 nullis
2234 2609 2608 2675 conversio-

663 2698 857 2764 nibus
899 2695 1256 2762 obnoxium
1300 2714 1478 2772 esse,
1523 2695 1828 2779 quoniam
1881 2702 2151 2777 superat
2195 2715 2419 2760 omnes
2463 2715 2610 2760 coc·

660 2783 779 2850 los.
868 2780 1049 2864 Quid
1105 2791 1322 2846 autem
1380 2780 1704 2865 significet
1758 2780 1882 2845 Dei
1940 2780 2369 2864 poenitentia,
2424 2781 2611 2847 cuius

662 2868 1007 2951 aliquoties
1065 2867 1144 2932 fit
1198 2865 1479 2947 mentio,
1538 2887 1621 2932 ex
1663 2865 1802 2932 suis
1841 2864 2005 2931 locis
2048 2873 2271 2949 petant
2312 2864 2608 2932 lectores.

660 2954 806 3021 Iam
833 2952 1025 3020 simul
1050 2950 1337 3017 notanda
1357 2959 1460 3018 est
1494 2949 1828 3019 doctrinae
1849 2950 2216 3037 applicatio.
2264 2950 2612 3036 Frigerent

658 3041 840 3107 enim
885 3059 1003 3122 per
1045 3059 1115 3104 se
1152 3037 1312 3103 haec
1358 3036 1589 3118 verba,
1646 3034 1866 3104 Deum
1902 3058 2045 3104 esse
2091 3057 2386 3105 veracem
2408 3088 2422 3112 ,
2476 3037 2610 3103 nisi

664 3126 749 3193 ad
825 3144 1022 3190 usum
1095 3144 1287 3190 suum
1365 3123 1766 3190 referantur:
1849 3143 2085 3206 nempe
2149 3122 2418 3191 indubia
2481 3122 2613 3190 fide

662 3207 1200 3295 acquiescendum
1267 3230 1411 3275 esse
1474 3208 1615 3275 eius
1678 3210 2245 3294 promissionibus,
2313 3225 2381 3274 et
2440 3210 2613 3277 serio

665 3296 748 3363 ad
794 3297 1005 3361 minas
1047 3294 1530 3378 trepidandum.
1618 3296 1792 3361 Nam
1834 3297 1905 3360 in
1954 3295 2134 3363 hunc
2168 3296 2366 3362 etiam
2412 3298 2611 3362 finem

665 3381 903 3448 dicitur
945 3401 1160 3446 sermo
1194 3381 1320 3446 Dei
1358 3402 1563 3464 purus
1597 3391 1664 3447 et
1707 3381 1981 3466 integer,
2027 3391 2093 3446 et
2127 3382 2462 3448 confertur
2505 3403 2610 3448 ar·

666 3474 866 3553 gento
930 3465 1171 3550 septies
1227 3478 1525 3551 purgato.
1613 3466 1769 3533 Huc
1824 3487 2079 3550 quoque
2135 3467 2348 3533 tendit
2405 3467 2612 3535 illatio

664 3575 831 3639 quae
874 3573 1032 3618 mox
1071 3551 1448 3618 subiicitur:
1506 3553 1615 3618 An
1666 3552 1871 3636 igitur
1911 3572 2040 3618 non
2095 3552 2395 3636 implebit
2435 3553 2611 3639 quod

664 3640 973 3723 loquutus
1053 3636 1200 3702 est?
1289 3636 1574 3704 Volebat
1636 3636 1840 3704 Balac
1914 3638 2215 3706 maledici
2291 3641 2612 3725 populum

660 3745 858 3808 ,quem
904 3721 1093 3789 Deus
1148 3721 1276 3788 sibi
1334 3721 1794 3807 adoptaverat:
1852 3722 1920 3789 id
1968 3724 2114 3790 fieri
2168 3745 2355 3808 posse
2413 3736 2615 3812 negat

664 3810 957 3887 Balaam,
1001 3808 1156 3891 quia
1190 3808 1372 3875 Deus
1395 3809 1463 3875 in
1500 3809 1636 3875 suis
1670 3808 1949 3876 decretis
1974 3810 2206 3876 firmus
2240 3811 2344 3877 sit.
2404 3810 2614 3878 Deni-

666 3916 792 3980 que
834 3893 1008 3959 idem
1053 3892 1243 3960 docet
1286 3894 1455 3979 quod
1499 3893 1782 3974 Paulus,
1840 3894 2224 3961 electionem
2277 3896 2457 3963 illius
2499 3918 2615 3980 po-

667 3980 834 4065 puli,
891 3980 1202 4064 quoniam
1257 3980 1327 4045 in
1379 3981 1669 4064 gratuita
1724 3981 1851 4046 Dei
1895 3979 2288 4047 liberalitate
2341 3982 2616 4049 fundata

664 4066 780 4142 sit,
842 4086 985 4133 esse
1048 4064 1292 4150 absque
1334 4065 1752 4148 poenitentia.
1843 4064 2033 4148 Quod
2100 4067 2155 4133 si
2221 4067 2617 4135 conductitio

663 4150 1266 4302 pseudoprophetae
1331 4151 1492 4217 haec
1558 4172 1688 4218 vox
1753 4152 1878 4217 fuit
1919 4159 2209 4231 extorta,
2275 4174 2469 4237 quam
2511 4156 2615 4221 in-

666 4258 909 4304 excusa
954 4236 1062 4303 ilis
1127 4236 1421 4303 socordia
1476 4249 1697 4304 nostra
1754 4239 1885 4303 erit
1941 4239 1997 4304 si
2053 4238 2124 4303 in
2183 4239 2616 4323 amplexando

666 4323 794 4389 Dei
849 4322 1052 4389 verbo
1111 4322 1368 4389 varient
1408 4331 1604 4406 atque
1646 4324 1979 4390 alternent
2021 4332 2280 4391 mentes
2333 4334 2614 4408 nostrae,

667 4430 745 4477 ac
790 4409 845 4475 si
889 4408 1031 4492 ipse
1075 4418 1246 4474 esset
1290 4407 1553 4475 varius?

837 4494 943 4560 20.
1010 4492 1199 4573 Ecce,
1265 4499 1336 4561 ut
1417 4494 1842 4562 benedicerem.
1932 4493 2277 4579 Significat
2341 4497 2613 4564 manda·

671 4590 812 4647 tum
889 4577 1316 4647 benedicendi
1392 4580 1762 4647 iniunctum
1828 4580 1953 4647 sibi
2018 4602 2190 4661 esse,
2272 4591 2339 4647 et
2401 4583 2616 4667 legem

665 4666 1054 4750 impositam.
1141 4666 1372 4749 Neque
1444 4667 1621 4732 enim
1685 4664 1786 4752 (ut
1866 4666 2109 4733 dictum
2168 4667 2295 4754 est)
2358 4668 2427 4735 in
2490 4669 2615 4736 hac

667 4753 925 4821 actione
982 4750 1148 4817 liber
1200 4752 1328 4817 fuit
1369 4760 1484 4818 aut
1526 4756 1631 4819 sui
1676 4753 1868 4818 iuris:
1913 4752 2026 4819 sed
2072 4774 2222 4818 eum
2262 4754 2387 4820 sibi
2429 4756 2617 4821 Deus

667 4836 1043 4916 addixerat,
1125 4845 1198 4903 ut
1258 4837 1713 4922 propheticum
1793 4858 2033 4905 munus
2098 4840 2297 4904 etiam
2362 4840 2616 4908 invitus

668 4930 1023 4990 exerceret.
1110 4922 1291 4990 Hinc
1345 4923 1589 5005 colligit
1647 4944 1778 4989 non
1833 4944 1976 4990 esse
2030 4923 2104 4989 in
2161 4946 2278 4991 suo
2342 4926 2616 4992 arbitrio

714 5009 1176 5077 raedictionem
1231 5018 1516 5089 mutare,
1574 5010 1759 5076 cuius
1803 5010 2103 5075 minister
2145 5020 2248 5076 est
2289 5032 2365 5078 ac
2407 5014 2615 5080 testis.

763 5093 805 5160 d
851 5094 1209 5165 notandum
1245 5105 1346 5161 est
1388 5094 1557 5180 quod
1593 5094 1804 5160 medio
1839 5095 1978 5161 loco
2019 5095 2348 5176 inseritur,
2397 5096 2616 5164 Deum

671 5180 916 5247 scilicet
957 5181 1171 5265 ipsum
1218 5180 1644 5248 benedixisse.
1732 5179 1990 5263 Quibus
2043 5181 2263 5248 verbis
2306 5183 2620 5271 intelligit

671 5265 957 5350 pendere
1001 5275 1344 5352 utramque
1401 5266 1741 5333 hominum
1798 5276 2038 5332 sortem
2100 5266 2182 5332 ab
2238 5270 2433 5335 unius
2490 5270 2618 5336 Dei

671 5353 1047 5419 autoritate:
1107 5374 1228 5421 nec
1270 5352 1607 5439 prophetis
1650 5352 1827 5420 aliud
1871 5372 2012 5420 esse
2055 5350 2314 5435 datum,
2371 5355 2500 5422 nisi
2544 5364 2620 5422 ut

2073 446 2478 515 REDITUS
2520 445 2649 513 AD
2690 444 3235 513 HISTORIAM.

4520 442 4647 510 284

2705 631 2876 719 quod
2918 635 3149 701 statuit
3193 635 3376 701 Deus
3416 632 3863 719 promulgent:
3923 654 3998 700 ac
4041 634 4098 699 si
4142 632 4412 699 diceret:
4464 632 4646 698 Non-

2705 720 2839 786 nisi
2892 721 3087 786 unius
3146 719 3271 786 Dei
3329 730 3431 786 est
3480 721 3827 787 decernere
3883 719 4097 804 qualis
4153 719 4241 784 sit
4302 718 4645 785 hominum

2704 804 3008 872 conditio.
3096 804 3582 873 Benedictionis
3662 826 3820 873 suae
3885 826 3990 872 me
4055 824 4440 889 praeconem
4505 825 4648 871 esse

2704 891 2946 957 voluit:
3006 912 3152 958 eam
3193 892 3401 976 igitur
3444 899 3769 970 evertere,
3832 892 3936 957 vel
3981 900 4368 967 retractare,
4427 911 4648 957 meum

2706 998 2839 1043 non
2880 987 2998 1044 est.
3085 977 3293 1044 Porro
3346 978 3498 1062 quia
3554 997 3897 1061 personam
3958 976 4094 1043 veri
4136 976 4497 1062 prophetae
4539 976 4649 1045 hic

2705 1063 2980 1129 Balaam
3026 1063 3342 1144 sustinet,
3399 1062 3704 1147 colligere
3745 1062 3900 1128 licet
3941 1084 4026 1128 ex
4070 1062 4175 1130 bis
4223 1062 4438 1128 verbis
4456 1112 4474 1140 ,
4517 1082 4650 1128 non

2707 1149 2905 1215 aliam
2956 1149 3202 1233 ligandi
3242 1160 3311 1215 et
3342 1147 3641 1215 solvendi
3674 1157 4065 1232 potestatem
4108 1146 4291 1214 verbi
4325 1148 4652 1215 ministris

2707 1233 2927 1301 datam
2985 1256 3160 1315 esse,
3214 1235 3344 1301 nisi
3397 1244 3471 1301 ut
3523 1234 3807 1301 fideliter
3858 1234 4195 1318 proferant
4242 1233 4315 1298 in
4357 1232 4651 1300 medium

2706 1320 2875 1404 quod
2920 1341 2960 1384 a
3002 1322 3146 1387 Deo
3187 1320 3571 1405 acceperint.

2877 1406 2981 1473 21.
3050 1407 3196 1473 Non
3236 1408 3501 1490 aspexit.
3558 1405 3847 1489 Quidam
3890 1427 4008 1490 per
4054 1417 4149 1495 n&
4185 1413 4254 1471 et
4298 1389 4428 1482 δην
4477 1403 4655 1472 idola

2706 1491 3118 1576 intelligunt,
3185 1514 3351 1577 quae
3410 1493 3577 1557 nibil
3633 1513 3831 1575 quam
3891 1492 4305 1558 mortiferum
4359 1492 4653 1559 laborem

2708 1587 2773 1644 et
2808 1579 3169 1644 molestiam
3215 1578 3502 1645 afferunt
3544 1579 3684 1644 suis
3726 1578 4099 1644 cultoribus.
4157 1580 4257 1645 Ac
4300 1580 4357 1643 si
4402 1577 4654 1644 dictum

2707 1672 2896 1742 esset,
2940 1664 3253 1730 Israelem
3290 1686 3330 1730 a
3374 1663 3615 1730 talibus
3659 1665 3850 1730 noxis
3893 1684 4135 1749 purum
4179 1671 4246 1729 et
4288 1665 4653 1730 immunem

2708 1770 2850 1816 esse
2866 1800 2883 1828 ,
2935 1751 3090 1833 quia
3132 1751 3257 1816 rite
3302 1751 3564 1817 unicum
3607 1748 3829 1816 Deum
3870 1748 4059 1817 colat.
4151 1747 4285 1816 Sed
4329 1747 4653 1833 quomodo

2708 1836 3069 1917 conveniet,
3108 1835 3325 1901 Deum
3368 1855 3503 1900 non
3531 1835 3777 1902 vidisse
3818 1834 4254 1902 idololatriam
4280 1836 4352 1901 in
4395 1834 4655 1919 populo,

2707 1922 2821 2006 qui
2866 1922 3208 1988 manifesto
3252 1923 3321 1986 in
3365 1942 3509 1988 eam
3555 1922 3897 2006 prolapsus
3936 1920 4193 1987 fuerat?
4238 1921 4391 1986 Etsi
4433 1930 4655 1986 autem

2708 2007 2910 2074 semel
2954 2017 3213 2073 tantum
3256 2007 3611 2074 fabricatus
3654 2021 3757 2075 est
3802 2007 4045 2074 vitulus
4062 2060 4077 2086 ,
4138 2006 4385 2073 multae
4433 2016 4657 2071 tamen

2710 2101 2774 2158 et
2817 2093 3286 2177 propemodum
3330 2092 3633 2160 assiduae
3689 2092 4086 2161 defectiones
4141 2114 4275 2159 non
4321 2094 4658 2177 patiuntur

2712 2179 3008 2246 homines
3051 2180 3402 2246 sceleratos
3443 2186 3512 2245 et
3552 2199 3897 2262 perversos
3938 2181 4033 2245 ita
4088 2179 4358 2247 absolvi.
4449 2178 4656 2245 Porro

2711 2286 2912 2349 quum
2990 2264 3155 2331 duae
3232 2267 3397 2333 istae
3462 2286 3653 2331 voces
3726 2266 3922 2331 simul
3988 2264 4373 2333 coniunctae
4437 2265 4656 2330 omnia

2711 2350 3585 2504 }:{::2ttss¹:m..f:3⁶:³...z⁵
3621 2351 4196 2503 uffffiassfflm
4213 2349 4658 2502 tssmh‘i‘ffiffi:

2712 2488 3126 2588 inferendum
3163 2520 3463 2604 tendunt,
3507 2523 3717 2606 aptior
3734 2488 3877 2589 'erit
3910 2543 4161 2603 sensus,
4205 2542 4338 2587 non
4374 2520 4660 2605 conspici

2711 2607 3600 2761 {fiilssilia‘ssmetinsoiffril’fis
3634 2607 4404 2777 ‘itffim‘o'iassnssk
4428 2617 4658 2759 ³3³3:

2713 2780 3003 2932 fflffi
3046 2779 3237 2931 ἓξὲξ
3290 2714 4655 2951 razswfflssxzssiasxzoea

2713 2951 2918 3017 fuisse
2982 2950 3303 3018 meliores.
3391 2952 3620 3018 Dilute
3684 2952 3948 3036 quidam
4015 2973 4121 3018 res
4208 2951 4414 3018 ndent
4429 2998 4446 3028 ,
4525 2971 4655 3017 non

2714 3057 2872 3189 gfins
2919 3037 3033 3188 igii,
3098 3037 3267 3188 qui}
3289 3036 3665 3191 Dougarriion
3706 3038 4011 3189 imtipltlitat.
4161 3058 4276 3188 gel>J
4288 3058 4448 3104 vero
4492 3036 4658 3188 ntidldli

2806 3144 2852 3189 ιι
3012 3143 3433 3190 sverisno
3617 3143 3758 3191 exis
3882 3144 3921 3189 o
4013 3144 4164 3189 uam
4279 3144 4353 3190 eo

2716 3230 2859 3276 esse
2929 3209 3269 3295 populum,
3327 3210 3481 3293 quia
3546 3230 3698 3275 eum
3755 3145 4279 3278 sanctificaverit.
4379 3143 4519 3276 Sgira
4517 3208 4660 3292 quis

2717 3295 3032 3379 excipiat,
3091 3317 3222 3362 non
3278 3296 3427 3362 ideo
3469 3296 3773 3381 protinus
3828 3297 4027 3363 fuisse
4069 3295 4316 3362 iustum
4360 3303 4429 3361 et
4470 3295 4661 3360 inno—

2712 3382 3193 3533 ἕζὲιῐῗέιωᾚ
3235 3380 4662 3553 fflfflpffiffisstsslmnssioegffimdwuffii

2714 3554 2739 3619 i
2820 3574 2893 3621 os
2957 3553 3030 3618 in
3100 3563 3365 3638 gentem
3443 3563 3736 3621 sanctam
3818 3553 4063 3638 eligere
4127 3552 4437 3637 dignatus
4501 3562 4660 3618 erat.

2785 3661 2861 3706 oc
2919 3637 3112 3705 modo
3167 3638 3573 3724 Ierosolyma
3627 3639 3753 3706 fuit
3803 3650 4035 3706 sancta
4090 3639 4327 3706 civitas
4373 3648 4440 3704 et
4481 3638 4663 3723 regia

2720 3725 2836 3791 Dei
2893 3722 3111 3806 sedes,
3165 3746 3371 3809 quum
3413 3735 3630 3792 tamen
3700 3725 4012 3808 spelunca
4079 3738 4251 3792 esset
4305 3724 4660 3805 latronum.

2716 3810 2863 3877 Hac
2946 3812 3202 3877 ratione
3281 3811 3437 3877 dioit
3508 3811 3760 3878 Paulus
3823 3809 4044 3897 (Rom.
4108 3811 4188 3876 11
4206 3859 4223 3891 ,
4306 3809 4414 3898 16)
4495 3809 4665 3876 filios

2714 3896 3026 3963 Abrahae
3069 3917 3210 3964 esse
3253 3904 3516 3965 sanctos
3559 3917 3793 3975 ramos,
3838 3898 3992 3980 quia
4033 3897 4361 3982 progeniti
4401 3897 4538 3963 sint
4578 3916 4664 3961 ex

2716 3981 2936 4049 radice
2970 3991 3216 4049 sancta.
3273 3982 3525 4049 Eodem
3545 4004 3744 4050 sensu
3769 3982 3888 4049 filii
3918 3983 4047 4048 Dei
4073 3983 4320 4068 passim
4347 3992 4665 4049 vocantur

2717 4068 3143 4152 quantumvis
3200 4078 3421 4136 essent
3472 4067 3850 4154 degeneres.
3938 4070 4119 4155 Ergo
4175 4067 4416 4136 dieitur
4480 4070 4664 4139 Deus

2719 4173 2853 4219 non
2907 4155 3238 4238 aspexisse
3285 4156 3355 4221 in
3399 4154 3529 4221 illis
3584 4155 3993 4239 iniquitatem
4010 4204 4028 4237 ,
4083 4154 4450 4239 adoptionis
4505 4173 4665 4220 suae

2718 4248 3049 4322 respectu,
3118 4260 3249 4306 non
3331 4250 3551 4307 autem
3618 4241 3791 4325 quod
3857 4249 3992 4307 tam
4055 4240 4389 4326 praeclaro
4453 4240 4664 4340 elogio

2716 4323 2901 4409 digni
2966 4325 3241 4406 fuerint,
3315 4347 3391 4394 ac
3455 4327 3511 4392 si
3568 4326 3918 4394 discrimen
3974 4326 4152 4393 inter
4206 4347 4320 4392 eos
4374 4337 4443 4393 et
4500 4327 4664 4393 alias

2717 4420 2947 4495 gentes
2989 4419 3422 4493 statueretur,
3483 4433 3613 4478 non
3655 4433 3776 4498 pro
3819 4411 4068 4479 meritis
4083 4463 4101 4492 ,
4150 4411 4265 4479 sed
4312 4432 4489 4479 mero
4537 4412 4662 4478 Dei

2719 4496 3142 4580 beneplacito.
3248 4497 3361 4565 Sic
3418 4498 3666 4565 Paulus
3727 4499 3885 4565 alibi
3949 4509 4292 4583 postquam
4355 4498 4662 4582 gentibus

2717 4601 2829 4649 eos
2874 4583 3178 4666 aequavit
3221 4591 3288 4649 et
3330 4584 3548 4650 docuit
3591 4584 3774 4650 nulla
3813 4586 3888 4650 in
3930 4606 4003 4650 re
4047 4584 4385 4664 excellere,
4426 4583 4662 4649 deinde

2717 4669 2980 4735 subiicit
3020 4667 3239 4755 (Rom.
3283 4670 3358 4749 3,
3422 4668 3518 4757 1):
3579 4669 3766 4753 Quae
3809 4671 4010 4756 igitur
4053 4669 4283 4736 Iudaei
4327 4668 4657 4754 dignitas?

2717 4764 2833 4819 aut
2873 4775 3040 4838 quae
3083 4754 3334 4824 utilitas
3375 4755 3926 4824 circumcisionis?
3981 4756 4250 4841 Magna,
4291 4756 4505 4840 inquit
4547 4776 4661 4839 per

2718 4860 2980 4906 omnem
3058 4840 3361 4908 modum:
3439 4863 3674 4926 nempe
3750 4843 3900 4927 quia
3963 4852 4189 4908 notam
4252 4839 4661 4908 discretionis

2717 4936 2905 4991 extra
2967 4926 3141 5009 ipsos
3195 4928 3467 5012 quaerit.
3558 4929 3859 5013 Denique
3914 4928 4069 5012 quia
4120 4929 4263 4994 Deo
4326 4927 4660 5012 placuerat

2716 5012 2958 5095 eligere
2998 5013 3316 5096 populum
3359 5014 3579 5092 illum,
3635 5036 3704 5083 se
3749 5017 3968 5099 ipsum
4009 5016 4226 5098 potius
4269 5022 4337 5079 et
4376 5014 4656 5099 gratiam

2719 5117 2931 5249 tsnudsss
2949 5117 3188 5248 αιέοιέι
3214 5111 3654 5201 prosequutus
3696 5111 3826 5201 est,
3885 5120 4080 5251 qulam
4123 5100 4300 5250 illius
4344 5101 4553 5252 νίιῧαι
4593 5109 4658 5166 et

2721 5205 3205 5420 9⁰⁰hssssigoe·
3219 5206 3965 5424 qiffiqsgtssttgffilpdgiue
4000 5206 4657 5424 &gei-‘'eozngldlesgffi

2717 5376 2789 5419 m
3037 5374 3054 5419 ε
3098 5377 3251 5440 qma
3285 5380 3494 5443 perun
3592 5379 3664 5424 re
3707 5378 3793 5425 no
3915 5378 4066 5424 eum
4110 5379 4285 5425 mms
4394 5377 4656 5443 gravari
