5017 6142
538 457 664 525 123

532 638 1067 722 sanctificabisque
1128 636 1328 702 altare
1344 685 1359 714 ,
1424 639 1480 701 et
1541 634 1660 699 erit
1722 633 1921 699 altare
1983 639 2461 701 sacrosanctum.

537 729 638 793 11.
698 725 897 808 Unqes
938 724 1128 790 etiam
1168 721 1455 788 concham
1496 724 1552 785 ct
1584 719 1786 817 basim
1827 719 1983 798 eius,
2027 719 2467 818 sanctificabis-

532 809 1099 979 ῗῃὲἷὲἲὲωιὲὰ
1131 805 2469 990 itwugpssfflmmmmm

531 985 747 1067 bisque
789 1001 890 1047 eos
931 1000 1114 1063 aqua.
1208 978 1306 1044 13.
1358 976 1447 1042 Et
1488 977 1747 1043 induere
1785 976 1984 1058 facies
2025 976 2291 1042 Aharon
2332 996 2464 1040 ves-

532 1074 622 1135 tes
674 1072 950 1141 sanctas,
1007 1083 1312 1148 unyesque
1352 1082 1523 1138 eum,
1584 1067 1641 1127 et
1693 1061 2114 1143 sanctificabis
2163 1081 2338 1144 eum,
2396 1066 2467 1126 ut

530 1153 870 1222 sacerdotio
898 1152 975 1234 fu
1055 1155 1202 1215 atur
1235 1148 1412 1215 mihi.
1505 1146 1605 1213 14.
1645 1146 1856 1212 Filios
1889 1168 2127 1231 quoque
2168 1149 2304 1212 eius
2347 1167 2464 1228 ap·

520 1240 956 1323 propinquare
1016 1237 1197 1314 acies,
1241 1239 1297 1301 et
1329 1235 1553 1300 indues
1595 1253 1695 1299 eos
1739 1234 1989 1299 tunicis.
2082 1232 2180 1298 15.
2243 1232 2467 1316 Unqes-

531 1347 648 1409 que
702 1323 876 1399 illos,
932 1321 1447 1404 quemadmodum
1502 1318 1762 1384 unxeris
1808 1324 2055 1400 patrem
2112 1339 2350 1385 eorum:
2412 1323 2466 1383 et

530 1410 865 1478 sacerdotio
904 1409 1244 1492 funqentur
1287 1405 1447 1471 milii
1462 1455 1476 1484 ‚
1520 1405 1755 1486 eritque
1797 1405 2005 1470 unctio
2036 1424 2249 1470 weorum
2281 1410 2350 1469 ut
2383 1405 2467 1469 sit

530 1498 624 1563 eis
678 1497 750 1560 in
803 1494 1215 1560 sacerdotium
1251 1495 1619 1574 perpetuum
1666 1510 1787 1572 per
1831 1492 2252 1573 qenerationes
2292 1510 2463 1555 suas.

536 1582 636 1648 16.
681 1579 862 1646 Fecit
903 1600 1045 1663 erqo
1081 1577 1291 1644 Moses
1335 1578 1517 1642 iuxta
1560 1576 1769 1642 omnia
1826 1596 1945 1658 que
1998 1576 2100 1641 illi
2144 1595 2466 1659 praecepe-

528 1673 634 1734 rat
677 1665 925 1747 Iehova,
959 1666 1052 1731 sic
1090 1664 1252 1747 fecit.
1346 1664 1443 1728 17.
1484 1660 1571 1727 Et
1608 1661 1842 1743 factum
1874 1665 1963 1727 est
1999 1682 2204 1727 mense
2236 1660 2466 1743 primo,

530 1773 698 1819 anno
739 1752 1000 1817 secundo
1031 1750 1253 1831 prima
1294 1749 1528 1814 mevi-sis
1545 1799 1559 1823 ,
1605 1752 1904 1813 errectum
1943 1747 2068 1828 fuit
2107 1747 2465 1813 tabernacu-

529 1838 680 1905 lum.
773 1837 872 1903 18.
918 1835 1144 1902 Erexit
1186 1836 1383 1918 i9itur
1426 1833 1638 1899 Moses
1678 1832 2170 1913 tabernaculum,
2222 1832 2468 1915 posuit-

530 1946 648 2007 que
704 1924 884 1988 bases
937 1923 1107 2001 eim,
1167 1919 2468 1998 ettabulaseiuS,etvecteseius·‚atque

530 2011 726 2077 erexit
778 2009 1099 2074 columnas
1156 2008 1311 2072 eius.
1404 2005 1503 2071 19.
1564 2004 1866 2070 Extendit
1916 2009 2240 2085 praeterea
2282 2008 2466 2069 tento-

529 2097 704 2160 rium
744 2114 935 2176 super
977 2090 1468 2170 tabernaculum,
1516 2096 1575 2155 et
1604 2091 1827 2170 posuit
1868 2092 2312 2171 operimentum
2346 2094 2468 2154 ten-

529 2181 678 2246 torii
729 2200 918 2262 super
972 2177 1138 2245 illud
1179 2197 1445 2260 superne
1461 2225 1476 2253 ‚
1520 2175 2033 2258 quemadmodum
2064 2180 2470 2257 praeceperat

532 2266 763 2332 Iehova
820 2264 1014 2330 Masi.
1104 2264 1205 2329 20.
1264 2262 1552 2344 Tulitque
1594 2266 1650 2327 et
1680 2263 1898 2343 posuit
1940 2263 2353 2327 testimonium
2394 2262 2465 2326 in

532 2372 685 2418 arca
720 2352 885 2433 ipsa,
915 2351 1134 2432 posuit
1154 2369 1390 2432 quoque
1431 2353 1621 2415 vectes
1661 2368 1853 2428 super
1888 2368 2119 2426 arcam,
2166 2351 2220 2412 et
2243 2348 2462 2428 propi-

528 2437 855 2503 tiatorium
875 2457 1064 2519 super
1085 2456 1300 2502 arcam
1319 2454 1604 2517 superne.
1630 2433 1731 2499 21.
1755 2433 2137 2515 Induxitque
2158 2452 2373 2498 arcam
2396 2434 2465 2496 in

528 2522 1008 2598 tabernaculum,
1044 2522 1374 2604 posuitque
1413 2520 1614 2585 velum
1657 2520 1918 2593 tentorii,
1965 2525 2023 2584 et
2063 2520 2211 2585 texit
2251 2538 2466 2585 arcam

529 2608 882 2675 testimonii.
917 2606 1430 2689 quemadmodum
1440 2610 1846 2686 praeceperat
1867 2604 2094 2670 Iehova
2116 2606 2247 2688 ipsi
2269 2603 2460 2670 Mosi.

531 2694 635 2761 22.
687 2693 908 2759 Posuit
951 2697 1008 2757 et
1047 2712 1324 2757 mensam
1368 2693 1438 2756 in
1481 2691 1876 2757 tabernaculo
1917 2691 2332 2757 conventionis
2379 2690 2466 2756 ad

530 2781 703 2846 latus
743 2777 1124 2845 tabernaculi
1165 2778 1253 2843 ad
1293 2776 1642 2859 aquilonem
1685 2781 1859 2841 extra
1902 2776 2118 2842 velum.
2207 2776 2310 2842 23.
2378 2774 2467 2840 Et

534 2865 851 2931 ordinavit
903 2884 1093 2947 super
1144 2883 1285 2930 eam
1342 2863 1792 2928 ordinationem
1824 2882 2073 2942 panum
2115 2882 2324 2928 coram
2368 2861 2464 2926 Ie-

531 2950 689 3016 hova
707 3000 722 3028 ,
787 2949 1302 3032 quemadmodum
1349 2953 1752 3030 praeceperat
1799 2947 2028 3014 Ielzova
2086 2948 2215 3030 ipsi
2273 2946 2462 3015 Masi.

534 3036 636 3101 24.
681 3035 1019 3118 Posuitque
1051 3034 1490 3101 candelabrum
1522 3035 1593 3098 in
1627 3034 2014 3099 tabernaculo
2056 3033 2468 3100 conventionis

531 3143 611 3187 ex
662 3122 921 3187 adverso
976 3122 1045 3186 in
1092 3120 1291 3186 ‘latere
1346 3120 1727 3185 tabernaculi
1783 3121 1869 3185 ad
1934 3120 2272 3186 meridiem.
2360 3117 2465 3183 25.

532 3206 622 3274 Et
684 3207 956 3273 accendit
1020 3207 1309 3272 lucernas
1363 3225 1573 3272 coram
1623 3205 1859 3271 Iehova
1872 3255 1887 3283 ‚
1953 3204 2468 3286 quemadmodum

522 3298 930 3377 praeceperat
986 3292 1218 3357 Iehova
1276 3292 1407 3371 ipsi
1455 3289 1646 3357 Mosi.
1733 3292 1835 3357 26.
1886 3290 2109 3357 Posuit
2148 3292 2335 3356 etiam
2378 3289 2469 3354 al-

534 3384 669 3444 tare
729 3398 992 3444 aureum
1047 3378 1118 3442 in
1607 3379 2018 3443 conventionis
2057 3397 2267 3442 coram
2307 3375 2470 3440 velo.-

533 3465 640 3529 27.
699 3463 789 3528 Et
844 3464 1117 3529 incendit
1161 3483 1352 3543 super
1392 3462 1556 3528 illud
1596 3462 2017 3544 suffimentum
2061 3463 2469 3528 aromaticum

533 3550 1047 3633 quemadmodum
1069 3554 1473 3632 praeceperat
1509 3547 1738 3613 Iehova
1772 3550 1903 3628 ipsi
1925 3547 2116 3614 Mosi.
2204 3549 2305 3614 28.
2350 3546 2465 3611 Po-

532 3637 663 3701 suit
695 3641 1021 3719 praeterea
1078 3633 1371 3700 aulaeum
1426 3634 1571 3699 ostii
1613 3632 2009 3699 tabernaculi.
2097 3634 2200 3701 29.
2248 3633 2338 3699 Et
2379 3631 2469 3697 al·

534 3726 673 3787 tare
715 3720 1056 3787 holocausti
1082 3720 1300 3801 posuit
1337 3719 1424 3784 ad
1465 3719 1693 3784 ostium
1735 3718 2140 3800 tabernaculi,
2183 3719 2466 3785 taberna-

533 3805 661 3872 culi
694 3806 1136 3873 conventionis.-
1192 3809 1246 3869 et
1288 3803 1506 3869 obtulit
1545 3825 1734 3886 super
1776 3805 1885 3872 illo
1926 3804 2363 3883 holocaustum,
2408 3809 2466 3868 et

533 3893 833 3971 mintium,
879 3890 1392 3972 quemadmodum
1423 3895 1824 3972 praeceperat
1850 3890 2083 3957 Ich-ova
2116 3892 2248 3972 ipsi
2270 3889 2462 3954 Mosi.

534 3978 638 4045 30.
685 3977 775 4043 Et
813 3976 1032 4058 posuit
1075 3974 1362 4041 concham
1416 3976 1578 4041 inter
1631 3975 2091 4042 taber-naculum
2133 3975 2465 4043 conventio-

534 4066 641 4128 nis
675 4068 729 4127 et
762 4063 979 4141 altare,
1013 4063 1085 4125 in
1118 4081 1247 4142 qua
1269 4061 1488 4143 posuit
1520 4082 1755 4144 aquam
1788 4063 1873 4127 ad
1916 4062 2273 4143 lavandum.
2359 4061 2462 4127 31.

535 4148 626 4214 Et
680 4148 970 4213 lavabant
1010 4167 1088 4212 ex
1130 4168 1206 4210 ea
1250 4145 1462 4212 Moses
1503 4152 1560 4211 et
1602 4147 1863 4212 Aharon
1896 4152 1952 4213 et
1989 4148 2115 4229 filii
2156 4149 2293 4213 eius
2334 4168 2467 4213 ma-

535 4254 659 4298 nus
714 4254 869 4298 suas
919 4238 974 4297 et
1016 4233 1207 4313 pedes
1254 4252 1416 4298 suos.
1505 4232 1608 4298 32.
1660 4234 1920 4314 Quando
1964 4233 2468 4316 inqrediebantur

533 4317 1001 4384 tabernaculum
1052 4319 1493 4396 conventionis,
1553 4323 1608 4383 et
1660 4319 1910 4400 quando
1966 4319 2326 4386 accedebant
2377 4319 2464 4385 ad

534 4404 751 4482 altare,
786 4403 1076 4469 lavabant
1109 4424 1191 4479 se,
1227 4405 1385 4468 sicut
1411 4410 1814 4486 praeceperat
1849 4404 2077 4470 Ieliova
2112 4406 2241 4487 ipsi
2279 4404 2466 4470 Mosi.

535 4489 636 4554 33.
687 4489 1001 4554 Postremo
1055 4487 1249 4554 erexit
1289 4490 1527 4554 atrium
1570 4492 1638 4555 in
1679 4491 1947 4555 circuitu
1987 4491 2369 4557 tabernaculi
2413 4495 2468 4553 et

535 4575 763 4641 altaris
784 4625 798 4651 ,
848 4577 1179 4657 posuitque
1239 4576 1534 4640 aulaeum
1566 4582 1787 4656 portae
1838 4577 2009 4641 atrii.
2101 4576 2323 4659 Itaque
2364 4576 2470 4640 ab·

531 4660 718 4725 solvit
775 4659 984 4726 Moses
1034 4680 1191 4742 opus
1241 4661 1469 4742 ipsum.
1555 4661 1658 4727 34.
1720 4661 1807 4725 Et
1862 4662 2105 4742 operuit
2144 4661 2338 4727 nubes
2379 4666 2470 4726 ta-

531 4746 934 4813 bernaculum
966 4747 1396 4825 conventionis,
1428 4747 1752 4831 qloriaque
1789 4747 2051 4812 Iehovae
2086 4747 2347 4829 replevit
2380 4751 2473 4811 ta-

530 4831 952 4901 bernaculum.
1042 4831 1144 4897 35.
1197 4830 1409 4913 Neque
1440 4839 1686 4915 poterat
1730 4832 1942 4899 Moses
1982 4834 2233 4915 inqredi
2276 4831 2472 4898 taber·

531 4919 828 4984 naculum
864 4918 1291 4995 conventionis‚
1336 4920 1491 4999 quia
1511 4917 1825 4985 habitabat
1845 4938 2039 5000 super
2059 4918 2219 4985 illud
2261 4917 2471 4996 nubes,

531 5009 587 5068 et
624 5005 832 5089 qloria
877 5004 1141 5070 Iebovae
1182 5003 1449 5085 replebat
1490 5004 1968 5071 tabernaculum.

1939 445 2344 514 REDl'rUS
2389 444 2521 513 AD
2566 446 3109 515 HISTORIAM.

4387 448 4513 514 124

3186 635 3321 701 Ex
3364 635 3718 704 NUMER.
3764 636 3891 703 IX.

2744 807 2843 873 15.
2918 808 3051 890 Quo
3104 807 3207 873 die
3264 811 3526 875 emaum
3587 807 3713 889 fuit
3755 806 4221 875 tabernaculum
4262 812 4508 892 operuit

2569 892 2761 958 nuboe
2817 893 3280 959 tabernaculum
3335 914 3537 975 supra
3591 897 3810 960 tectum
3858 895 4220 960 testimonii.-
4261 915 4507 979 vespere

2571 983 2779 1044 autem
2811 984 2946 1044 erat
2977 1000 3165 1061 super
3205 978 3674 1045 tabernaculum
3716 984 4017 1061 tanquam
4060 982 4293 1061 species
4333 983 4506 1064 iynis

2567 1084 2765 1145 usque
2806 1084 3005 1131 mane.
3078 1065 3177 1130 16.
3227 1063 3341 1130 Sic
3382 1070 3516 1130 erat
3549 1065 3811 1147 iuqiter:
3851 1066 4043 1131 nubes
4084 1067 4388 1150 operiebat
4431 1066 4508 1134 d-

2570 1149 2700 1223 lud,
2743 1154 2800 1215 et
2842 1150 3073 1233 species
3113 1151 3283 1234 iqnis
3324 1155 3519 1216 noctu.

2747 1319 2807 1384 2.
2844 1319 2974 1386 Die
3007 1321 3242 1386 mensis
3273 1321 3477 1400 primi
3515 1322 3729 1402 prima
3770 1322 4062 1387 eiusdem.
4149 1321 4344 1403 Quod
4388 1342 4506 1387 ex-

2571 1405 2871 1470 istimant
2931 1408 3327 1489 interpretes
3385 1405 3547 1470 mihi
3603 1428 3735 1472 non
3777 1417 3880 1472 est
3923 1406 4286 1489 probabile,
4349 1418 4512 1475 tunc

2574 1489 2819 1556 scilicet
2864 1493 3126 1558 tandem
3184 1503 3474 1557 erectum
3518 1492 3717 1558 fuisse
3762 1493 4274 1559 tabernaculum.
4358 1493 4508 1561 Iam

2573 1589 2923 1659 antequam
2997 1577 3282 1643 secundo
3338 1577 3719 1644 ascenderet
3789 1577 4011 1643 Moses
4075 1581 4144 1643 in
4191 1591 4504 1655 montem,

2572 1663 2709 1727 suis
2753 1662 3048 1744 partibus
3088 1662 3457 1728 absolutum
3501 1664 3721 1744 fuisse,
3764 1661 3917 1728 inde
3960 1664 4290 1748 colligitur
4331 1661 4506 1747 quod

2572 1767 2725 1813 arca
2768 1760 2925 1814 tunc
2977 1762 3206 1831 parata
3265 1760 3407 1812 erat
3447 1748 3516 1812 in
3562 1770 3690 1831 qua
3734 1749 4052 1832 repositae
4094 1748 4366 1814 fuerunt
4405 1760 4507 1816 τε·

2573 1832 2795 1899 bulae:
2834 1834 3028 1899 sicuti
3061 1832 3426 1899 videbimus
3461 1834 3529 1897 in
3564 1844 3893 1900 contextu.
3961 1835 4170 1900 Porro
4201 1835 4361 1901 alibi
4395 1836 4507 1901 fir·

2572 1919 2697 1984 mis
2731 1917 2835 2005 (ut
2867 1918 3174 2006 arbitror)
3210 1919 3574 1985 rationibus
3604 1932 3936 1985 ostensum
3971 1919 4100 1984 fuit
4133 1923 4203 1985 in
4240 1922 4506 2005 sig-num

2573 2003 2834 2072 divortii
2872 2015 3059 2070 extra
3094 2020 3310 2071 eastra
3343 2006 3542 2070 fuisse
3579 2006 3883 2080 locatum,
3929 2026 4010 2070 ex
4054 2028 4194 2089 quo·
4223 2006 4505 2089 populus

2572 2090 2855 2156 vitulum
2889 2092 3012 2156 sibi
3052 2090 3499 2156 fabricaverat.
3582 2089 3757 2172 Quid
3793 2112 3948 2174 ergo
3986 2091 4109 2156 sibi
4146 2093 4292 2158 vult
4323 2112 4506 2158 erec·

2571 2176 2662 2242 tio
2701 2176 2784 2241 de
2820 2197 2948 2258 qna
2991 2197 3168 2242 nunc
3211 2175 3472 2259 agitur?
3541 2197 3776 2260 nempe
3813 2177 4049 2243 dicitur
4087 2179 4289 2243 fuisse
4333 2199 4507 2244 erec-

2571 2270 2710 2326 tum
2732 2312 2747 2340 ,
2809 2262 2920 2327 ubi
2966 2283 3005 2327 a
3047 2262 3185 2326 loco
3232 2261 3444 2327 alieno
3489 2262 3570 2328 ad
3615 2283 3802 2328 suam
3845 2264 4200 2328 stationem
4242 2262 4505 2329 traduc-

2571 2356 2717 2410 tum
2761 2358 2876 2412 est.
2951 2347 3122 2412 Nam
3167 2356 3234 2411 et
3277 2360 3435 2414 tunc
3481 2358 3752 2414 unctum
3795 2347 3938 2426 fuit,
3985 2359 4051 2413 et
4090 2350 4292 2414 sacris
4326 2348 4505 2415 obla-

2573 2432 2862 2497 tionibus
2917 2443 3252 2497 ornatum:
3312 2432 3546 2499 deinde
3605 2433 3877 2498 Aharon
3918 2445 3987 2498 et
4030 2436 4171 2499 eius
4218 2434 4335 2499 filii
4376 2436 4505 2500 ini-

2573 2518 2722 2583 tiati
2742 2518 3010 2583 fuerunt
3032 2517 3116 2583 ad
3150 2517 3523 2583 obeundum
3561 2519 3961 2585 sacerdotale
3996 2540 4255 2585 munus.
4324 2519 4504 2600 Quo·

2572 2605 2748 2668 niam
2808 2604 3011 2687 igitur
3065 2604 3358 2669 nondum
3401 2606 3526 2669 rite
3570 2604 3855 2670 locatum
3897 2604 4113 2671 fuerat
4156 2606 4226 2670 in
4276 2605 4506 2672 mediis

2572 2689 2835 2766 castris,
2893 2689 3026 2754 imo
3084 2691 3301 2772 potius
3356 2691 3647 2755 ablatum
3699 2690 3942 2773 populo
4003 2712 4087 2755 ne
4145 2691 4257 2756 illo
4318 2712 4504 2775 prae·

2573 2775 2824 2840 sentiae
2882 2775 3009 2841 Dei
3065 2776 3342 2859 pignore
3385 2776 3746 2855 frueretur,
3809 2778 4044 2840 merito
4085 2786 4236 2858 post
4277 2775 4504 2842 foedus

2570 2872 2957 2926 renovatum
3022 2861 3388 2927 celebratur
3434 2863 3724 2927 solennis
3767 2861 3908 2927 eius
3952 2860 4286 2928 dedicatio.
4374 2862 4506 2929 Hic

2574 2947 2770 3010 etiam
2822 2945 3003 3011 locus
3066 2948 3409 3012 confirmat
3465 2948 3635 3030 quod
3682 2946 3835 3012 alibi
3879 2946 4086 3027 docui,
4131 2945 4304 3014 idem
4339 2946 4504 3014 illud

2572 3031 2773 3097 fuisse
2839 3030 3329 3098 tabernaculum
3402 3033 3574 3115 quod
3641 3032 3921 3098 tetendit
3984 3033 4204 3099 Moses
4278 3034 4505 3118 procul

2573 3140 2614 3183 a
2670 3119 2918 3183 castris.
3009 3118 3181 3183 Nam
3236 3119 3570 3202 epitheton
3630 3117 3993 3202 adiungens
4051 3119 4237 3203 quasi
4295 3117 4375 3184 de
4434 3140 4506 3186 re

2572 3216 2731 3268 nota
2803 3203 3110 3286 loquitur.
3200 3203 3302 3269 'ru
3371 3206 3616 3288 eriges,
3691 3205 3923 3287 inquit,
3986 3205 4505 3286 tabernaculum,

2573 3309 2807 3370 nempe
2874 3289 3366 3356 tabernaculum
3434 3290 3903 3357 conventionis.
4019 3290 4112 3354 Et
4167 3291 4296 3355 iam
4353 3304 4506 3357 ante

2572 3373 2948 3457 impositum
3005 3375 3207 3441 fuisse
3261 3395 3502 3440 nomen
3566 3397 3650 3441 ex
3707 3396 3819 3441 ore
3877 3375 4005 3440 Dei
4060 3382 4337 3442 testatus
4408 3385 4509 3443 est

2574 3459 2792 3525 Moses
2849 3461 3008 3543 ipse.
3110 3460 3319 3526 Porro
3380 3461 3609 3526 eadem
3664 3460 3975 3526 mandata
4031 3462 4301 3545 repetit:
4372 3483 4506 3529 non

2571 3543 2744 3628 quod
2802 3546 2979 3612 servi
3036 3547 3137 3612 sui
3194 3548 3545 3612 memoriae
3594 3546 3952 3612 diffideret:
3989 3547 4106 3612 sed
4149 3558 4228 3611 ut
4269 3547 4507 3615 melius

2571 3630 2882 3714 liqueret,
2952 3653 3154 3697 unum
3210 3634 3428 3717 ipsum
3487 3654 3628 3698 esse
3672 3632 3874 3698 totius
3915 3634 4128 3715 operis
4172 3642 4495 3699 autorem:

2572 3716 2806 3781 deinde
2843 3724 2917 3782 ut
2951 3719 3156 3782 maior
3191 3720 3434 3783 inesset
3477 3719 3735 3801 religio:
3781 3718 4043 3801 qnando
4085 3719 4281 3783 toties
4323 3721 4505 3802 quasi

2573 3802 2655 3867 de
2713 3802 2905 3869 rebus
2960 3805 3229 3868 maximi
3287 3804 3597 3888 ponderis
3642 3804 3951 3888 dignatus
4004 3804 4219 3870 fuerat
4260 3806 4509 3887 praeci·

2572 3908 2748 3972 pere.

2745 3974 2806 4039 9.
2859 3974 3037 4041 Tunc
3088 3976 3218 4042 acc'
3265 3976 3354 4041 ies
3405 3976 3602 4042 oleum
3654 3975 3979 4040 unctionis.
4065 3975 4150 4040 In
4207 3975 4348 4041 oleo
4389 3976 4509 4044 vis

2574 4072 2641 4123 et
2674 4058 2953 4126 facultas
2989 4062 3198 4127 sancti
3248 4061 3440 4127 candi
3483 4061 3752 4125 minime
3795 4060 3951 4139 fuit,
4011 4061 4135 4125 nisi
4188 4072 4509 4144 quatenus

2572 4145 2697 4209 fuit
2752 4145 3022 4227 spiritns
3081 4148 3312 4230 figura,
3358 4169 3397 4210 a
3438 4168 3563 4229 quo
3609 4162 3916 4228 tanquam
3965 4146 4046 4211 ab
4087 4147 4284 4212 unico
4327 4147 4511 4214 fonte

2570 4230 2718 4295 fluit
2775 4233 2987 4298 omnis
3023 4230 3359 4298 sanctitas.
3423 4232 3664 4297 Oleum
3708 4240 3904 4312 certe,
3950 4243 4026 4296 ut
4068 4233 4508 4315 corruptibilis

2570 4328 2671 4380 est
2704 4315 2933 4398 liquor,
2977 4339 3188 4400 neque
3223 4319 3293 4383 in
3338 4320 3591 4383 animas
3637 4328 3952 4399 penetrat,
3998 4338 4117 4384 nec
4157 4318 4509 4401 quidquam

2572 4422 2691 4484 per
2746 4422 2815 4467 se
2872 4403 3210 4485 prodesset
3268 4404 3351 4468 ad
3407 4403 3814 4487 spiritualem
3872 4403 3995 4468 Dei
4042 4402 4313 4470 cultum.
4404 4405 4511 4470 Ex

2572 4486 2801 4552 multis
2844 4495 3065 4555 autem
3108 4488 3468 4574 scripturae
3510 4488 3667 4555 locis
3709 4497 3969 4554 constat
4010 4488 4378 4574 symbolum
4412 4493 4511 4556 fu·

2574 4573 2704 4638 isse
2749 4573 3067 4639 donorum
3112 4574 3407 4640 omnium
3451 4574 3741 4657 spiritus.
3824 4574 4009 4640 Haec
4052 4574 4255 4658 igitur
4298 4577 4512 4660 figura

2576 4659 2749 4722 clare
2802 4658 3089 4724 ostendit
3147 4659 3314 4725 nihil
3364 4661 3503 4726 Deo
3547 4661 3833 4743 placere,
3891 4659 4061 4725 nihil
4104 4680 4326 4726 coram
4369 4664 4510 4745 ipso

2577 4764 2721 4809 esse
2771 4766 3006 4827 purum
3056 4746 3160 4811 vel
3205 4758 3522 4823 sanctum,
3571 4747 3696 4811 nisi
3744 4745 3915 4828 quod
3959 4745 4227 4828 spiritus
4263 4747 4509 4814 virtute

2579 4841 2647 4894 et
2687 4830 2904 4913 gratia
2948 4840 3297 4915 purgatum
3342 4845 3407 4897 et
3450 4834 3573 4897 rite
3619 4831 3904 4898 dicatum
3949 4831 4162 4897 fuerit.
4254 4832 4509 4899 Deinde

2581 4916 2846 4999 singula
2886 4919 3243 4983 sanctuarii
3287 4938 3459 5015 vasa„
3482 4919 3770 4983 eximere
3813 4935 3999 4982 sacra
4041 4918 4351 4983 unctione
4393 4940 4504 4984 vo·

2580 5000 2708 5065 luit
2766 5002 2948 5068 Deus
3006 5025 3047 5067 a
3101 5004 3432 5069 communi
3486 5024 3637 5069 usu:
3700 5014 3777 5067 ut
3818 5002 4262 5070 discernerent
4299 5003 4506 5070 Israe-

2581 5085 2736 5151 litae
2785 5109 2973 5153 sacra
3026 5110 3065 5152 a
3120 5091 3436 5172 profanis,
3495 5100 3689 5172 atque
3743 5089 3837 5153 ita
3891 5090 4132 5154 iustam
4198 5110 4507 5156 reveren·

2583 5172 2741 5236 tiam
2812 5172 3135 5239 obtineret
3205 5175 3334 5241 Dei
3390 5175 3635 5253 cultus,
3708 5195 3827 5240 nec
3893 5175 4238 5258 quisquam
4291 5176 4508 5241 carnis

2583 5257 2974 5340 pollutiones
3028 5261 3363 5345 ingereret
3418 5263 3488 5325 in
3547 5282 3696 5325 eum
3749 5259 3982 5339 locum,
4027 5260 4211 5327 cuius
4256 5262 4506 5346 puritas

2584 5363 2770 5409 sacro
2814 5346 3107 5431 symbolo
3164 5347 3618 5414 commendata
3670 5347 3902 5413 fuerat.
3990 5344 4348 5427 Quaeritur
4405 5360 4506 5414 ta-
