5017 6142
528 447 671 515 ‘223

1438 515 1445 527 a

542 637 715 707 Nam
759 655 959 719 quum
1006 631 1308 699 recedere
1352 630 1435 697 ab
1493 630 1514 695 i
1561 633 1651 697 sis
1693 631 1891 711 iubet,
1934 631 2194 713 oblique
2228 629 2479 714 signifi-

543 734 666 803 cat,
706 722 763 789 si
797 727 1108 787 maneant
1147 716 1474 803 permixti,
1547 738 1659 781 ore
1702 717 1990 785 eiusdem
2027 717 2478 783 interitusso-

543 810 695 877 cios.
761 802 1109 872 Probabile
1143 811 1361 867 autem
1385 812 1485 869 est
1513 803 1801 870 seniores
1825 804 1935 885 qui
1958 801 2192 869 Mosen
2215 800 2474 883 sequuti

546 905 722 970 sunt,
755 891 1013 958 stetisse
1045 888 1128 956 ab
1151 889 1291 953 eius
1316 888 1627 970 partibus,
1674 896 1740 952 et
1762 906 2217 970 perseverasse
2239 887 2306 949 in
2329 884 2475 951 offi-

547 981 664 1049 cio.
752 977 841 1043 Et
907 985 1081 1041 certe
1138 973 1407 1038 minime
1462 980 1975 1039 consentaneum
2018 984 2119 1039 est
2162 968 2365 1036 Caleb
2408 978 2477 1036 et

547 1066 756 1141 Iosue,
793 1071 861 1128 et
881 1060 1128 1129 similes
1163 1078 1449 1141 unquam
1475 1056 1557 1124 ad
1592 1067 1859 1123 tantum
1890 1057 2102 1127 scelus
2124 1057 2325 1123 fuisse
2360 1056 2474 1121 ad-

548 1146 796 1221 ductos.
863 1146 1093 1229 Itaque
1136 1165 1265 1210 non
1311 1144 1451 1211 sine
1486 1144 1863 1227 exceptione
1906 1143 2197 1225 accipere
2237 1162 2474 1208 conve-

548 1237 650 1303 nit
690 1232 859 1317 quod
920 1231 1000 1297 de
1052 1238 1192 1297 tota
1244 1228 1746 1313 congregatione
1789 1227 2035 1295 dietum
2077 1238 2194 1295 est.
2282 1224 2477 1307 Quod

549 1330 772 1391 autem
822 1318 1041 1385 Moses
1098 1314 1226 1381 Dei
1285 1313 1669 1379 mandatum
1734 1313 2069 1396 perferens
2133 1333 2267 1377 non
2327 1322 2471 1379 tan-

549 1414 695 1472 tum
751 1401 1037 1487 propriis
1089 1399 1460 1499 nominibus
1518 1398 1803 1483 appellat
1845 1397 2048 1478 Core,
2095 1397 2363 1469 Dathan
2407 1406 2489 1463 et-

551 1489 853 1566 Abiram,
906 1485 1020 1555 sed
1064 1494 1256 1551 vocat
1295 1484 1531 1567 impios
1566 1484 1899 1560 homines,
1941 1504 2075 1553 non
2112 1483 2473 1549 convicium

553 1588 654 1643 est
696 1573 981 1641 hominis
1024 1573 1204 1650 irati,
1249 1569 1365 1636 sed
1406 1569 1708 1649 stimulus
1749 1568 2254 1637 exhortationis:
2320 1568 2487 1667 quia.

547 1661 675 1731 nisi
718 1658 842 1727 hac
884 1656 1297 1725 vehementia
1348 1655 1583 1721 fuisset
1627 1675 1737 1721 eos
1781 1654 2170 1731 detestatus,
2216 1672 2473 1736 peneus

549 1746 688 1815 lum
732 1750 875 1813 erat
918 1765 1001 1809 ne
1042 1740 1344 1826 frigidius
1401 1748 1672 1824 excepta
1722 1760 1761 1807 a
1802 1740 2028 1805 multis
2093 1740 2232 1805 eius
2275 1739 2474 1807 verba

550 1850 783 1917 parum
840 1827 1236 1913 prodessent.
1323 1825 1476 1891 Huc
1532 1827 1739 1892 etiam.
1781 1826 2067 1909 pertinet
2106 1822 2275 1906 quod
2319 1844 2477 1890 mox

552 1915 761 1982 addit:
797 1913 898 1979 Ne
935 1913 1212 1996 pereatis
1234 1912 1309 1977 in
1342 1911 1642 1981 omnibus
1678 1911 1961 1995 peccatis
1996 1929 2254 1977 eorum:
2285 1908 2475 1992 quasi

550 1999 855 2067 dixisset:
914 1999 1015 2063 Ne
1075 2018 1189 2063 vos
1241 1997 1542 2079 inquinet
1604 2007 1701 2061 tot
1754 2004 2220 2079 tantorumque
2272 1994 2474 2062 scele-

547 2107 699 2153 rum
740 2084 1056 2168 contagio.
1123 2078 1313 2164 Quod
1358 2082 1530 2151 Mosi
1575 2088 1955 2165 paruerunt,
1992 2088 2262 2164 apparet
2304 2077 2475 2144 mul-

548 2182 651 2238 tos
685 2172 753 2237 in
778 2169 969 2236 turba
1008 2179 1159 2235 ante
1193 2167 1473 2235 stultitia
1505 2178 1574 2233 et
1603 2167 1870 2235 levitate
1905 2164 2108 2232 fuisse
2141 2166 2476 2249 abreptos:

549 2257 701 2342 quia
745 2255 1101 2321 deliberata
1153 2251 1533 2337 improbitas
1592 2273 1725 2318 non
1768 2262 1904 2317 tam
1949 2251 2081 2316 cito
2127 2271 2249 2317 nec
2291 2250 2478 2316 facile

546 2343 783 2409 fuisset
836 2350 1145 2407 correcta.
1235 2338 1485 2406 Contra
1541 2346 1763 2406 autem
1810 2336 2015 2403 mirus
2071 2345 2299 2421 stupor
2338 2336 2474 2401 Da-

547 2428 712 2494 than
757 2437 823 2491 et
866 2427 1138 2492 Abiram
1185 2422 1591 2501 describitur,
1655 2422 1827 2507 quod
1863 2443 2088 2489 secure
2121 2442 2274 2488 cum
2309 2442 2477 2487 uxo-

548 2511 731 2579 ribus
771 2521 839 2577 et
880 2510 1106 2576 liberis
1138 2509 1388 2594 egressi
1428 2508 1691 2575 fuerint.
1778 2507 1918 2574 Neo
1951 2516 2170 2574 tamen
2206 2506 2478 2572 dubium

549 2606 653 2667 est
704 2596 909 2663 fuisse
953 2596 1447 2679 expavefactos,
1489 2602 1834 2678 postquam
1878 2613 1949 2658 se
1991 2590 2260 2661 destitui
2297 2592 2479 2661 omni

595 2681 872 2750 raesidio
929 2691 995 2746 et
1036 2683 1260 2748 favore
1304 2678 1642 2746 viderunt:
1689 2678 1803 2744 sed
1847 2678 2151 2762 quamvis
2184 2698 2294 2745 eos
2336 2688 2475 2745 tur-

545 2705 735 2837 baret
787 2767 1008 2851 populi
1065 2765 1401 2844 discessio,
1457 2773 1789 2833 steterunt
1838 2772 2059 2829 tamen
2116 2763 2480 2848 lymphatis

546 2853 793 2923 similes
810 2903 827 2933 ,
889 2872 1009 2918 nec
1053 2872 1166 2919 eos
1208 2850 1470 2934 subegit
1512 2858 1729 2919 metus
1772 2849 1933 2934 quin
1973 2858 2324 2934 pergerent
2367 2847 2476 2915 de-

546 2940 724 3007 votis
768 2937 1007 3004 animis
1050 2938 1122 3005 in
1164 2936 1413 3007 exitiali
1455 2956 1575 3003 sua
1615 2934 1905 3003 audacia.
1995 2935 2102 3000 Ita
2144 2955 2336 3019 saepe
2379 2944 2476 3001 at·

549 3024 741 3095 toniti
803 3021 1171 3089 subsistunt
1208 3023 1426 3105 impii,
1490 3030 1562 3087 ut
1606 3020 1894 3087 timendo
1939 3021 2212 3087 minime
2256 3033 2477 3087 tamen

548 3110 630 3179 de
672 3107 991 3195 placando
1031 3106 1174 3174 Deo
1216 3110 1518 3193 cogitent.

715 3194 820 3263 28.
866 3193 941 3258 In
1009 3192 1117 3262 hoo
1170 3194 1396 3261 scietis.
1486 3192 1616 3259 Hic
1674 3193 1914 3260 clarius
1971 3192 2200 3276 incipit
2256 3193 2487 3261 Moses

548 3278 892 3351 ostendere
946 3299 1257 3362 quorsum
1322 3278 1671 3345 adduxerit
1721 3277 2018 3345 factiosos
2060 3278 2130 3344 in
2176 3286 2476 3360 apertum

548 3377 906 3434 certamen:
966 3373 1042 3430 ut
1094 3365 1341 3432 scilicet
1396 3365 1577 3433 Deus
1637 3383 1852 3429 coram
1890 3376 2026 3430 toto
2068 3360 2305 3448 populo
2347 3364 2476 3430 for-

548 3450 856 3521 midabile
899 3451 1226 3534 potentiae
1267 3469 1388 3516 suo
1430 3449 1731 3532 exemplo
1774 3450 2069 3515 ordinem
2111 3471 2153 3516 a
2193 3470 2264 3516 se
2304 3449 2476 3532 posi-

551 3548 693 3603 tum
726 3536 1024 3603 sanciret.
1092 3535 1242 3603 Non
1265 3535 1561 3620 vulgaris
1596 3544 1815 3601 autem
1848 3534 2125 3602 fiduciae
2147 3535 2287 3613 fuit,
2333 3533 2478 3601 hos-

552 3623 731 3689 tibus
785 3622 1133 3688 victoriam
1193 3620 1585 3703 concedere,
1631 3620 1761 3686 nisi
1804 3629 1985 3689 terra
2026 3621 2212 3689 vivos
2255 3621 2475 3688 absor-

551 3709 751 3775 beret.
808 3705 943 3774 Sed
987 3707 1141 3791 quia
1174 3705 1298 3771 hoc
1342 3706 1488 3789 plus
1523 3726 1719 3789 quam
1758 3706 2016 3774 illustre
2049 3714 2193 3773 erat
2213 3707 2341 3772 Dei
2375 3707 2475 3771 iu-

552 3793 827 3874 dicium,
865 3790 1222 3876 splendidis
1260 3792 1472 3857 verbis
1515 3791 1944 3858 attentionem
1997 3793 2315 3859 conciliat.
2399 3790 2474 3860 Si

551 3888 762 3948 morte
802 3877 1020 3943 subita
1040 3878 1314 3943 fuissent
1335 3877 1662 3955 exstincti,
1707 3879 1941 3943 merito
1965 3878 2278 3962 gloriatus
2303 3886 2477 3945 esset

551 3984 816 4032 causam
872 3983 1061 4028 suam
1116 3960 1374 4046 probari
1432 3961 1610 4028 Deo:
1654 3960 1769 4029 sed
1812 3985 1889 4029 eo
1934 3985 2065 4030 non
2108 3972 2473 4044 contentus,

549 4050 775 4115 haberi
840 4047 987 4114 vult
1035 4068 1244 4113 vanus
1287 4058 1354 4112 et
1401 4049 1712 4131 impostor
1756 4048 1813 4113 si
1856 4049 2096 4116 usitato
2140 4047 2330 4115 modo
2374 4050 2477 4115 fu-

546 4134 720 4199 erint
771 4132 1032 4198 mortui.
1116 4133 1224 4199 Ad
1280 4132 1770 4217 exprimendam
1816 4154 1972 4199 vero
2017 4133 2314 4201 miraculi
2358 4155 2475 4200 no-

546 4220 837 4295 vitatem,
883 4238 1047 4302 quae
1083 4219 1164 4284 ad
1202 4238 1275 4286 se
1296 4221 1507 4303 rapiat
1528 4219 1874 4289 hominum
1917 4239 2169 4298 sensus,
2205 4222 2472 4304 empha-

546 4306 750 4371 ticum
795 4315 893 4371 est
931 4304 1199 4371 creandi
1239 4303 1546 4371 verbum:
1592 4326 1669 4372 ao
1710 4305 1769 4370 si
1803 4304 2049 4372 diceret
2083 4327 2211 4371 non
2257 4307 2477 4373 minus

545 4390 880 4457 insolitum
927 4391 1066 4456 fore
1109 4392 1335 4457 mortis
1384 4412 1607 4476 genus,
1655 4410 1851 4474 quam
1897 4391 1956 4456 si
2002 4390 2186 4459 Deus
2230 4391 2476 4476 aliquid

547 4473 816 4541 adderet
851 4476 1049 4541 rebus
1081 4476 1338 4555 creatis,
1375 4485 1443 4540 et
1478 4484 1768 4543 mutaret
1790 4476 2021 4544 faciem
2047 4476 2294 4543 mundi.
2341 4478 2475 4542 Ita-

544 4582 672 4645 que
706 4560 946 4640 David,
984 4580 1186 4643 quum
1220 4573 1541 4646 precatur,
1579 4571 1655 4627 ut
1685 4560 1905 4628 hostes
1940 4564 2046 4630 sui
2083 4563 2221 4629 vivi
2257 4561 2340 4628 ad
2374 4563 2475 4628 in-

545 4647 719 4712 feros
790 4645 1225 4729 descendant,
1296 4647 1408 4713 vel
1473 4648 1540 4712 in
1601 4646 2008 4729 sepulcrum,
2068 4647 2332 4715 videtur
2391 4649 2471 4714 ad

544 4731 715 4797 hanc
773 4732 1115 4798 historiam
1174 4731 1463 4799 alludere
1506 4730 1709 4817 (Psal.
1754 4732 1859 4812 55,
1895 4731 2025 4820 24).
2106 4735 2252 4800 Etsi
2298 4735 2473 4801 enim

545 4816 893 4885 descensus
926 4818 1039 4884 ille
1074 4839 1192 4902 pro
1225 4818 1561 4901 inopinato
1595 4818 1870 4884 interitu
1902 4818 2179 4903 capitur,
2213 4821 2325 4904 qui
2360 4821 2478 4885 im·

546 4905 685 4986 pios
729 4924 810 4968 ex
856 4902 1045 4970 beata
1084 4905 1298 4987 quiete
1333 4918 1662 4967 momento
1697 4905 1984 4985 attrahit,
2019 4905 2217 4971 simul
2253 4913 2477 4972 tamen

547 4987 931 5055 horribilem
985 4988 1337 5054 vindictam
1389 4987 1705 5071 designat,
1752 4990 1960 5071 qualis
2002 4991 2156 5055 olim
2191 4991 2363 5057 conti
2411 5012 2477 5057 e-

547 5083 680 5140 rat:
737 5075 906 5143 sicut
962 5092 1207 5158 poenae
1262 5071 1717 5141 memorabiles
1773 5075 1843 5139 in
1892 5074 2226 5159 exemplar
2274 5098 2382 5142 ma
2409 5099 2474 5143 e·

548 5160 849 5229 dictionis
883 5166 1244 5225 transcunt.

721 5245 820 5311 34.
892 5243 1113 5310 Omnis
1168 5246 1371 5308 autem
1406 5241 1634 5310 Israel.
1714 5245 2036 5332 Populum
2084 5247 2153 5313 in
2196 5247 2480 5316 circuitu

546 5330 746 5398 fuisse
783 5327 1097 5413 intellige,
1141 5329 1295 5412 quia
1338 5328 1562 5415 procul
1616 5331 1829 5398 stabat
1871 5345 2181 5401 eventum
2226 5335 2323 5400 rei
2360 5355 2475 5401 ex·

1959 443 2363 511 REDITUS
2410 443 2538 511 AD
2579 440 3123 513 HISTORIAM.

4392 441 4528 511 224

2579 637 2898 712 spectans.
2979 630 3176 699 Prius
3231 632 3406 699 enim
3460 630 3804 699 testandae
3844 630 4277 717 separationis
4319 649 4526 699 causa

2574 725 2976 785 recesserant
2997 737 3038 785 a
3057 716 3513 785 tabernaculis.
3573 716 3768 798 Quod
3800 728 4019 785 antem
4059 734 4232 783 nunc
4267 714 4524 798 trepido

2576 798 2946 884 diffugiunt,
2991 823 3080 867 ne
3117 802 3204 867 ad
3245 823 3353 868 eos
3398 823 3601 885 usque
3637 813 3969 886 grassetur
4012 799 4240 869 eadem
4280 799 4530 883 clades,

2575 886 2838 970 signum
2873 897 2973 952 est
3007 887 3219 955 malae
3254 888 3705 967 conscientiae,
3750 908 3915 971 quae
3950 889 4132 955 intra
4161 909 4232 955 se
4267 886 4515 955 tumul·

2575 980 2831 1049 tuatur,
2887 984 2952 1036 et
2994 973 3230 1055 impios
3274 972 3416 1037 dira
3459 971 3913 1055 inquietudine
3956 973 4269 1056 exagitat.
4357 972 4520 1040 Pius

2575 1056 2838 1140 quidem
2894 1059 3092 1125 etiam
3151 1058 3416 1141 percelli
3464 1059 3594 1127 Dei
3640 1058 3900 1127 iudiciis
3964 1078 4227 1127 necesse
4274 1067 4394 1136 eet,
4440 1064 4515 1123 ut

2574 1144 3013 1213 consternatio
3076 1144 3192 1208 vel.
3242 1164 3448 1227 pavor
3511 1142 3594 1208 ad
3651 1151 3952 1215 sanctum
4009 1145 4153 1210 eius
4211 1143 4520 1211 timorem

2573 1248 2686 1295 eos
2731 1228 3020 1297 erudiat:
3075 1227 3352 1312 ideoque
3408 1249 3743 1313 nunquam
3794 1228 3938 1297 sine
3980 1239 4163 1299 metu
4200 1236 4516 1312 reputant

2572 1334 2737 1398 quas
2779 1312 2965 1387 Deus
3011 1334 3257 1396 poenas
3310 1314 3778 1391 dethominum
3821 1314 4172 1383 sceleribus
4213 1335 4518 1397 sumpse·

2573 1402 2679 1465 rit.
2768 1396 2903 1471 Sed
2937 1400 3095 1483 quia
3131 1399 3503 1482 hopocritae
3546 1400 3910 1469 cauterium
3999 1408 4217 1469 estant
4261 1401 4329 1467 in
4373 1399 4513 1499 suis

4200 1485 4516 1553 fulmina·

2572 1578 2678 1636 ret
2717 1571 2788 1634 in
2821 1571 3109 1654 ipsorum
3142 1572 3373 1653 capita.
3459 1571 3692 1654 Itaque
3735 1592 3887 1641 mox
3923 1570 4288 1639 videbimus
4322 1590 4513 1639 caeco

2571 1654 2696 1721 hoc
2729 1666 2907 1723 metu
2941 1676 3174 1740 parum
3220 1677 3332 1723 eos
3372 1656 3738 1739 profecisse.

2572 1485 2908 1566 cordibus,
2950 1485 3289 1553 exanimes
3329 1484 3712 1563 concidunt,
3761 1505 3839 1553 ac
3877 1486 3937 1557 si

3099 1995 3220 2062 EX
3263 1994 3593 2065 EODEM
3636 1995 3991 2064 CAPITE.

2739 2166 2846 2233 35.
2908 2166 3105 2235 Porro
3160 2168 3331 2251 tynis
3385 2187 3666 2251 egressus
3723 2173 3813 2237 eet
3866 2189 3913 2234 a
3962 2167 4225 2247 Iehova,
4269 2172 4504 2236 deon-

2572 2254 2848 2335 sumpsit.
2895 2253 3184 2321 ducentos
3244 2253 3387 2319 illos
3444 2257 3502 2318 et
3543 2254 4006 2338 quinquaqinta
4043 2255 4216 2320 viros
4256 2254 4522 2336 offeres-r

2572 2344 2663 2406 tes
2701 2339 3002 2420 suffitum.
3069 2338 3155 2405 36
3182 2336 3249 2425 ¹).
3305 2338 3480 2403 Tunc
3617 2344 3809 2407 uectus
3841 2344 3932 2407 est
3968 2337 4200 2407 lebona
4240 2340 4330 2407 ad
4373 2338 4518 2405 M>-

2575 2445 2706 2504 sen,
2748 2424 3035 2491 dicendo.-
3099 2424 3205 2495 37.
3249 2423 3380 2491 Dic
3422 2424 3510 2491 ad
3757 2445 3836 2491 ar
3867 2424 4076 2506 filium
4108 2425 4376 2492 Aharon
4405 2446 4516 2492 sa·

2577 2510 2859 2590 cordatis,
2902 2515 2973 2577 ut
3011 2510 3187 2579 tollat
3226 2527 3482 2576 acerras
3524 2529 3557 2574 e
3597 2511 3800 2578 medio
3843 2510 4149 2592 incendii,
4211 2515 4268 2575 et
4306 2511 4516 2595 mem

2579 2597 2900 2680 disperyat
2939 2595 3215 2680 laminas,
3277 2595 3432 2677 quia
3470 2595 3894 2677 sanctificatae
3933 2600 4097 2665 sunt.
4182 2595 4285 2662 38.
4337 2597 4513 2679 Quod

2579 2682 2667 2748 ad
2720 2701 2976 2749 acerras
3020 2681 3284 2748 istorum
3334 2681 3447 2764 qui
3493 2681 3774 2749 scelerati
3827 2680 4088 2763 fuerunt
4145 2682 4216 2748 in
4254 2683 4508 2749 anm

2577 2766 4514 2851 suaautfaciantexillieextensioneslaminammoper-

2577 2854 2809 2919 torium
2842 2853 3108 2919 altaris:
3140 2851 3295 2935 quia
3327 2851 3666 2919 obtuleruut
3701 2852 3770 2917 in
3803 2853 3966 2933 ipsis
4005 2873 4219 2919 cerm
4260 2852 4507 2932 lebana,

2583 2944 2640 3004 et
2680 2938 3096 3008 sanctificatae
3136 2940 3314 3005 sunt.-
3356 2943 3413 3002 et
3450 2942 3634 3003 erunt
3674 2938 3749 3002 in
3783 2939 4034 3022 smum
4069 2938 4232 3020 filiis
4283 2937 4507 3005 Israel.

2535 3068 2536 3071 =
2583 3023 2685 3090 39.
2738 3023 2911 3089 Tulit
2948 3024 3158 3105 itaque
3189 3020 3472 3089 Eleazar
3503 3024 3792 3090 sacerdos
3833 3044 4090 3090 acerras
4120 3043 4349 3123 aereas
4374 3023 4516 3106 qui-

2582 3107 3080 3175 bvaeobtulerant
3129 3107 4512 3193 commmetmenaenmteasopormm-

2578 3200 2713 3262 tum
2754 3195 2999 3260 altaris.
3085 3194 3190 3260 40.
3236 3192 3795 3276 Memorialefiiliis
3828 3193 4051 3276 Israel,
4082 3200 4156 3261 ut
4186 3215 4307 3260 non
4347 3215 4514 3262 aece-

2580 3281 2690 3347 dat
2782 3279 3524 3362 uisqmmazienusqui
3575 3279 3824 3346 nonsit
3879 3281 4508 3359 ammon,

2578 3371 2648 3432 ut
2783 3371 2919 3431 erat
2969 3364 3257 3448 suffitum
3308 3384 3517 3430 coram
3558 3364 3932 3444 Iehwa„m
3972 3367 4057 3433 sit
4096 3367 4259 3433 siena
4303 3364 4510 3435 Gora&

2579 3457 2634 3517 et
2688 3457 2886 3518 coetus
2941 3451 3108 3516 eius:
3158 3451 3673 3534 quomadmodum
3727 3452 4224 3536 &praeceperat
4277 3450 4514 3519 Iehova

2568 3557 2691 3620 per
2731 3556 2990 3603 manum
3032 3535 3259 3603 Masis,

2746 3707 2850 3774 35.
2912 3706 3119 3773 Porro
3178 3707 3361 3790 iqnis.
3447 3707 3714 3773 Poenae
3762 3706 4110 3777 diversitas
4163 3708 4376 3794 magis
4428 3707 4514 3775 ad

2577 3793 2970 3860 movendam
3028 3794 3098 3861 in
3143 3793 3382 3875 populo
3417 3792 3920 3861 admirationem
3964 3793 4177 3863 valuit
4216 3815 4410 3879 quam
4455 3796 4516 3861 si

2577 3899 2709 3945 uno
2734 3899 2959 3945 omnes
2983 3877 3176 3947 modo
3210 3878 3516 3945 exstincti
3551 3890 3791 3947 essent.
3851 3878 4244 3964 Quanquam
4278 3882 4347 3946 in
4382 3881 4514 3964 pri·

2577 3986 2720 4031 mos
2777 3964 2933 4030 mali
2976 3977 3235 4030 autores
3280 3965 3503 4047 gravis
3545 3964 3650 4029 ira
3689 3965 3814 4030 Dei
3858 3966 4136 4033 exarsit:
4182 3976 4257 4032 ut
4298 3966 4513 4050 palam

2575 4052 2766 4117 fieret
2832 4048 3198 4117 mercedem
3270 4050 3551 4134 singulis
3618 4050 3892 4134 rependi
3956 4072 4077 4135 pro
4146 4051 4522 4135 iniquitatis

2577 4156 2902 4203 mensura.
2989 4135 3223 4219 Ignem
3257 4155 3297 4200 a
3338 4135 3584 4202 Iehova
3627 4156 3964 4220 egressum
4007 4137 4184 4217 dicit,
4218 4137 4334 4220 qui
4378 4158 4512 4203 non

2575 4222 2963 4288 naturaliter
2997 4241 3314 4289 accensus
3342 4230 3461 4303 est,
3503 4243 3712 4304 neque
3746 4222 4030 4301 fortuito,
4074 4221 4190 4289 sed
4221 4223 4514 4291 illustres

2579 4307 2807 4373 habuit
2860 4316 3083 4384 notas,
3141 4328 3309 4391 quae
3365 4307 3581 4390 palam
3621 4308 3917 4375 facerent
3958 4307 4274 4376 divinitus
4318 4309 4514 4375 emis·

2578 4414 2727 4460 sum
2785 4414 2945 4461 esse.
3035 4394 3264 4476 Neque
3313 4402 3538 4458 tamen
3593 4393 3864 4478 repudio
3920 4394 4093 4478 quod
4135 4395 4254 4461 alii
4293 4394 4515 4461 Deum

2581 4478 2819 4546 ecoelo
2839 4479 3220 4545 fulminasse
3256 4478 3510 4545 dicunt:
3556 4480 3710 4563 quia
3743 4479 3865 4547 hoc
3898 4480 4091 4547 modo
4127 4480 4516 4549 seexsertu‘t

2580 4565 2984 4633 manifestior
3023 4566 3161 4630 eins
3203 4565 3511 4647 potentia.

2748 4650 2850 4716 37.
2895 4651 3026 4718 Dic
3062 4650 3148 4718 ad
3189 4642 3483 4718 Heu-ear.
3536 4650 3711 4733 Quia
3744 4651 4001 4718 nullum
4029 4659 4131 4718 est
4164 4658 4299 4716 tam
4332 4650 4516 4718 illus-

2579 4744 2680 4801 tre
2737 4738 2873 4803 irae
2935 4737 3059 4802 Dei
3117 4736 3579 4803 documentum
3632 4736 3804 4820 quod
3858 4756 3992 4802 non
4043 4736 4342 4805 homines
4396 4758 4518 4821 pro

2579 4842 2700 4888 sua
2741 4822 3035 4889 socordia
3074 4831 3149 4889 ut
3193 4822 3553 4905 plurimum
3589 4822 3935 4906 sepeliant,
4000 4823 4154 4891 huic
4196 4823 4366 4889 malo
4407 4844 4516 4891 oc·

2579 4929 2846 4975 currere
2890 4910 3119 4975 volens
3153 4907 3353 4989 Deus,
3389 4918 3886 4975 monumentum
3931 4907 4014 4974 ad
4050 4916 4339 4993 posteros
4382 4917 4520 4975 sta-

2581 4995 2743 5073 tuit,
2795 5015 2880 5060 ne
2922 5015 3210 5078 unquam
3252 4994 3593 5077 obreperet
3635 5002 3772 5060 tam
3815 4994 4250 5061 memorabilis
4292 4993 4522 5062 iudicii

2582 5079 2845 5146 oblivio.
2933 5078 3128 5146 Iubet
3183 5100 3340 5164 ergo
3388 5101 3472 5145 ex
3516 5081 3757 5147 acerris
3814 5081 3957 5148 fieri
4006 5081 4202 5146 altari
4256 5080 4522 5166 integu-

2583 5174 2896 5246 mentum,
2933 5188 3016 5231 ne
3057 5166 3202 5249 quis
3245 5175 3490 5232 temere
3531 5162 3614 5232 ad
3649 5187 3868 5234 sacras
3899 5165 4260 5234 oblationes
4300 5187 4370 5233 se
4411 5168 4519 5232 in-

2760 5353 2818 5421 1)
2850 5354 3017 5410 Hebr.
3054 5352 3139 5417 17,
3175 5353 3210 5407 1
3241 5371 3311 5409 ss.
