5017 6142
395 450 522 516 425
2049 447 2728 516 ARGUMENTUM.
4262 458 4390 521 426

399 657 561 705 sona
580 635 860 704 Davidis
894 637 1146 704 obiecta
1179 638 1304 704 fuit
1336 636 1539 706 oculis
1581 636 1804 721 populi
1838 635 2217 703 mediatoris
2260 635 2527 718 effigies,
2570 636 2766 719 inquo
2802 638 2929 703 sita
2964 646 3065 705 est
3099 639 3387 722 perfecta
3421 640 3726 708 ecclesiae
3761 642 4059 710 felicitas.
4127 644 4389 712 Interea

397 748 741 815 mediocris
782 748 893 815 ille
932 749 1177 816 favoris
1214 748 1344 816 Dei
1386 756 1616 834 gustus
1658 748 1742 814 ad
1782 747 2007 814 fideles
2050 747 2511 814 sustentandos
2554 748 2854 814 sufficere
2895 749 3149 829 debuit,
3195 749 3400 818 donec
3445 752 3702 835 plenius
3741 752 4162 820 satiarentur.
4248 755 4387 823 Nec

399 882 558 928 vero
599 860 846 928 lusoria
885 871 1003 926 aut
1044 860 1245 927 fallax
1287 861 1551 947 partitio
1593 861 1718 926 fuit
1763 881 1803 926 a
1844 858 2039 926 Iosua
2074 860 2262 937 facta,
2306 864 2372 923 et
2412 859 2705 924 tribuum
2747 859 3111 943 praefectis,
3156 861 3390 945 quibus
3427 883 3507 929 ea
3543 884 3647 928 res
3692 864 4005 931 mandata
4047 876 4220 932 erat:
4267 868 4382 933 sed

398 972 525 1039 Dei
570 972 878 1039 mandato
920 994 1077 1040 vere
1119 983 1425 1057 certoque
1464 971 1674 1038 divisa
1715 971 1840 1038 fuit
1895 969 2300 1049 haereditas,
2353 971 2426 1035 in
2481 971 2670 1037 cuius
2725 972 3137 1055 possessione
3191 993 3313 1039 sua
3368 993 3568 1040 manu
3628 995 3740 1042 eos
3800 975 4147 1044 locaverat.
4237 977 4388 1061 Qua

400 1084 602 1151 etiam
636 1084 708 1150 in
741 1093 929 1168 parte
963 1085 1205 1151 enituit
1236 1084 1511 1151 foederis
1544 1104 1693 1151 cum
1716 1082 2052 1149 Abraham
2088 1082 2380 1167 percussi
2413 1082 2748 1149 sanctitas.
2815 1081 3010 1150 Iacob
3054 1082 3174 1150 sub
3219 1083 3399 1150 vitae
3440 1086 3695 1152 exitum
3737 1095 3952 1155 certas
3994 1089 4387 1172 quibusdam

397 1195 681 1263 filiorum
715 1217 980 1262 suorum
1016 1197 1205 1262 sedes
1242 1197 1703 1262 destinaverat.
1771 1193 1850 1261 Si
1884 1215 2008 1260 sua
2041 1194 2274 1277 cuique
2320 1193 2520 1259 tribui
2564 1192 2949 1278 simpliciter
2991 1195 3338 1261 hominum
3373 1194 3644 1262 arbitrio
3689 1207 3757 1263 et
3799 1199 4132 1284 suffragiis
4167 1202 4384 1285 portio

404 1306 776 1394 obtigisset,
816 1309 948 1375 visi
990 1308 1273 1374 fuissent
1313 1307 1726 1391 patriarchae
1768 1305 2184 1372 autoritatem
2234 1305 2510 1388 sequuti.
2580 1305 2787 1390 Atqui
2833 1305 2987 1371 dum
3028 1315 3252 1385 sortes,
3299 1307 3534 1391 quibus
3578 1308 3744 1373 nihil
3789 1310 3997 1394 magis
4039 1312 4385 1378 fortuitum

404 1428 744 1500 censetur,
788 1418 1172 1487 vaticinium
1215 1421 1750 1503 comprobarunt:
1806 1438 1938 1483 non
1979 1416 2198 1482 minus
2241 1435 2435 1500 quam
2479 1416 2539 1484 si
2582 1417 2798 1500 palam
2844 1418 3250 1501 apparuisset
3291 1418 3508 1494 Deus,
3554 1421 3809 1488 sancita
3851 1421 3975 1487 fuit
4017 1421 4387 1492 donationis

404 1529 730 1598 stabilitas
772 1529 948 1596 claro
992 1531 1243 1597 effectu.
1331 1530 1565 1614 Itaque
1607 1538 1946 1614 postquam
1987 1527 2154 1594 bello
2197 1528 2395 1593 finem
2440 1527 2751 1612 imposuit
2791 1527 3013 1611 populi
3057 1526 3337 1608 desidia,
3394 1529 3757 1598 Rubenitas
3803 1541 3868 1598 et
3912 1533 4189 1601 Gaditas
4232 1557 4383 1602 cum

404 1641 677 1709 dimidia
732 1644 910 1709 tribu
954 1643 1262 1709 Manasse
1319 1641 1585 1707 domum
1640 1640 1881 1707 liberos
1924 1638 2117 1705 Iosue
2174 1639 2427 1704 remisit
2469 1646 2779 1722 tanquam
2826 1638 3152 1705 emeritos.
3241 1638 3562 1724 Sequitur
3600 1644 4046 1710 memorabilis
4091 1646 4384 1724 historia,

402 1776 492 1820 ex
533 1775 663 1839 qua
702 1754 923 1838 liquet,
967 1774 1162 1837 quam
1206 1753 1482 1820 animosi
1525 1753 1606 1819 ad
1652 1750 2117 1818 vindicandum
2153 1750 2278 1816 Dei
2323 1749 2571 1816 cultum
2613 1749 2859 1815 fuerint
2901 1750 3258 1831 Israelitae,
3300 1751 3412 1836 qui
3454 1751 3523 1817 in
3567 1761 3745 1818 terra
3767 1754 4084 1822 Chanaan
4127 1756 4383 1825 habita-

398 1867 583 1932 bant.
673 1865 738 1932 N
740 1886 848 1931 am
892 1886 1092 1949 quum
1134 1865 1464 1931 fraternae
1507 1863 1831 1931 societatis
1874 1868 2372 1927 monumentum
2416 1861 2782 1928 erexissent
2827 1860 2993 1928 duae
3033 1862 3201 1928 istae
3245 1860 3455 1928 tribus
3498 1873 3565 1928 et
3607 1863 3895 1947 dimidia,
3940 1875 4244 1951 putantes
4287 1869 4385 1935 illi

400 1977 597 2043 altari
640 1976 1049 2044 sacrificandi
1091 1995 1287 2043 causa
1328 1976 1529 2041 fuisse
1571 1977 2016 2052 exstructum,
2070 1972 2242 2056 quod
2285 1972 2471 2037 nefas
2514 1982 2689 2052 erat,
2747 1971 2987 2038 bellum
3042 1975 3264 2039 statim
3325 1974 3715 2053 decernunt,
3774 1996 3850 2043 ac
3893 1986 4192 2045 statuunt
4233 2001 4385 2048 suos

403 2089 924 2173 consanguineos
981 2088 1199 2171 potius
1256 2087 1505 2166 delere,
1565 2105 1760 2170 quam
1816 2094 1893 2150 nt
1935 2080 2302 2149 adulterino
2344 2083 2528 2149 cultu
2572 2082 2910 2150 scindatur
2948 2083 3199 2168 relig-io.
3287 2083 3501 2152 Simul
3547 2093 3766 2152 tamen
3810 2087 4118 2155 laudatur
4160 2110 4385 2157 eorum

402 2199 799 2278 moderatio,
867 2198 1037 2282 quod
1080 2199 1273 2264 sicuti
1315 2205 1585 2282 repente
1624 2194 1705 2261 ad
1749 2215 1934 2260 arma
1975 2191 2386 2276 suscipienda
2426 2201 2652 2261 sancto
2695 2194 2831 2261 zelo
2874 2196 3128 2262 accensi
3170 2195 3460 2275 fuerant,
3501 2196 3596 2261 ita
3635 2206 3903 2282 accepta
3945 2199 4388 2270 satisfactione

404 2311 595 2378 facile
638 2311 1002 2394 placantur.
1091 2309 1177 2375 In
1220 2311 1352 2376 fine
1397 2308 1549 2391 libri
1588 2307 1968 2391 exponitur,
2011 2313 2410 2389 quantopere
2453 2305 2772 2372 sollicitus
2812 2306 3013 2372 fuerit
3055 2307 3249 2373 Iosue
3291 2307 3370 2373 de
3412 2308 3830 2393 propaganda
3863 2307 3994 2375 Dei
4039 2310 4275 2396 gloria,
4319 2321 4387 2380 et

404 2443 606 2508 qnam
651 2420 1000 2507 diligenter
1038 2430 1313 2488 conatus
1356 2421 1472 2501 sit,
1514 2418 1739 2503 populi
1782 2417 2033 2484 levitati
2076 2424 2143 2481 et
2184 2415 2494 2498 perfidiae
2538 2435 2892 2483 occurrere.
2979 2416 3132 2485 Huc
3174 2417 3454 2484 tendunt
3496 2419 3925 2504 gravissimae
3965 2441 4096 2486 non
4139 2424 4377 2491 exhor-

399 2534 683 2600 tationes
726 2533 936 2614 modo‚
975 2531 1090 2599 sed
1133 2532 1628 2598 obtestationes:
1674 2531 2058 2616 praesertim
2106 2546 2262 2594 voro
2305 2524 2534 2594 foedus
2570 2529 2820 2594 solenni
2865 2529 2998 2595 ritu
3042 2538 3111 2595 et
3150 2529 3573 2597 iureiurando
3618 2538 4025 2597 renovatum.
