5017 6142
408 438 545 511 2Οὲ

404 648 546 695 ruas
601 647 754 695 suas
808 627 881 691 in
933 627 1325 695 sacrificium
1378 628 1725 706 offerrent,
1790 638 1985 712 atque
2042 638 2117 694 ut
2167 627 2333 695 haee

403 721 574 782 esset
605 713 959 797 superioris
992 732 1213 779 morae
1243 720 1310 779 et
1342 713 1653 796 ignaviae
1682 714 2137 798 compensatio.
2195 711 2332 781 Sed

403 801 494 866 ita
556 799 809 867 seilicet
867 797 1079 866 fervet
1139 798 1486 883 impiorum
1553 799 1731 866 zelus
1744 848 1760 878 ,
1823 798 1936 864 ubi
1999 799 2335 882 quiescere

403 884 698 952 decebat:
736 885 878 951 Deo
909 892 1127 951 autem
1164 885 1465 953 hortante
1501 884 1710 968 frigus
1743 894 1815 949 et
1844 894 2072 967 stupor
2105 904 2335 949 eorum

403 972 657 1037 animos
690 978 1045 1052 occupant:
1079 980 1157 1035 ut
1191 969 1396 1035 nihilo
1430 969 1582 1052 plus
1613 970 1758 1035 eius
1780 989 1940 1036 voce
1962 969 2330 1036 excitentur

400 1077 599 1141 quam
640 1054 906 1138 lapides.
994 1055 1293 1138 Denique
1328 1053 1440 1121 ubi
1484 1055 1867 1122 cessandum
1911 1065 2029 1133 est,
2071 1074 2331 1138 semper

401 1141 610 1227 agilis,
653 1149 955 1223 prompta
988 1152 1056 1205 et
1087 1141 1300 1207 audax
1341 1152 1444 1207 est
1473 1139 1917 1219 incredulitas,
1962 1140 2073 1207 ubi
2110 1151 2331 1205 autem

398 1226 717 1312 pergendi
748 1236 940 1291 autor
974 1238 1077 1292 est
1097 1225 1301 1306 Deus,
1334 1224 1566 1291 timida
1597 1234 1713 1305 est,
1748 1226 1941 1311 pigra
1962 1234 2026 1291 et
2046 1237 2328 1291 mortua.

399 1312 695 1379 Tandem
748 1310 1012 1378 subiicit
1061 1311 1281 1378 Moses
1338 1330 1585 1394 poenas
1635 1311 1824 1377 stulti
1880 1312 2164 1394 impetus
2219 1309 2331 1376 de·-

401 1398 607 1469 disse:
667 1397 817 1480 quia
862 1417 994 1463 nou
1037 1405 1296 1463 tantum
1338 1396 1469 1462 fusi
1511 1405 1579 1461 et
1618 1397 1830 1481 fugati
1872 1397 2009 1462 sint
2049 1396 2134 1463 ab
2178 1397 2330 1461 hos·

395 1484 611 1562 tibus,
666 1483 780 1550 sed
835 1483 1037 1548 etiam
1087 1482 1368 1549 contriti.
1459 1480 1650 1550 Unde
1692 1482 2062 1567 colligimus
2105 1502 2331 1548 eorum

395 1569 707 1637 ferociam
762 1567 1009 1635 viribus
1063 1578 1131 1633 et
1186 1566 1393 1635 solida
1448 1567 1828 1633 fortitudine
1869 1569 1939 1634 iu
1978 1568 2127 1651 ipso
2167 1566 2328 1633 arti-

392 1657 547 1723 culo
576 1655 879 1721 caruisse.
947 1653 1162 1720 Simul
1199 1662 1416 1719 nmen
1453 1651 1631 1718 aliud
1675 1653 1998 1719 amentiae
2038 1653 2335 1737 ipsorum

393 1742 665 1893 355?
673 1738 1177 1908 ..Egi‘ffitffl‘ss
1215 1737 1594 1890 Ἓέῗὲῗὲἱ
1613 1738 2335 1908 ffiffpfflffltffss

390 1876 897 1995 Unde’apparet
931 1909 1316 1989 incredulos,
1360 1909 1519 1975 dum
1554 1928 1745 1977 caseo
1779 1909 1902 1977 zeli
1938 1909 2045 1976 sui
2076 1909 2335 1992 impetu

390 1999 715 2077 feruntur,
761 1997 857 2063 sic
897 1996 1152 2061 ratione
1194 2006 1264 2061 et
1304 1994 1576 2062 consilio
1620 1994 1909 2077 destitui,
1952 2015 2029 2063 ac
2062 1995 2120 2061 si
2157 1993 2337 2060 ultro

390 2084 846 2168 conspirarent
889 2082 959 2147 iu
999 2102 1188 2148 suam
1239 2080 1617 2165 perniciem.

1099 2422 1233 2488 EX
1277 2421 1546 2490 DEU'P.
1590 2420 1645 2487 I.

565 2595 670 2662 41.
713 2593 803 2660 Et
839 2593 1275 2676 respondistis,
1330 2597 1386 2658 et
1438 2592 1700 2658 dixistis
1738 2593 1995 2659 adme.-
2039 2591 2330 2660 Peccavi-

385 2701 536 2749 ms
578 2680 872 2747 Iahovae:
922 2699 1039 2747 nos
1073 2678 1473 2746 mandemus
1528 2678 2333 2762 etpuynabionusomniuo

385 2769 554 2835 sicud
594 2766 913 2848 praecepit
964 2761 1143 2832 nobis
1186 2763 1418 2830 Iehova
1460 2761 1638 2829 Deus
1677 2768 1901 2830 noster.
1988 2762 2080 2829 Et
2120 2763 2331 2831 awin-

382 2854 579 2919 xistis
611 2870 717 2918 vos
747 2850 986 2935 sinyuli
1017 2850 1221 2916 armis
1251 2849 1393 2915 suis
1424 2849 1676 2929 bellicis,
1714 2854 1771 2915 et
1794 2851 2084 2929 parastis
2117 2868 2327 2916 asca&

383 2938 962 3006 dereaomontm.
1046 2933 2327 3002 42.Dioeitoeutcmfflhileltova.·Dic

384 3020 2329 3119 &3:Neasoendatis,nequepuynetissqaianonsumin

383 3105 2327 3190 mediovestrssetnepsrouttaminicorammimicisvesoeis.
2455 3102 2459 3108 ’

384 3192 1449 3275 &Laqueum-ammonam
1503 3210 1643 3257 vos:
1696 3191 1806 3257 ssd
1858 3211 1980 3257 non
2031 3191 2329 3271 audistis,

383 3302 463 3349 ao
513 3279 765 3347 rebelles
816 3279 1035 3362 fuistis
1086 3277 1184 3343 ori
1238 3277 1529 3355 Ichovas,
1598 3281 1654 3343 et
1715 3280 1933 3343 temere
1986 3277 2202 3361 eyistis
2255 3282 2331 3341 ut

382 3366 805 3435 ascenderetis
865 3366 938 3431 in
998 3368 1279 3430 montem
1387 3362 1493 3429 44.
1573 3363 1800 3444 Itaque
1875 3381 2162 3446 eyressus
2236 3367 2333 3428 est

385 3450 824 3519 Ama-rhama
854 3450 969 3533 qai
1000 3448 2325 3528 habitabatinmordeinoccursumvestri,

383 3545 442 3606 et
490 3557 601 3604 vos
655 3537 1014 3620 persequuti
1063 3536 1235 3614 sunt,
1291 3533 1806 3617 quemadmodum
1865 3534 2072 3617 facere
2132 3533 2333 3599 solent

382 3643 560 3707 apae,
602 3628 660 3689 et
697 3622 1114 3691 oona-iverunt
1145 3639 1254 3686 vos
1284 3621 1357 3686 in
1382 3618 1524 3685 Scir
1556 3639 1751 3701 usque
1770 3618 2035 3684 Horma.
2099 3618 2203 3684 45.
2241 3618 2329 3685 Et

381 3710 621 3776 reversi
646 3709 905 3789 flevistis
938 3726 1146 3774 coram
1168 3704 1427 3772 Iehova:
1458 3705 1566 3771 sed
1599 3725 1724 3770 non
1756 3705 2080 3770 exaudivit
2099 3704 2331 3771 Iehova

382 3815 591 3863 vocem
623 3799 909 3872 vestram,
950 3811 1059 3857 nec
1091 3790 1464 3857 auscultavit
1492 3789 1679 3856 vobis.
1743 3788 1847 3855 46.
1885 3789 1973 3856 Et
2002 3790 2331 3857 mansistis

384 3882 458 3947 im
508 3879 707 3946 Gades
747 3879 962 3945 diebus
1015 3877 1255 3957 mattis,
1310 3876 1650 3944 secundum
1699 3894 2027 3941 nanterum
2080 3875 2328 3942 dieram

564 4136 668 4204 41.
714 4134 804 4201 Et
842 4133 1269 4218 respondistis.
1328 4132 1527 4198 ⁴Sera
1567 4131 1989 4216 poenitentia,
2031 4152 2199 4215 quae
2242 4131 2329 4198 ad

387 4231 886 4308 praeposterum
927 4218 1272 4304 satagendi
1313 4217 1611 4285 ardorem
1658 4218 1992 4284 Israelitas
2034 4218 2326 4302 impulit:

388 4329 785 4393 quanquam«
828 4327 961 4374 uon
1014 4328 1171 4374 vere
1224 4325 1348 4371 nec
1412 4304 1584 4370 serio
1650 4305 2097 4387 resipuerunt,
2163 4304 2332 4371 sicut

388 4406 549 4461 ante
582 4395 883 4478 exposui:
918 4393 1075 4475 quia
1108 4412 1308 4475 quum
1341 4390 1670 4474 patienter
1690 4388 1824 4455 illis
1859 4387 2128 4455 ferenda
2160 4397 2333 4456 esset

388 4480 526 4548 Dei
568 4479 929 4563 castigatio,
975 4497 1119 4543 eam
1164 4489 1466 4543 excutere
1508 4482 1578 4541 et
1619 4474 1847 4559 procul
1879 4496 1920 4542 a
1954 4496 2024 4541 se
2068 4473 2333 4559 abigere

389 4586 573 4633 nova
632 4564 1045 4632 contumacia
1102 4568 1458 4627 tentarunt.
1562 4560 1867 4645 Denique
1925 4561 2093 4626 nihil
2153 4559 2328 4626 aliud

389 4672 595 4736 quam
635 4649 1061 4717 calcitrarent
1098 4646 1416 4713 adversus
1456 4648 1815 4714 stimulum.
1883 4647 2132 4713 Verum
2166 4648 2330 4714 haec
2368 4694 2398 4713 ..

393 4738 739 4804 hominum
790 4744 893 4802 est
960 4731 1319 4801 strenuitas
1336 4780 1352 4810 ,
1416 4731 1531 4797 ubi
1585 4744 1703 4799 eos'
1749 4754 1789 4799 a
1838 4734 1888 4798 't
1935 4753 2056 4799 sua
2110 4732 2327 4809 libido,

394 4822 572 4889 nihil
624 4842 756 4888 non
812 4820 1051 4886 audere
1107 4819 1251 4885 Deo
1304 4824 1589 4885 vetante.
1691 4816 1742 4885 S
1878 4819 1948 4884 in
2002 4839 2080 4884 eo
2135 4816 2328 4903 longe

395 4908 684 4975 deterior
725 4907 1013 4972 amentia
1051 4926 1121 4971 se
1164 4901 1476 4988 prodidit,
1519 4902 1690 4985 quod
1734 4903 2017 4970 secundo
2061 4904 2325 4970 retracti

395 5015 533 5060 non
576 4995 1045 5076 obtemperant.
1133 4987 1320 5056 Adde
1375 4990 1544 5072 quod
1597 5011 1730 5054 non
1775 4989 2158 5073 simpliciter
2194 4989 2328 5055 illis

393 5101 693 5165 pugnam
735 5077 1089 5157 interdicit,
1131 5076 1243 5142 sed
1279 5075 1599 5141 auxilium
1636 5095 1830 5140 suum
1864 5085 2083 5159 negat.
2150 5074 2326 5157 Quid

393 5166 607 5251 igitur
649 5165 857 5250 magis
899 5162 1339 5248 prodigiosum
1383 5182 1579 5245 quam
1621 5160 1831 5226 invito
1874 5160 2048 5239 Deo,
2104 5172 2170 5225 et
2212 5181 2327 5245 spe

392 5253 545 5335 opis
586 5252 727 5317 eius
770 5249 987 5316 ablata
1003 5299 1019 5329 ,
1072 5247 1344 5333 aggredi
1384 5245 1557 5331 quod
1597 5246 1792 5331 paulo
1834 5255 1986 5313 ante
2028 5246 2169 5314 eius
2212 5268 2327 5313 au·

395 5338 623 5422 spieiis
636 5388 652 5413 ,
723 5333 1033 5403 mandato
1050 5383 1065 5411 ,
1135 5343 1202 5399 et
1263 5342 1445 5400 certa
1506 5331 1840 5399 victioriae
1905 5334 2329 5416 promissione

543 5438 766 5497 natvm·
791 5451 979 5507 opera.
1062 5436 1177 5492 Vol.
1207 5434 1404 5492 XXV.

1785 440 2192 511 REDI'I'US
2236 441 2366 509 AD
2396 441 2952 510 HISTORIAM.

4228 447 4366 515 210

2430 630 2756 696 obstinate
2819 628 3325 697 recusaverant?
3412 630 3505 695 Et
3560 638 3781 696 tamen
3844 638 3917 696 ut
3994 631 4364 715 hypocrisis

2431 726 2685 782 mentes
2743 725 3076 793 excaecat,
3137 716 3459 800 corrigere
3503 724 3571 780 et
3610 735 3887 800 pensare
3929 737 4000 781 se
4042 725 4361 798 putarunt

2430 799 2604 886 quod
2647 800 3066 884 duplicabant
3110 801 3361 867 vitium.
3427 800 3666 866 Postea
3707 814 4170 867 commemorat
4211 804 4359 871 Mo·

2432 909 2537 953 ses
2577 907 2774 970 quam
2817 885 3033 951 meriti
3075 896 3264 950 erant
3318 885 3683 951 mercedem
3735 887 3911 969 ipsos
3967 885 4226 952 tulisse:
4281 908 4358 956 ac

2435 972 2495 1036 si
2551 972 2830 1038 diceret:
2891 971 3213 1053 Quamvis
3267 970 3403 1037 sint
3458 969 3773 1037 indociles
3788 1020 3803 1051 ,
3870 983 4130 1055 accepto
4183 973 4360 1040 malo

2435 1068 2738 1142 expertos
2793 1078 2935 1123 esse
2990 1076 3187 1139 quam
3245 1055 3513 1127 exitiale
3563 1057 3650 1122 sit
3719 1076 3846 1120 non
3911 1076 4142 1139 parere
4191 1055 4358 1138 Deo,

2436 1142 2628 1208 stulti
2667 1142 2843 1208 enim
2884 1162 3217 1225 nunquam
3261 1141 3390 1207 nisi
3431 1141 3657 1206 ferulis
3698 1141 3811 1207 icti
3852 1142 4129 1225 sapiunt.

2605 1228 2709 1294 45.
2756 1227 2846 1292 a
2882 1227 3131 1293 reversi.
3211 1226 3342 1292 Hic
3382 1227 3709 1309 propriam
3765 1247 3992 1292 eorum
4033 1228 4359 1294 eonscien-

2433 1314 2596 1379 tiam
2639 1323 2872 1380 testem
2915 1312 3230 1396 appellat:
3288 1331 3621 1394 nunquam
3679 1313 3854 1376 enim
3898 1310 3979 1378 ad
4022 1313 4247 1379 fletum
4292 1321 4360 1378 et

2435 1398 2956 1482 deprecationem
3012 1396 3295 1463 fuissent
3345 1396 3604 1462 adducti
3659 1398 3789 1463 nisi
3843 1398 4104 1482 proprio
4156 1397 4359 1464 animi

2432 1504 2629 1550 sensu
2673 1494 2965 1567 urgente.
3054 1482 3225 1564 Quia
3269 1483 3470 1567 igitur
3512 1480 3674 1548 satis
3717 1501 4040 1565 superque
4077 1483 4362 1549 convici

2432 1569 2696 1635 fuerant
2717 1569 2951 1635 iustam
2979 1587 3256 1650 poenam
3290 1589 3446 1633 suae
3481 1568 3879 1650 pervicaciae
3911 1567 4140 1653 infligi,
4182 1567 4360 1652 ipsos

2433 1653 2517 1719 ad
2577 1652 2791 1720 Deum
2870 1650 3310 1736 quaerendum
3377 1651 3596 1737 adegit
3658 1654 4028 1719 necessitas.
4125 1651 4360 1737 Itaque

2433 1740 2545 1805 ubi
2589 1761 2659 1806 se
2702 1741 2885 1805 Deus
2927 1736 3402 1821 implacabilem
3459 1736 3773 1817 ostendit,
3840 1737 4022 1803 nulla
4062 1737 4195 1804 illis
4238 1738 4362 1803 fuit

2439 1824 2758 1891 fremendi
2811 1843 3024 1890 causa.
3114 1822 3194 1887 In
3252 1834 3575 1906 postremo
3637 1844 3829 1890 versu
3881 1822 4226 1907 ambiguus
4261 1830 4361 1889 est

2436 1910 2674 1976 horum
2718 1910 3062 1975 verborum
3107 1929 3367 1974 sensus:
3416 1908 3666 1975 Diebus
3709 1909 3956 1986 multis,
4001 1907 4361 1975 secundum

2435 2016 2788 2062 numerum
2831 1994 3105 2060 dierum.
3201 1991 3489 2076 Quidam
3547 2004 3841 2077 tempore
3882 1993 4365 2078 plusquamper-

2434 2083 2603 2148 fecto
2644 2087 2933 2146 utentes:
2980 2078 3238 2162 Quibus
3280 2098 3764 2158 manseramus,
3816 2080 4195 2148 existimant
4249 2077 4365 2143 ad·

2436 2167 2568 2233 hue
2629 2165 2999 2233 substitisse
3062 2185 3179 2249 per
3240 2164 3400 2231 alios
3463 2163 3897 2248 quadraginta
3973 2164 4129 2231 dies.
4183 2170 4192 2177 '
4232 2162 4374 2232 Sed·

2437 2272 2647 2337 aeque
2702 2251 3036 2336 probabile
3079 2258 3180 2317 est
3220 2249 3435 2316 notari
3477 2262 3739 2332 tempus
3784 2247 4230 2316 indefinitum:
4288 2269 4368 2316 ao

2437 2339 2495 2403 si
2553 2337 2827 2403 dixisset
2878 2337 3142 2421 longam
3200 2336 3335 2400 illic
3386 2355 3638 2400 moram
3693 2334 4003 2418 populum
4070 2335 4370 2414 traxisse,

2437 2444 2524 2488 ex
2565 2443 2698 2507 qua
2737 2421 3044 2507 colligere
3099 2421 3328 2488 liceret
3376 2421 3553 2505 ipsos
3609 2420 3866 2486 consilii
3921 2420 4137 2503 inopia
4181 2418 4368 2503 quasi

2436 2508 2775 2575 exanimes
2829 2508 3128 2575 iacuisse.
3215 2506 3422 2572 Porro
3481 2503 3693 2572 Gades
3751 2505 4012 2571 Barnea
4067 2503 4369 2590 designat

2436 2594 2673 2676 Moses,
2715 2592 2894 2659 unde
2932 2592 3116 2659 missi
3159 2592 3420 2658 fuerant
3459 2590 3930 2674 exploratores:
3973 2610 4104 2655 non
4147 2600 4370 2655 autem

2436 2679 2684 2758 Gades,
2732 2678 2848 2745 ubi
2887 2688 3150 2745 mortua
3190 2686 3290 2743 est
3332 2676 3562 2757 Maria,
3607 2685 3674 2741 et
3718 2676 3995 2760 populus
4037 2675 4118 2740 ob
4163 2692 4366 2758 aquae

2432 2765 2759 2832 detectum
2801 2763 3262 2831 murmuravit.

2969 3104 3099 3172 Ex
3150 3102 3420 3171 DEU'P.
3467 3103 3663 3170 OAP.
3706 3102 3829 3168 lx.

2602 3276 2706 3342 22.
2751 3274 2844 3342 Et
2882 3275 2956 3342 in
3001 3274 3285 3341 Taberale
3326 3278 3385 3339 st
3423 3274 3494 3338 in
3538 3271 3838 3352 Massah,
3892 3275 3948 3336 et
4000 3271 4073 3337 in
4117 3268 4366 3335 Gibroth

2432 3360 2840 3429 Hafflhaaeah
2900 3360 2986 3427 ad
3047 3361 3218 3426 iram
3263 3358 3652 3443 provocastis
3707 3356 4018 3423 Iehovaou
4116 3354 4218 3421 23.
4276 3353 4370 3420 Et

2429 3466 2624 3533 quum
2664 3448 2940 3515 misisset
2979 3443 3380 3512 vosIclaavah
3420 3444 3494 3511 de
3534 3441 3733 3515 Clades
3765 3441 4045 3522 Barnea,
4081 3441 4368 3508 dicendo?

2431 3534 2779 3614 Asoendite,
2821 3536 2877 3599 et
2904 3532 3218 3614 possidete
3260 3535 3492 3596 terram
3529 3549 3721 3611 quam
3759 3527 3907 3595 dedi
3947 3526 4133 3605 vobis,
4174 3524 4368 3591 rubet-

2428 3614 3301 3687 lastisverbolehovaeDei
3355 3616 3577 3693 vestri,
3633 3634 3826 3695 mque
3878 3611 4236 3679 mdidistis
4289 3611 4367 3690 ei,

2429 3725 2622 3788 mue
2677 3703 3033 3770 obedivistis
3084 3703 3218 3769 voci
3261 3702 3413 3767 eius.
3502 3700 3606 3765 24.
3675 3699 3954 3765 Rebelles
4003 3696 4222 3780 fuistis
4269 3695 4368 3762 Ie-

2431 3791 2620 3858 hovae
2660 3811 2704 3856 a
2742 3790 2848 3856 die
2885 3808 3013 3872 qua
3054 3787 3300 3872 coynovi
3339 3805 3466 3853 vos.
3954 3849 3966 3863 ,

2604 3962 2706 4027 22.
2748 3959 2838 4026 Et
2873 3961 2944 4024 in
2983 3957 3285 4024 Taberah.
3371 3955 3575 4021 Plura
3628 3954 3929 4037 exempla
3984 3952 4177 4019 simul
4220 3952 4369 4019 bre·

2435 4048 2606 4115 viter
2649 4045 3068 4131 perstringit,
3114 4044 3350 4127 quibus
3393 4040 3709 4126 populum
3763 4037 4259 4124 ingratitudinis
4302 4044 4372 4103 et

2435 4134 2786 4214 continuae
2838 4131 3238 4214 pervicaciae
3255 4180 3270 4208 ,
3326 4126 3618 4211 adeoque
3675 4127 3863 4210 pravi
3923 4123 4172 4208 ingenii
4214 4143 4370 4190 con·

2434 4221 2678 4295 vincat,
2701 4216 2976 4301 perinde
2996 4215 3172 4281 enim
3197 4224 3299 4280 est
3319 4234 3395 4280 ac
3415 4215 3471 4280 si
3496 4214 3758 4289 diceret,
3784 4232 3911 4276 non
3936 4207 4137 4276 semel
4158 4228 4371 4292 neque

2434 4306 2504 4370 in
2550 4324 2683 4370 uno
2725 4323 2965 4388 genere
3008 4302 3149 4368 Deo
3195 4300 3393 4366 fuisse
3435 4297 3737 4364 rebelles:
3795 4295 3909 4361 sed
3954 4313 4370 4362 coacervasse

2434 4390 2662 4475 plures
2703 4408 2927 4465 none,
2969 4395 3050 4452 ut
3091 4386 3332 4451 mirum
3378 4386 3463 4451 sit
3504 4386 3699 4450 toties
3742 4382 3961 4448 Deum
4005 4379 4137 4447 illis
4180 4380 4370 4464 igno·

2436 4477 2626 4542 visse.
2714 4473 3001 4539 Nomina
3059 4473 3232 4537 enim
3293 4470 3450 4537 locis
3509 4469 3814 4553 imposita
3870 4475 4166 4533 recenset
4205 4483 4370 4548 quae

2435 4561 2753 4629 scelerum
2820 4566 3012 4623 erant
3082 4568 3540 4633 monumenta,
3606 4565 3682 4619 ut
3749 4553 4009 4619 tandem
4065 4551 4369 4616 desinant

2432 4647 2644 4714 facere
2740 4643 3007 4711 secandi
3063 4641 3363 4721 modum,
3427 4641 3584 4724 quia
3647 4637 3923 4706 subinde
3980 4643 4368 4722 provocatus

2433 4733 2633 4809 nimis
2722 4731 2785 4795 'u
2831 4750 2939 4795 eos
2983 4728 3396 4794 toleraverat.

2984 5068 3115 5135 EX
3160 5067 3428 5135 DEU'P.
3478 5065 3672 5132 OAP.
3720 5063 3811 5128 ΙΙ.

2607 5245 2665 5308 1.
2714 5242 2942 5309 Postea
2981 5240 3215 5307 reversi
3247 5238 3510 5323 profecti
3541 5253 3758 5301 mus
3801 5232 3868 5296 in
3909 5229 4223 5296 desertum
4244 5250 4372 5314 per

2430 5331 2603 5398 viam
2666 5329 2867 5395 maris
2934 5326 3115 5409 Suph
3128 5375 3145 5407 ,
3213 5321 3721 5408 queamdmodum
3796 5317 4089 5472 loffwtus
4161 5318 4372 5400 fuerat
