5017 6142
563 431 686 497 191

562 640 633 686 se
676 616 921 684 vidisse
977 614 1146 681 filios
1191 615 1405 694 Enac,
1464 620 1984 679 commemorant
2042 611 2240 677 nimis
2295 608 2499 677 ardua

564 705 701 770 fore
765 702 1126 770 certamina
1184 721 1332 767 cum
1378 698 1654 766 diversis
1708 698 1996 783 populis,
2054 698 2165 782 qui
2210 696 2499 780 undique

567 789 651 857 ad
694 787 1131 855 resistendum
1176 791 1537 852 occurrent.

738 875 840 941 31.
892 874 1118 939 Tacere
1155 871 1321 955 feeit.
1388 870 1468 937 Id
1514 880 1631 949 est,
1677 869 2077 953 compescuit
2110 868 2330 952 populi
2368 868 2499 933 fre-

564 962 802 1028 mitum
847 979 1065 1026 coram
1101 957 1297 1036 Mose,
1341 965 1566 1022 contra
1600 976 1791 1039 quem
1837 954 2241 1020 tumultuose
2284 955 2499 1020 insur-

565 1068 721 1133 gere
756 1052 1123 1129 coeperant.
1181 1041 1377 1110 Unde
1412 1049 1683 1126 apparet
1716 1040 1926 1106 multa
1961 1061 2128 1123 quae
2168 1039 2500 1107 subticen-

566 1142 676 1199 tur
730 1132 906 1197 ultro
962 1131 1250 1212 citroque
1310 1127 1514 1195 fuisse
1556 1127 1746 1193 dicta.
1835 1125 2064 1209 Neque
2104 1127 2279 1192 enim
2322 1123 2500 1191 cohi·

565 1217 817 1285 bandus
839 1217 961 1282 fuit
995 1216 1278 1298 impetus
1314 1214 1559 1299 populi,
1595 1212 1723 1278 nisi
1758 1232 2031 1278 accensa
2064 1210 2498 1278 contentione.

567 1303 791 1370 Verba
833 1313 1051 1368 autem
1096 1301 1236 1365 eius
1270 1298 1624 1366 ostendunt
1665 1298 1812 1381 quis
1856 1297 2054 1363 fuerit
2096 1306 2311 1363 status
2352 1318 2503 1363 cau-

567 1411 679 1456 sae
720 1397 788 1453 et
841 1385 1271 1471 quaestionis:
1318 1406 1554 1468 nempe
1598 1384 1820 1450 decem
1873 1382 2155 1467 perfidos
2200 1380 2498 1466 explora-

568 1485 746 1541 tores
804 1471 1176 1538 dehortatos
1239 1491 1383 1536 esse
1440 1468 1753 1554 populum
1772 1521 1787 1547 ,
1835 1491 1916 1534 ne
1960 1468 2161 1535 stulte
2204 1468 2502 1535 tenderet

567 1560 655 1627 ad
688 1571 935 1626 terram
970 1579 1164 1641 quam
1200 1555 1474 1640 adipisci
1503 1553 1904 1638 impossibile
1939 1566 2098 1634 erat,
2135 1576 2219 1620 ne
2254 1564 2502 1619 temere

566 1644 838 1731 aggredi
893 1650 1181 1709 tentaret
1236 1640 1668 1709 validissimos
1710 1640 1962 1715 hostes,
2028 1639 2263 1723 quibus
2306 1639 2500 1723 longe

567 1734 785 1815 impar
850 1738 993 1795 erat
1039 1730 1330 1794 futurus.
1418 1726 1714 1811 Opponit
1772 1736 1992 1792 autem
2047 1724 2250 1792 Galeb
2292 1726 2495 1791 victo-

566 1818 706 1884 riae
775 1816 1112 1881 fiduciam:
1186 1813 1341 1892 Nos,
1414 1814 1657 1896 inquit,
1737 1819 1978 1878 terram
2034 1810 2499 1877 obtinebimus:

569 1901 748 1970 unde
801 1901 1006 1967 sumit
1060 1898 1405 1964 materiam
1470 1896 1880 1965 exhortandi.
1977 1896 2183 1963 Porro
2233 1895 2502 1961 dubium

571 2008 707 2054 non
750 2000 850 2053 est
891 1987 1048 2068 quin
1092 1984 1520 2069 promissione
1558 1984 1682 2050 Dei
1717 1984 1924 2050 fretus
1967 1983 2333 2066 superiores
2368 1981 2503 2047 fore

568 2072 940 2147 crediderit,
986 2081 1178 2155 atque
1220 2071 1309 2135 ita
1366 2069 1674 2136 audacter
1715 2068 2105 2153 promiserit,
2148 2089 2349 2151 quum
2393 2067 2507 2133 alii

616 2179 690 2225 ro
741 2157 949 2223 nihilo
1011 2156 1350 2234 ducerent,
1410 2164 1763 2243 praeeunte
1830 2152 1955 2220 Dei
2002 2154 2260 2234 vexillo,
2309 2174 2509 2237 popu-

570 2180 709 2311 fum
751 2244 979 2309 venire
1027 2241 1107 2308 ad
1154 2241 1622 2307 haereditatem
1691 2240 1817 2307 sibi
1860 2241 2264 2324 promissam.
2354 2240 2503 2305 Non

571 2329 836 2395 videtur
894 2328 998 2394 his
1047 2347 1408 2412 congruere
1461 2326 1632 2410 quod
1685 2326 1914 2393 recitat
1976 2326 2198 2393 Moses
2260 2326 2317 2392 1.
2363 2346 2503 2425 cap.

573 2414 773 2481 Deut.
820 2413 929 2480 ubi
974 2412 1419 2496 exploratores
1465 2412 1824 2493 absolvens,
1873 2421 2078 2477 totam
2129 2412 2390 2495 culpam
2433 2433 2502 2476 1n

572 2500 886 2585 populum
912 2499 1148 2564 reiicit:
1188 2496 1302 2565 sod
1347 2497 1533 2564 facile
1578 2496 1853 2563 diluitur
1894 2496 2304 2564 absurditas:
2352 2497 2507 2581 quia

573 2586 708 2652 illic
769 2584 933 2650 nihil
987 2583 1164 2649 aliud
1220 2583 1345 2648 fuit
1400 2583 1575 2649 Mosi
1644 2585 2047 2668 propositum
2107 2604 2303 2666 quam
2361 2603 2506 2649 reos

574 2672 788 2738 facere
833 2670 1159 2737 Israelitas
1174 2721 1190 2747 ,
1248 2668 1364 2752 qui
1418 2690 1539 2735 sua
1592 2669 2006 2734 contumacia
2059 2668 2505 2751 promissionis

575 2758 706 2823 Dei
761 2757 1069 2822 effectum
1124 2755 1319 2840 longo
1368 2764 1662 2838 tempore
1705 2753 2154 2839 impedierant.
2242 2752 2507 2821 Omissa

575 2842 784 2927 igitur
826 2841 1140 2907 historiae
1183 2847 1369 2925 parte
1384 2891 1399 2920 ,
1456 2861 1621 2924 quac
1663 2838 1746 2906 ad
1788 2848 2201 2927 praesentem
2243 2860 2505 2907 causam

576 2949 711 2993 non
756 2926 1050 3004 faciebat,
1096 2933 1349 2991 tantum
1395 2926 1667 2992 assumit
1704 2924 1874 3010 quod
1917 2947 2026 2992 eos
2070 2926 2336 2997 tenebat
2370 2948 2505 2994 sce-

576 3012 783 3080 lestae
826 3010 1328 3096 ingratitudinis
1383 3013 1742 3080 convictos:
1789 3033 2020 3097 nempe
2081 3012 2161 3078 ab
2214 3012 2508 3096 explora-

580 3096 829 3165 toribus
862 3096 1196 3163 laudatam
1233 3097 1433 3164 fuisse
1477 3106 1692 3163 terrae
1727 3096 2209 3183 pinguedinem.
2275 3098 2508 3182 Itaque

579 3205 785 3269 quum
843 3184 1005 3249 satis
1054 3202 1376 3267 superque
1432 3183 1694 3269 cognita
1750 3191 1923 3250 esset
1981 3184 2107 3250 Dei
2150 3183 2509 3250 liberalitas

578 3269 837 3354 populo,
874 3290 1017 3335 eam
1053 3268 1454 3353 repudiando
1487 3270 1780 3354 graviter
1813 3290 2131 3353 peccasse.
2197 3269 2355 3336 Ideo
2390 3271 2511 3337 cri-

579 3375 735 3420 men
798 3355 866 3419 in
931 3376 1008 3420 eo
1064 3356 1330 3433 statuit,
1384 3354 1554 3439 quod
1620 3355 1896 3422 rebelles
1949 3355 2195 3421 fuerint
2252 3357 2349 3422 ori
2395 3363 2510 3421 aut

580 3437 785 3505 verbo
826 3439 1140 3507 Iehovae:
1188 3441 1341 3525 quia
1374 3441 1624 3507 scilicet
1655 3448 2001 3509 vocantem
2039 3442 2219 3525 sequi
2265 3440 2511 3509 detrec-

581 3526 890 3591 taverint.
980 3524 1176 3607 Quod
1250 3527 1356 3594 hio
1429 3528 1545 3591 uni
1616 3526 1819 3593 Caleb
1891 3526 2200 3595 adscribit
2270 3528 2510 3605 Moses,

582 3610 738 3677 alibi
802 3629 1147 3676 commune
1202 3611 1356 3679 facit
1412 3633 1562 3678 cum
1605 3612 1902 3681 Iehosua.
1990 3613 2261 3680 Certum
2306 3613 2511 3699 igitur

581 3705 683 3764 est
724 3717 930 3761 unum
975 3716 1092 3779 pro
1135 3695 1385 3763 duobus
1422 3698 1622 3763 verba
1662 3698 1908 3780 fecisse,
1950 3709 2015 3766 et
2058 3698 2339 3766 Iehosua
2376 3720 2514 3767 mo·

582 3781 765 3850 deste
818 3780 1302 3865 prudenterquo
1364 3783 1674 3861 tacuisse,
1741 3805 1824 3849 no
1869 3785 2136 3851 confusa
2179 3786 2514 3852 altercatio

583 3877 978 3935 nasceretur.
1059 3867 1431 3935 Probabilis
1477 3878 1696 3934 tamen
1742 3869 2116 3937 coniectura
2160 3880 2277 3951 est,
2322 3873 2389 3937 in
2436 3892 2512 3938 eo

582 3954 695 4038 qui
738 3952 1044 4019 laudatur
1104 3954 1254 4039 plus
1298 3954 1610 4021 enituisse
1655 3954 2056 4021 fortitudinis
2101 3966 2167 4021 et
2209 3965 2515 4023 constan-

583 4041 733 4105 tiae.
820 4039 1224 4122 Perspicitur
1266 4050 1488 4106 autem
1532 4041 1737 4106 Mosis
1781 4040 2145 4126 integritas,
2192 4040 2348 4107 dum
2394 4042 2518 4110 Ca-

587 4123 693 4190 leb
755 4123 1180 4207 praeferendo
1201 4177 1219 4206 ,
1284 4126 1569 4192 ministri
1634 4128 1735 4192 sui
1778 4127 2067 4193 laudem·
2103 4128 2407 4195 obscurat
2451 4137 2522 4193 et

585 4210 844 4276 minuit.

754 4295 858 4361 32.
902 4294 995 4361 At
1026 4296 1153 4361 viri
1174 4298 1285 4377 qui
1304 4296 1722 4363 ascenderant.
1779 4296 1908 4364 Hic
1938 4299 2122 4380 quasi
2145 4300 2215 4363 in
2257 4300 2519 4384 speculo

583 4381 945 4460 cernimus,
1004 4389 1080 4446 ut
1135 4382 1434 4466 impietas
1489 4383 1804 4466 paulatim
1861 4381 2143 4450 audendi
2187 4384 2520 4451 licentiam

584 4466 866 4551 colligat.
955 4465 1153 4532 Initio
1204 4467 1535 4551 flexiloqui
1585 4475 1774 4534 erant
1817 4468 2194 4547 defectionis
2239 4479 2517 4550 autores,

583 4573 783 4637 seque
849 4552 1118 4618 obscure
1174 4553 1620 4620 insinuabant:
1689 4576 1863 4621 nunc
1906 4554 2154 4622 abiecta
2196 4577 2518 4623 verecun-

584 4638 721 4718 dia,
782 4638 996 4723 palam
1055 4647 1121 4703 et
1178 4640 1415 4705 acriter
1472 4660 1543 4705 se
1587 4648 1929 4725 opponunt
1965 4643 2250 4707 sermoni
2295 4641 2518 4709 Caleb.

585 4722 779 4807 Quod
834 4733 1008 4789 certe
1068 4744 1195 4790 non
1258 4723 1434 4790 aliud
1486 4725 1609 4790 fuit
1663 4746 1855 4809 quam
1914 4725 2108 4792 fidem
2176 4726 2522 4793 detrahere

588 4811 712 4875 Dei
748 4810 976 4890 verbo,
1029 4819 1096 4874 et
1138 4810 1453 4876 virtutem
1490 4811 1630 4876 eius
1676 4812 2089 4878 floccifacere.
2176 4813 2524 4880 Pollicitus

581 4898 795 4962 fuerat
827 4893 1014 4960 Deus
1050 4904 1293 4962 terram
1337 4896 1685 4963 Israelitis:
1740 4896 1806 4962 id
1856 4897 2178 4963 facturum
2229 4920 2370 4965 esse
2408 4920 2524 4964 ne·

587 4991 762 5049 eant.
830 4981 1063 5048 Multis
1096 4983 1558 5065 experimentis
1592 4982 1980 5066 probaverat
2022 4984 2189 5049 nihil
2222 4984 2345 5050 sibi
2381 5006 2526 5051 esse

585 5034 881 5133 difficile:
928 5067 1068 5134 eius
1112 5068 1429 5133 auxillum
1473 5070 1770 5134 sufficere
1814 5079 2063 5153 negant
2105 5070 2389 5136 hostium
2436 5070 2529 5138 vi-

588 5152 785 5219 ribus.
855 5152 1033 5236 Quin
1077 5153 1275 5219 etiam
1320 5174 1396 5219 eo
1440 5155 1701 5220 tandem
1745 5154 2185 5238 impudentiae
2227 5177 2528 5240 perrum-

588 5247 785 5322 punt,
840 5249 915 5303 ut
971 5240 1345 5305 mentiondo
1386 5261 1604 5306 secum
1649 5241 1774 5324 ipsi
1818 5261 2113 5325 pugnare
2165 5263 2293 5307 non
2339 5242 2526 5307 dubi-

589 5331 751 5389 tent.
840 5323 1133 5393 Confessi
1186 5325 1451 5395 fuerant
1499 5339 1738 5393 terram
1799 5346 1940 5393 esse
1980 5327 2294 5412 opimam:
2345 5350 2527 5396 nnuc

1956 421 2366 498 REDI'I'US
2412 422 2542 489 AD
2590 420 3134 491 HISTORIAM.

4424 418 4550 486 192

2602 613 2847 679 iactant
2910 631 3292 680 consumere
3350 618 3464 677 aut
3519 630 3755 677 vorare
3820 631 3970 678 suos
4033 609 4306 676 incolas:
4372 608 4551 694 qnod

2601 718 2870 783 prorsus
2906 697 3305 764 contrarium
3343 708 3459 763 est.
3526 695 3946 763 Tantundem
3989 697 4166 762 enim
4206 695 4330 762 hoc
4369 694 4552 762 valet

2602 805 2679 850 ao
2721 785 2778 850 si
2836 783 3154 861 dicerent,
3201 783 3475 849 miseros
3532 782 3830 849 homines
3873 783 3939 847 in
4000 801 4079 848 ea
4142 778 4413 847 colenda
4471 800 4546 847 se

2600 888 2933 936 macerare
2986 868 3265 935 assiduis
3318 868 3680 935 laboribus:
3741 866 3845 935 vel
3897 877 4073 935 certe
4129 867 4295 935 coeli
4342 866 4550 933 incle-

2601 954 2850 1020 mentia
2884 974 3026 1021 esse
3047 954 3441 1038 pestiferam,
3478 974 3752 1038 quorum
3786 962 4136 1037 utrumque
4168 954 4293 1019 fuit
4326 953 4550 1018 vanis-

2602 1042 2860 1108 simum.
2948 1039 3143 1123 Quod
3229 1039 3612 1125 intelligunt
3684 1038 3948 1124 quidam
4038 1037 4119 1106 de
4202 1041 4548 1126 gigantum

2603 1126 2939 1207 violentia,
3015 1127 3124 1209 qui
3188 1123 3494 1192 caedibus
3573 1126 3795 1192 omnia
3857 1147 3930 1192 re
3975 1125 4220 1205 lerent,
4294 1126 4550 1192 ratione

2603 1220 2813 1279 caret:
2870 1211 3022 1295 quia
3077 1210 3198 1278 hoc
3256 1211 3501 1276 malum
3556 1212 3795 1295 populo
3859 1212 4131 1276 minime
4184 1212 4551 1278 timendum

2605 1308 2774 1373 erat,
2843 1297 3207 1381 profligatis
3269 1296 3518 1363 incolis.
3604 1297 3838 1381 Itaque
3902 1317 4038 1363 non
4104 1295 4326 1363 dubito
4391 1299 4550 1382 quin

2603 1383 2977 1467 significent
3004 1382 3328 1449 culturam
3355 1392 3568 1449 terrae
3597 1382 3925 1450 difficilem
3960 1402 4123 1462 esse,
4158 1382 4422 1467 plenam
4468 1404 4552 1449 ue

2602 1468 2831 1534 multis
2874 1468 3210 1536 molestiis.
3297 1468 3376 1533 In
3417 1470 3545 1534 fine
3588 1468 3806 1534 ultimi
3862 1489 4128 1547 versus,
4197 1469 4308 1535 ubi
4349 1469 4440 1535 ha
4525 1506 4552 1519 -

2604 1565 2744 1621 tur:
2791 1553 2980 1620 Sicut
3020 1555 3335 1630 locustae,
3390 1561 3511 1620 etc.
3557 1555 3862 1621 existimo
3909 1575 4097 1621 voces
4140 1575 4285 1621 esse
4327 1556 4550 1624 inver-

2604 1660 2741 1706 sas:
2801 1639 3070 1724 ideoque
3126 1641 3220 1706 sic
3255 1638 3490 1707 debere
3532 1640 3823 1707 contexi:
3875 1639 4065 1706 Sicut
4106 1639 4400 1706 locustae
4446 1640 4555 1708 de-

2605 1727 2858 1809 spectui
2902 1736 3062 1791 sunt
3102 1727 3174 1791 in
3218 1725 3422 1792 oculis
3467 1726 3736 1806 nostris,
3789 1727 3883 1793 ita
3937 1726 4020 1792 ob
4063 1725 4370 1809 pusillam
4416 1734 4553 1793 sta-

2605 1820 2824 1878 turam
2866 1831 2909 1878 a
2948 1811 3332 1897 gigantibus
3374 1810 3508 1878 illis
3550 1812 3796 1879 fuimus
3839 1812 4143 1895 despecti.

3163 2153 3514 2221 NUMER.
3560 2153 3760 2221 CAP.
3807 2153 3999 2221 xlv.

2785 2325 2841 2391 1.
2893 2326 3068 2391 Tune
3122 2324 3376 2392 sustulit
3424 2326 3760 2391 universus
3813 2330 4044 2405 coetus,
4108 2324 4555 2407 edideruutque

2606 2430 2809 2479 vocem
2849 2431 3052 2492 suana,
3094 2416 3154 2476 et
3188 2411 3360 2490 flevit
3402 2411 3682 2493 populus
3722 2416 3890 2479 noete
3929 2411 4067 2478 illa.
4157 2411 4218 2476 2.
4261 2409 4349 2476 Et
4383 2432 4555 2477 mur-

2605 2502 3011 2563 muraverunt
3043 2498 3345 2564 adversus
3365 2495 3585 2563 Mosen
3617 2502 3671 2563 et
3718 2498 4021 2563 adversus
4041 2496 4306 2564 Aharon
4348 2517 4555 2564 omnes

2605 2583 2734 2666 filii
2777 2582 3021 2649 Israel:
3075 2603 3151 2649 ae
3191 2583 3487 2649 dixerunt
3538 2584 3837 2649 universa
3876 2583 4242 2649 multitudo.-
4295 2581 4554 2650 Utinam

2610 2668 2842 2734 mortui
2881 2688 3156 2735 essemus
3207 2669 3277 2734 in
3330 2673 3502 2734 terra
3542 2670 3840 2753 Aeyypti:
3892 2673 4004 2735 aad
4057 2669 4131 2734 iu
4169 2668 4404 2735 deserto
4444 2668 4555 2736 hoe

2610 2755 2857 2820 utinam
2910 2755 3143 2821 mortui
3197 2773 3486 2820 essemus.
3573 2755 3633 2821 3.
3691 2754 3781 2820 Et
3833 2774 4028 2837 quare
4076 2753 4308 2821 Iehova
4359 2756 4553 2822 intro-

2607 2841 2782 2908 ducit
2830 2861 2944 2907 nos
2998 2841 3071 2906 in
3126 2840 3285 2906 ham
3324 2845 3560 2906 terram
3598 2845 3672 2906 ut
3710 2841 4014 2907 cadamus
4050 2839 4281 2925 qladio,
4323 2860 4554 2907 uxores

2609 2931 2857 2992 nostrae
2904 2926 3270 3008 etparvuli
3329 2927 3529 2992 nostm'
3589 2927 3720 2993 sint
3778 2925 4262 3008 inprotectam?
4332 2926 4556 2992 Nonne

2609 3013 2815 3078 satius
2859 3017 3013 3079 esset
3052 3012 3229 3078 nobis
3268 3012 3494 3078 reverti
3539 3012 3605 3077 in
3647 3012 4052 3096 Aeyyptum?
4129 3011 4190 3076 4.
4234 3010 4558 3078 Dixemnt

2612 3099 2821 3181 itaque
2863 3098 3021 3165 alter
3061 3099 3148 3164 ad
3190 3098 3491 3163 alterum.-
3552 3093 4017 3165 Constituamus
4056 3097 4308 3174 ducem,
4364 3102 4422 3162 et
4460 3118 4555 3164 re-

2611 3189 2927 3251 vertamur
2987 3185 3059 3250 in
3122 3186 3490 3268 Aeyyptum.
3599 3182 3661 3249 5.
3723 3183 3897 3252 Tune
3966 3183 4184 3250 cecidit
4237 3181 4451 3249 Moses
4502 3187 4558 3249 et

2614 3269 2882 3336 Aharon
2952 3289 3146 3353 super
3205 3270 3436 3353 faeiem
3497 3289 3683 3336 suam
3759 3288 3970 3335 eoram
4032 3269 4326 3335 universo
4390 3274 4559 3335 coetu

2613 3344 3099 3509 wad&
3128 3354 3682 3524 sssssmssmfj'ffl
3708 3354 4560 3523 affessssssmatmmffiff

2613 3528 2927 3595 salierunt
2969 3528 3330 3594 vestimenta
3370 3548 3510 3593 sua.
3584 3528 3642 3593 7.
3689 3525 3790 3592 Ae
3828 3527 4066 3610 loquuti
4105 3530 4250 3594 sunt
4292 3527 4379 3592 ad
4420 3527 4560 3592 uui-

2613 3634 2858 3681 versum
2899 3613 3420 3698 eonyreyatiouem
3447 3613 3728 3695 filiorum
3750 3612 3978 3693 Israel,
4023 3612 4311 3680 diemde.-
4358 3613 4561 3678 Terra

2602 3721 2727 3783 per
2780 3720 2970 3784 quam
3011 3700 3424 3766 transivimus
3479 3703 3550 3763 ut
3601 3698 4067 3781 exploraremus
4109 3717 4248 3765 eam
4264 3749 4280 3777 ,
4325 3699 4563 3782 optima

2611 3791 2816 3852 terrra
2856 3790 2962 3852 est.
3051 3784 3110 3851 8.
3157 3784 3236 3851 Si
3268 3783 3694 3867 complacitum
3724 3785 3924 3868 fuerit
3958 3783 4223 3851 Iehovae
4258 3785 4331 3850 in
4362 3784 4559 3863 nobis,

2613 3872 2954 3939 introducet
2993 3891 3107 3938 nos
3149 3873 3220 3936 in
3260 3876 3492 3937 terram
3533 3871 3746 3949 istam,
3799 3870 4112 3953 tradetque
4165 3890 4303 3936 eam
4365 3870 4561 3950 nobis,

2613 3964 2849 4024 terram
2890 3978 3051 4041 quae
3092 3957 3301 4041 affluit
3331 3956 3481 4022 laete
3522 3961 3579 4022 et
3619 3955 3811 4023 melle.
3879 3955 3941 4022 9.
3993 3957 4269 4023 Tantum
4308 3976 4384 4021 ue
4416 3956 4563 4023 sitis

2615 4043 2860 4111 rebelles
2894 4043 3179 4121 Iehovae,
3221 4062 3415 4125 neque
3455 4042 3727 4108 timeatis
3748 4042 4057 4124 poputum
4097 4047 4302 4108 terrae
4342 4041 4561 4107 huius.-

2617 4130 2771 4212 quia
2838 4130 3017 4195 velut
3075 4129 3275 4210 panis
3334 4133 3537 4193 noster
3608 4133 3786 4208 sunt,
3860 4129 4112 4194 recessit
4162 4127 4563 4210 praesidium

2617 4235 2831 4281 eorum
2871 4215 2952 4281 ab
2997 4216 3190 4297 ipsis.-
3234 4212 3463 4279 Iehova
3503 4219 3710 4280 autem
3750 4212 4065 4280 nobiscum
4106 4218 4226 4293 est,
4273 4234 4348 4278 ne
4390 4213 4564 4279 time·

2620 4301 2746 4367 atis
2790 4321 2906 4368 eos.

2796 4472 2853 4538 1.
2923 4472 3094 4537 Tune
3155 4471 3408 4537 sustulit
3470 4471 3821 4536 universus
3909 4470 4042 4537 Hic
4107 4469 4437 4551 videmus,
4490 4476 4564 4536 ut

2622 4557 2806 4623 facile
2841 4577 2879 4622 a
2920 4558 3143 4640 paucis
3195 4555 3472 4623 flabellis
3521 4558 3844 4623 excitetur
3901 4555 4131 4623 seditio
4187 4556 4257 4621 in
4324 4576 4564 4641 magna

2626 4643 2838 4709 turba.
2927 4643 3223 4726 Populus
3258 4643 3467 4720 enim,
3520 4643 3646 4708 nisi
3704 4643 3921 4707 alieno
3966 4642 4236 4709 consilio
4272 4651 4562 4726 regatur,

2622 4730 2835 4795 instar
2889 4730 3091 4796 maris
3132 4738 3233 4795 est
3286 4727 3548 4795 obnoxii
3601 4728 3825 4794 multis
3869 4729 4383 4812 tempestatibus.
4472 4728 4565 4794 Et

2626 4816 2748 4881 hoc
2796 4816 2970 4881 inter
3025 4815 3374 4880 innumera
3417 4814 3545 4880 alia
3587 4814 3762 4880 mala
3803 4813 4102 4897 producit
4144 4814 4416 4880 humani
4458 4835 4566 4898 ge-

2627 4901 2803 4966 neris
2846 4901 3199 4985 corruptiO,
3260 4910 3337 4966 ut
3381 4900 3717 4966 mendacia
3757 4909 3823 4965 et
3861 4901 4262 4984 imposturae
4297 4900 4566 4965 veritati

2625 4987 3064 5070 praevaleant.
3149 4986 3312 5051 Fuit
3391 4985 3651 5070 quidem
3728 4986 3961 5068 aliquis
4046 4985 4310 5052 errandi
4390 4985 4565 5051 color

2625 5072 2893 5156 populo,
2949 5071 3119 5156 quod
3165 5071 3470 5139 videbant
3512 5071 3733 5139 decem
3779 5072 4065 5138 tribuum
4109 5071 4567 5139 selectissimos

2626 5156 2822 5225 duces
2857 5156 3188 5224 dehortari
3223 5159 3304 5225 ab
3349 5178 3609 5225 accessu
3653 5163 3886 5235 terrae,
3923 5155 4083 5224 duos
4123 5165 4378 5224 tantum
4423 5175 4568 5224 esse

2626 5243 2939 5328 pergendi
3002 5253 3279 5310 autores.
3369 5244 3502 5311 Sed
3567 5243 3916 5310 credulitas
3979 5244 4136 5324 ista,
4218 5242 4298 5310 ad
4365 5263 4566 5327 quam

2631 5330 2825 5395 nimis
2864 5330 3129 5397 fuerunt
3171 5332 3511 5415 propensi,
3569 5330 3983 5397 excusatione
4025 5337 4233 5412 caret,
4288 5329 4439 5413 quia
4482 5328 4563 5395 ab
