5017 6142
445 398 528 467 97
1869 395 2276 465 REDITUS
2320 395 2451 464 AD
2495 394 3042 464 HISTORIAM.
4386 396 4478 466 98

446 587 587 655 fore
643 584 1055 670 promittens.
1145 581 1415 648 Interea
1459 588 1532 648 ut
1575 581 1700 665 ipsi
1759 603 2019 668 quoque
2077 585 2404 670 supplices

446 671 832 758 confugiant
887 668 971 735 ad
1029 666 1157 736 Dei
1201 665 1742 747 misericordiam,
1790 667 1871 735 de
1931 670 2195 737 sceleris
2252 692 2405 756 gra-

446 761 650 826 vitate
694 777 805 824 eos
842 755 1169 822 admonet.
1224 752 1443 819 Verba
1482 752 1789 821 hebraica
1820 757 2087 840 proprie
2130 767 2398 823 sonant:

446 844 779 912 Peecastis
824 848 1162 927 peccatum
1207 861 1543 925 magnum.
1604 839 1687 904 In
1724 861 1919 907 sensu
1965 849 2184 908 tamen
2222 843 2406 908 nulla

449 937 552 998 est
609 927 1035 1013 ambiguitas:
1097 926 1249 1011 quia
1302 934 1377 991 ut
1427 925 1599 993 serio
1665 925 1749 992 ad
1808 927 2278 1010 poenitentiam
2335 949 2405 995 se

450 1024 850 1099 comparent,
909 1014 1243 1099 proposita
1298 1011 1563 1079 sceleris
1627 1011 2081 1098 magnitudine
2136 1013 2403 1080 humili-

452 1110 663 1168 antur.
754 1098 1008 1167 Eodem
1072 1098 1360 1183 pertinet
1414 1097 1740 1183 particula
1782 1084 1916 1169 '‘7³10ae
1978 1121 2147 1183 quae
2208 1121 2405 1185 saepe

449 1195 552 1255 est
596 1185 983 1252 dubitantis:
1031 1183 1144 1252 sed
1190 1184 1317 1264 hic,
1365 1194 1440 1249 ut
1479 1184 1653 1250 alliis
1689 1183 1988 1268 pluribus
2029 1185 2210 1266 locis,
2258 1194 2403 1251 tan-

450 1288 594 1340 tum
640 1272 1087 1339 difficultatem
1136 1278 1352 1336 notat:
1398 1290 1483 1336 ne
1527 1290 1755 1336 secure
1796 1279 1866 1337 et
1909 1271 2258 1356 neglectim
2304 1270 2408 1357 (ut

449 1361 593 1426 fieri
640 1356 828 1444 solet)
884 1357 963 1423 de
1021 1355 1303 1441 petenda
1362 1355 1554 1422 venia
1587 1357 1910 1442 cogitent,
1971 1357 2084 1424 sed
2130 1356 2407 1425 sollicita

452 1444 832 1512 attentione.
923 1441 1035 1511 Sic
1115 1463 1317 1526 quum
1397 1442 1638 1523 Petrus
1719 1440 2055 1510 Simonem
2138 1465 2404 1528 magum

451 1531 824 1615 alloquitur,
879 1528 1061 1593 iubet
1112 1549 1262 1593 eum
1319 1527 1601 1610 precari,
1658 1529 1714 1594 si
1764 1528 1931 1595 forte
1990 1529 2288 1596 remittat
2346 1529 2405 1595 ei

452 1618 639 1684 Deus
664 1615 1081 1699 iniquitatem
1122 1612 1297 1699 (Act.
1336 1614 1396 1691 8,
1432 1612 1576 1700 22):
1616 1635 1751 1679 non
1780 1622 1857 1679 ut
1886 1615 2106 1681 animo
2144 1615 2409 1682 vacillet

452 1711 569 1769 aut
619 1703 1009 1780 fluctuetur,
1068 1712 1144 1766 ut
1200 1700 1311 1783 qui
1357 1700 1657 1783 suspensi
1702 1708 1861 1767 sunt
1904 1721 1980 1767 ac
2023 1700 2235 1768 dubii:
2293 1699 2407 1768 sed

453 1796 528 1855 ut
593 1797 775 1854 metu
847 1786 987 1853 irae
1065 1784 1194 1851 Dei
1239 1786 1707 1870 expavefactus
1784 1788 1979 1852 anxie
2044 1787 2408 1854 remedium

495 1884 743 1941 uaerat.

451 1896 493 1959 q
626 1960 730 2026 31.
801 1958 1115 2024 Reversus
1155 1962 1246 2023 est
1297 1958 1507 2040 itaque
1546 1957 1781 2023 Moses,
1870 1958 2056 2025 Haec
2114 1958 2409 2025 narratio

450 2067 585 2112 non
624 2045 892 2129 ponitur
928 2066 1047 2111 suo
1091 2043 1262 2110 loeo:
1309 2045 1460 2127 quia
1506 2045 1816 2127 temporis
1860 2046 2096 2111 seriem
2141 2043 2407 2131 (utiam

452 2132 699 2199 dictum
737 2129 863 2217 est)
898 2151 1028 2195 non
1065 2137 1294 2196 exacte
1331 2138 1553 2195 servat
1596 2130 1832 2196 Moses.
1901 2129 2073 2195 Nam
2108 2133 2409 2215 proximo

452 2219 666 2302 eapite
723 2216 1124 2296 videbimus,
1190 2216 1410 2282 Deum
1480 2236 1721 2300 negare
1790 2214 1871 2282 de
1937 2216 2173 2300 angelo
2237 2215 2406 2300 quod

452 2325 631 2369 nunc
695 2301 1009 2370 concedit.
1113 2301 1352 2368 Dicere
1408 2310 1625 2367 autem
1687 2301 2039 2386 quemlibet
2099 2302 2409 2388 angelum

451 2408 634 2456 nunc
676 2390 1007 2473 promitti,
1073 2387 1144 2452 in
1181 2408 1307 2471 quo
1350 2388 1534 2453 Deus
1574 2408 1644 2453 se
1688 2409 1822 2453 non
1858 2389 1950 2453 ita
1994 2397 2406 2473 praesentem

453 2474 764 2542 exhibeat
824 2486 897 2540 ut
938 2473 1289 2553 hactenus,
1348 2494 1603 2538 merum
1649 2483 1750 2540 est
1792 2474 2124 2541 cavillum.
2213 2474 2411 2541 Nunc

453 2582 611 2647 ergo
698 2561 992 2627 breviter
1077 2568 1546 2626 commemorat
1630 2560 1850 2626 Moses
1936 2559 2105 2643 quod
2184 2568 2410 2644 postea

453 2649 664 2714 fusius
708 2646 1092 2729 explicabit,
1160 2642 1479 2728 quomodo
1540 2644 1788 2713 scilicet
1852 2646 2148 2728 placatus
2209 2647 2412 2712 fuerit

454 2732 659 2813 Deus,
701 2745 768 2797 et
809 2754 959 2799 cum
1004 2732 1241 2816 populo
1285 2731 1555 2796 redierit
1598 2732 1666 2796 in
1714 2734 2013 2815 gratiam,
2059 2731 2227 2816 quod
2273 2752 2404 2796 non

454 2828 609 2885 ante
644 2818 887 2884 factum
934 2818 1060 2883 fuit
1102 2839 1296 2900 quam
1343 2816 1456 2882 ubi
1500 2819 1716 2883 iussus
1760 2829 1862 2883 est
1904 2838 2109 2883 novas
2152 2818 2407 2884 tabulas

454 2905 751 2989 sculpere
809 2904 917 2969 vel
973 2902 1214 2969 dolare.
1305 2904 1395 2968 Et
1453 2904 1694 2969 scimus
1750 2904 2078 2970 Hebraeis
2137 2903 2406 2969 modum

453 2989 760 3074 loquendi
819 2990 891 3054 in
947 3010 1072 3055 usu
1116 2989 1445 3071 frequenti
1489 3010 1662 3070 esse,
1719 2996 1791 3055 ut
1850 3010 2071 3055 rerum
2116 3010 2407 3056 summas

456 3078 806 3162 attingant,
852 3074 1086 3142 deinde
1120 3077 1190 3140 in
1228 3074 1536 3141 historiae
1579 3084 1891 3143 contextu
1934 3084 2205 3141 narrent
2242 3096 2407 3160 quae

456 3164 723 3230 fuerunt
785 3164 1045 3227 omissa.
1149 3160 1514 3227 Exordium
1609 3183 1765 3227 vero
1841 3161 2239 3246 precationis
2307 3168 2409 3227 est

455 3248 808 3316 confessio:
871 3249 1025 3332 quia
1080 3248 1149 3313 in
1206 3260 1341 3313 tam
1406 3248 1679 3314 scelesta
1722 3245 2198 3333 ingratitudine
2240 3247 2407 3312 nihil

455 3335 745 3401 restabat
789 3334 921 3401 nisi
964 3334 1223 3419 culpam
1269 3333 1441 3400 ultro
1487 3353 1870 3419 agnoscere:
1917 3343 1989 3398 ut
2031 3332 2302 3417 perditis
2339 3344 2407 3398 et

455 3421 819 3505 desperatis
884 3441 1016 3487 non
1071 3420 1225 3486 alibi
1286 3418 1567 3503 petenda
1625 3431 1799 3486 esset
1853 3419 2033 3486 salus
2096 3441 2293 3502 quam
2336 3419 2405 3483 in

454 3508 582 3574 Dei
641 3506 1100 3572 misericordia.
1190 3506 1361 3571 Nam
1408 3506 1787 3591 hypocritae
1841 3505 2017 3571 mala
2061 3526 2180 3571 sua
2223 3513 2406 3569 exte-

453 3592 725 3658 nuando
763 3592 928 3657 nihil
966 3590 1145 3658 aliud
1181 3613 1378 3675 quam
1422 3594 1590 3658 iram
1635 3594 1776 3659 eius
1813 3592 2024 3675 magis
2069 3591 2406 3676 magisque

454 3677 841 3745 accendunt.
902 3678 1239 3744 Particula
1274 3691 1428 3753 ΜΝ,
1465 3699 1659 3760 quam
1699 3690 1847 3761 post
1885 3679 2045 3742 alios
2091 3678 2406 3742 vertimus

455 3762 778 3843 Obsecr0,
846 3763 1179 3829 interdum
1238 3773 1336 3829 est
1404 3764 1758 3843 hortantis,
1827 3772 1895 3828 et
1952 3763 2233 3828 sumitur
2290 3783 2406 3845 pro

455 3850 795 3934 Agedum:
850 3849 960 3916 hic
1020 3857 1279 3915 tantum
1339 3850 1664 3934 significat
1701 3849 1872 3933 quod
1907 3848 2137 3914 Latini
2182 3847 2408 3914 dicunt

456 3935 734 4002 Amabo.
822 3935 1181 4020 Postquam
1239 3945 1458 4001 autem
1519 3946 1774 4001 reatum
1819 3932 2079 3998 fatendo
2124 3934 2409 4001 occurrit

456 4020 698 4087 iudicio
744 4019 907 4100 Dei,
953 4021 1203 4105 ignosci
1249 4031 1470 4086 tamen
1530 4021 1846 4105 postulat:
1907 4020 2104 4102 idque
2149 4040 2407 4086 summo

456 4106 719 4182 ardore,
809 4106 921 4189 qui
1018 4128 1385 4173 sermonem
1491 4103 1964 4190 quodammodo
2051 4105 2404 4189 abrumpit.

455 4191 805 4259 Defectiva
850 4192 1027 4257 enim
1072 4202 1170 4257 est
1215 4192 1455 4257 oratio:
1516 4193 1744 4276 quales
1787 4199 1943 4258 sunt
1996 4191 2406 4275 patheticae:

455 4276 532 4346 Si
566 4280 885 4363 ignoscas.
945 4276 1021 4346 Si
1054 4279 1200 4361 quis
1239 4279 1627 4361 particulam
1663 4292 1759 4346 Dr:
1798 4277 2072 4363 accipiat
2105 4299 2225 4362 pro
2258 4278 2407 4344 Uti-

455 4386 642 4442 nam,
699 4385 830 4430 non
889 4385 1202 4449 repugn0.
1291 4363 1579 4429 Videtur
1636 4378 1854 4430 tamen
1911 4385 2069 4448 prae
2135 4364 2406 4431 affectus

454 4451 874 4518 vehementia
957 4471 1384 4534 prorumpere
1464 4452 1532 4515 in
1608 4451 2176 4528 exclamationem,
2243 4470 2283 4515 o
2349 4450 2407 4517 si

453 4537 771 4616 remittas,
831 4558 1201 4620 quanquam
1267 4544 1480 4620 potest
1561 4558 1702 4603 esse
1752 4533 2122 4603 verecunda
2182 4544 2404 4619 postu-

453 4623 648 4707 latio,
710 4624 763 4689 si
808 4624 1200 4709 interroget:
1271 4624 1379 4687 An
1437 4630 1512 4689 tu
1561 4622 1897 4689 remittes?
1976 4622 2148 4685 Nam
2193 4622 2288 4687 ita
2321 4645 2404 4688 ex

452 4709 695 4776 fiducia
737 4716 1005 4774 manant
1050 4717 1202 4774 vota
1243 4716 1642 4789 sanctorum,
1680 4718 1755 4774 ut
1792 4724 2011 4773 tamen
2053 4726 2204 4771 cum
2249 4707 2404 4774 hae-

455 4796 768 4861 sitatione
823 4795 1186 4869 luctentur,
1248 4815 1324 4861 ae
1369 4816 1589 4862 secum
1637 4794 2030 4877 disceptent,
2088 4815 2173 4857 an
2223 4794 2405 4860 Deus

458 4882 617 4947 velit
698 4880 1034 4946 exaudire.
1122 4880 1303 4945 Hinc
1368 4883 1445 4947 fit
1509 4892 1584 4945 ut
1651 4879 2027 4946 dubitanter
2092 4879 2406 4946 inchoent

456 4989 682 5051 preces
725 4988 900 5046 suas,
946 4964 1152 5031 donec
1194 4967 1571 5050 praevaleat
1612 4965 1790 5031 fides.
1856 4964 1988 5031 Sed
2033 4965 2203 5047 quod
2248 4988 2405 5032 mox

455 5053 754 5137 sequitur
794 5053 1020 5119 multis
1058 5052 1267 5119 modis
1314 5053 1519 5119 videri
1562 5061 1782 5136 posset
1824 5051 2208 5118 absurdum:
2256 5054 2407 5135 quia

458 5149 526 5206 et
568 5140 913 5222 imperiose
956 5139 1168 5223 legem
1214 5140 1356 5204 Deo
1400 5138 1785 5223 praescribit
1827 5138 2065 5217 Mesoa,
2111 5146 2178 5203 ct
2220 5159 2405 5221 prae-

458 5227 638 5310 cipiti
674 5229 941 5309 impetu,
979 5234 1298 5309 quantum
1336 5226 1405 5290 in
1435 5247 1503 5291 se
1527 5233 1642 5305 est,
1688 5224 2034 5290 labefactat
2066 5234 2405 5290 aeternum

458 5313 600 5378 eius
644 5312 1026 5378 consilium:
1089 5321 1152 5377 et
1198 5311 1680 5378 inconsiderate
1733 5332 1852 5376 sua
1896 5311 2111 5393 ipsum
2156 5310 2406 5376 iustitia

632 5412 857 5471 Gabini
886 5431 1070 5485 opera.
1152 5415 1268 5471 Vol.
1308 5414 1430 5469 XX
1440 5416 1496 5471 V.

2509 584 2714 651 exuit.
2804 584 3001 652 Oerte
3085 583 3426 668 superbiae
3506 605 3735 653 omnes
3813 584 4208 653 damnarent
4296 587 4478 655 hanc

2512 691 2776 737 vocem:
2833 671 2980 737 Nisi
3033 689 3266 756 pareas
3320 670 3683 753 sceleratis,
3730 692 3814 737 ne
3870 693 3979 739 me
4027 674 4203 739 inter
4244 694 4475 743 servos

2510 765 2659 823 tuos
2704 778 3035 824 numeres.
3115 755 3267 821 Non
3310 757 3586 824 minoris
3630 757 3962 825 socordiae
3997 757 4208 827 videri
4249 769 4472 844 posset

2511 840 2686 926 quod
2765 851 2976 909 tentat
3054 851 3388 908 aeternam
3459 843 3586 909 Dei
3666 843 4331 928 praedestinationem
4399 847 4471 913 in

2511 928 2794 994 nihilum
2841 928 3158 1013 redigere.
3234 928 3381 993 Iam
3427 928 3538 995 ubi
3584 950 3652 995 se
3699 928 3924 996 eadem
3969 930 4218 997 involvi
4260 952 4473 1016 poena

2510 1016 2727 1098 cupit,
2787 1014 2943 1098 quid
3005 1015 3124 1081 hoc
3183 1014 3364 1080 aliud
3423 1023 3526 1080 est
3579 1035 3774 1099 quam
3837 1016 4067 1082 tollere
4102 1038 4297 1084 omne
4337 1017 4472 1086 dis-

2512 1102 2791 1178 crimen,
2847 1111 2925 1166 ut
2981 1099 3164 1167 Deus
3205 1107 3453 1166 temere
3500 1101 3790 1168 insontes
3833 1123 3981 1168 cum
4027 1115 4472 1188 transgresso-

2512 1186 2695 1253 ribus
2754 1185 3064 1252 damnet?
3157 1186 3301 1251 Εσο
3358 1206 3518 1251 vero
3574 1208 3705 1252 non
3770 1188 4051 1268 infitior,
4109 1202 4296 1257 tanta
4354 1212 4471 1258 ve-

2509 1273 2844 1339 hementia
2887 1272 3110 1337 Mosen
3166 1272 3366 1338 fmsse
3424 1272 3767 1355 abreptum
3813 1283 3887 1339 ut
3932 1273 4238 1358 loquatur
4280 1277 4471 1360 quasi

2511 1358 2877 1426 ecstaticus.
2965 1358 3223 1423 Verum
3280 1357 3643 1423 notandum
3702 1371 3801 1423 est
3858 1358 4017 1424 dum
4075 1381 4230 1428 suas
4274 1382 4470 1430 curae

2509 1445 2583 1510 in
2617 1444 2744 1510 Dei
2777 1445 2997 1512 sinum
3031 1442 3260 1510 fideles
3298 1454 3678 1524 exonerant,
3713 1466 3841 1511 non
3870 1465 4128 1530 semper
4164 1445 4472 1516 distincte

2514 1552 2741 1616 agere,
2796 1552 2917 1597 nec
2971 1529 3195 1596 verbis
3256 1531 3661 1614 compositis,
3723 1529 3837 1595 sed
3896 1552 4071 1597 nunc
4129 1532 4471 1616 balbutire,

2514 1639 2692 1684 nunc
2769 1616 3047 1683 fundere
3118 1615 3404 1699 gemitus
3483 1616 3991 1695 inenarrabiles,
4070 1639 4252 1687 nunc
4320 1619 4470 1686 aliis

2512 1702 2817 1769 omnibus
2873 1701 3246 1786 praeteritis
3300 1722 3504 1766 unum
3564 1702 3822 1785 aliquod
3883 1716 4110 1769 votum
4175 1706 4472 1791 arripere

2512 1799 2579 1856 et
2653 1810 2909 1874 urgere.
2999 1786 3193 1853 Oerte
3277 1788 3443 1853 nihil
3519 1788 3738 1854 minus
3816 1788 3889 1853 in
3954 1790 4173 1855 animo
4238 1790 4473 1858 habuit

2514 1876 2733 1942 Moses
2767 1895 2965 1958 quam
3013 1875 3153 1940 Deo
3197 1874 3409 1957 legem
3453 1873 3657 1951 ferre,
3704 1894 3826 1941 nec
3861 1886 4130 1959 rogatus
4176 1875 4472 1956 dixisset,

2512 1961 2722 2028 everti
2777 1982 2964 2045 posse
3024 1957 3194 2043 quod
3238 1960 3423 2026 Deus
3461 1970 3614 2025 ante
3670 1958 3897 2026 mundi
3942 1962 4342 2028 creationem
4387 1963 4472 2029 de

2512 2047 2739 2116 electis
2780 2048 2917 2114 suis
2962 2045 3270 2113 decrevit.
3333 2043 3592 2111 Sciebat
3636 2043 3917 2130 denique
3962 2046 4128 2113 nihil
4165 2069 4205 2112 a
4238 2047 4471 2116 mundi

2511 2134 2728 2201 iudice
2759 2154 2927 2205 ¹ease
2984 2133 3197 2217 magis
3255 2130 3547 2196 alienum
3603 2152 3799 2214 quam
3856 2131 4131 2217 perdere
4174 2134 4473 2202 insontes

2514 2241 2648 2285 una
2691 2240 2841 2287 cum
2888 2217 3201 2302 reprobis.
3256 2214 3389 2284 Sed
3425 2217 3732 2300 quoniam
3777 2239 4006 2286 omnes
4048 2220 4192 2286 eius
4237 2242 4472 2288 sensus

2515 2307 2704 2391 quasi
2758 2304 3097 2370 devinctos
3152 2303 3420 2369 tenebat
3471 2323 3630 2369 cura
3675 2303 3930 2387 populi,
3991 2305 4178 2372 cuius
4222 2307 4472 2375 sciebat

2515 2391 2791 2458 salutem
2851 2391 3170 2458 divinitus
3229 2389 3353 2455 sibi
3414 2411 3556 2456 esse
3601 2387 4013 2469 mandatam,
4072 2392 4239 2457 nihil
4285 2391 4468 2460 aliud

2515 2481 2698 2563 venit
2741 2479 2810 2543 in
2854 2487 3146 2543 mentem
3191 2497 3389 2559 quam
3427 2485 3497 2540 ut
3542 2474 3762 2542 salvus
3808 2475 3899 2541 sit
3940 2477 4251 2560 populus,
4299 2500 4467 2563 quae

2514 2585 2673 2631 vero
2738 2573 2964 2629 tantae
3028 2560 3456 2629 sollicitudini
3503 2570 3905 2645 repugnant,
3973 2583 4105 2629 non
4159 2564 4467 2632 admittit.

2512 2651 2692 2717 Hinc
2750 2651 2829 2715 fit
2877 2659 2955 2714 ut
3012 2648 3182 2713 nihil
3224 2668 3359 2713 non
3418 2645 3540 2713 sibi
3598 2667 3913 2731 arrogans
3957 2647 4187 2715 vadem
4234 2672 4304 2716 se
4348 2672 4468 2735 pro

2514 2735 2846 2801 sceleratis
2912 2733 3201 2814 obiiciat,
3265 2732 3663 2799 immutabili
3726 2733 3853 2799 Dei
3917 2734 4188 2799 consilio
4255 2758 4325 2802 se
4383 2734 4466 2802 ad

2512 2823 2794 2888 salutem
2818 2842 2961 2887 esse
2983 2819 3537 2903 praedestinatum
3564 2818 4009 2895 obliviscatur,
4037 2841 4158 2887 nec
4185 2819 4468 2905 denique

2512 2908 2676 2974 satis
2720 2915 2982 2990 reputet
3023 2905 3180 2989 quid
3225 2906 3367 2971 Deo
3403 2905 3774 2970 conveniat.
3863 2904 4071 2971 Porro
4116 2926 4248 2971 non
4286 2908 4466 2974 solus

2514 2995 2733 3060 Moses
2790 2994 2859 3057 in
2903 2995 3070 3059 hanc
3115 2992 3600 3058 vehementiam
3650 2991 3982 3074 prorupit:
4044 2993 4154 3058 sed
4202 2993 4470 3078 longius

2514 3081 2711 3147 etiam
2771 3099 3161 3164 progressus
3217 3084 3318 3143 est
3372 3076 3651 3153 Paulus,
3720 3076 3830 3159 qui
3889 3097 3972 3142 ex
4007 3076 4206 3163 longa
4261 3079 4463 3146 medi-

2511 3166 2762 3232 tatione
2818 3166 3079 3232 scribit:
3144 3160 3446 3247 Optarim
3504 3162 3650 3228 fieri
3707 3162 4060 3227 anathema
4116 3185 4155 3228 a
4200 3164 4468 3231 Christo

2512 3274 2631 3336 pro
2676 3252 2989 3316 fratribus
3035 3250 3196 3315 meis
3239 3247 3458 3335 (Rom.
3504 3248 3563 3328 9,
3610 3246 3694 3334 3).
3783 3247 4038 3332 Nempe
4082 3247 4239 3315 dum
4284 3259 4470 3318 uter-

2510 3360 2636 3422 que
2671 3338 2740 3402 in
2778 3337 3056 3403 salutem
3093 3336 3283 3401 electi
3319 3334 3544 3418 populi
3579 3334 3873 3400 intentus
3908 3341 4026 3413 est,
4064 3356 4198 3400 non
4233 3344 4470 3423 argute

2511 3423 2774 3507 singula
2838 3422 3225 3505 exquirunt:
3292 3419 3567 3505 ideoque
3611 3440 3683 3485 se
3727 3420 3904 3503 ipsos
3974 3419 4298 3487 devovent
4341 3443 4464 3508 pro

2510 3518 2652 3575 tota
2707 3509 3015 3587 ecclesia,
3078 3506 3380 3592 quoniam
3440 3506 3747 3590 generale
3803 3505 4202 3590 principium
4246 3508 4319 3573 in
4362 3509 4465 3594 ip-

2509 3616 2731 3661 sorum
2799 3593 3037 3659 animis
3100 3593 3384 3659 infixum
3455 3599 3614 3657 erat.
3706 3590 3782 3657 Si
3846 3592 4225 3658 consultum
4290 3602 4466 3661 esset

2511 3682 2710 3747 totius
2767 3680 3055 3763 corporis
3111 3678 3339 3755 saluti,
3394 3677 3561 3743 bene
3604 3677 3741 3742 fore
3799 3677 4079 3762 singulis
4130 3678 4463 3747 membris.

2508 3768 2643 3833 Hic
2700 3766 3038 3850 quaeritur
3095 3786 3181 3831 an
3239 3766 3328 3847 pii
3381 3768 3468 3829 sit
3511 3763 3783 3830 affectus
3841 3764 4122 3828 alienam
4181 3764 4462 3832 salutem

2509 3861 2773 3919 nostrae
2816 3852 3162 3936 praeferre.
3232 3849 3517 3931 Quidam
3564 3848 3754 3914 veriti
3791 3871 3874 3913 ne
3919 3849 4127 3914 Mosis
4162 3859 4228 3916 et
4265 3851 4463 3918 Pauli

2508 3938 2882 4022 exemplum
2941 3936 3336 4021 praeiudicio
3395 3946 3598 4013 esset,
3658 3932 3969 3999 dixerunt
4011 3935 4152 4001 zelo
4198 3944 4460 4004 tantum

2558 4027 2757 4091 leriae
2814 4023 2940 4089 Dei
2999 4022 3201 4088 fuisse
3259 4042 3596 4099 accensos,
3656 4032 3736 4085 ut
3802 4043 3871 4087 se
3931 4033 4198 4087 aeterno
4255 4025 4460 4090 exitio

2508 4048 2926 4189 devoverint,
2984 4130 3118 4175 non
3173 4115 3390 4173 autem
3443 4105 3665 4190 populi
3723 4106 4002 4173 salutem
4060 4127 4216 4174 suae
4268 4130 4458 4194 prae·

2509 4198 2758 4263 tulisse.
2826 4193 3019 4276 Quod
3064 4195 3123 4260 si
3163 4194 3493 4276 recipitur,
3538 4192 3662 4257 erit
3696 4193 3893 4259 etiam
3940 4193 4457 4277 hyperbolicum.

2509 4283 2680 4348 Nam
2727 4281 2849 4348 etsi
2896 4301 3026 4346 una
3086 4281 3211 4346 Dei
3247 4279 3454 4364 gloria
3497 4279 3811 4361 praeferri
3854 4292 4147 4345 meretur
4188 4289 4458 4348 centum

2510 4368 2808 4445 mundis,
2863 4387 3148 4449 eousque
3207 4374 3428 4430 tamen
3474 4387 3544 4431 se
3579 4364 3850 4429 ruditati
3894 4372 4161 4432 nostrae
4204 4387 4458 4435 accom-

2509 4455 2764 4534 modat,
2825 4459 2900 4518 ut
2958 4453 3125 4518 nolit
3178 4474 3326 4518 cum
3373 4472 3492 4516 sua
3534 4450 3743 4535 gloria
3786 4451 3858 4515 in
3903 4460 4234 4517 certamen
4278 4475 4456 4521 com·

2510 4542 2681 4605 mitti
2739 4546 3076 4605 aeternam
3135 4537 3430 4603 fidelium
3474 4535 3782 4602 salutem:
3846 4537 4003 4621 quin
4051 4538 4267 4621 potius
4314 4550 4457 4605 tan-

2508 4647 2705 4708 quam
2762 4645 3024 4691 causam
3073 4634 3142 4688 et
3188 4625 3492 4690 effectum
3546 4624 3723 4705 ipsas
3776 4622 3971 4688 simul
4030 4623 4454 4708 inseparabili

2506 4711 2776 4778 vinculo
2820 4710 3184 4777 coniunxit.
3273 4708 3417 4775 Iam
3461 4730 3622 4774 vero
3664 4707 3823 4774 satis
3859 4708 4082 4791 liquet,
4120 4710 4350 4775 Mosen
4387 4720 4455 4776 et

2507 4798 2792 4864 Paulum
2838 4797 3136 4880 publicae
3181 4796 3413 4861 salutis
3445 4802 3746 4879 respectu
3778 4817 3847 4860 se
3873 4794 4049 4876 ipsos
4094 4794 4294 4859 exitio
4339 4795 4454 4860 ad-

2510 4884 2773 4949 dixisse.
2866 4883 3136 4948 Maneat
3185 4882 3391 4966 igitur
3447 4883 3637 4946 firma
3695 4880 3931 4946 solutio
3988 4901 4181 4962 quam
4241 4883 4450 4962 attuli,

2509 4971 2602 5035 sic
2646 4969 2985 5035 confusum
3030 4968 3233 5034 fuisse
3286 4975 3513 5033 votum
3561 4976 3638 5031 ut
3679 4967 4187 5050 repugnantiam
4233 4967 4300 5031 in
4348 4990 4453 5034 ar-

2510 5053 2682 5121 doris
2727 5055 3144 5121 vehementia
3189 5075 3319 5118 non
3363 5053 3667 5131 viderint,
3711 5073 3786 5118 ae
3829 5052 3884 5117 si
3930 5063 4117 5114 ext-ra
4163 5072 4232 5116 se
4273 5052 4450 5134 ipsos

2510 5151 2747 5206 essent.
2835 5140 2976 5206 Nec
3019 5141 3261 5205 mirum
3308 5149 3407 5204 est
3450 5140 3543 5204 ita
3586 5139 3784 5203 fuisse
3827 5136 4200 5219 perplexos:
4246 5160 4450 5221 quum

2509 5235 2819 5309 putarent
2861 5226 3140 5291 interitu
3179 5226 3367 5291 electi
3401 5225 3621 5310 populi
3666 5222 3908 5287 aboleri
3953 5222 4079 5285 Dei
4119 5223 4334 5303 fidem,
4382 5238 4448 5293 et

2506 5314 2720 5396 ipsum
2767 5311 3241 5395 quodammodo
3288 5313 3355 5376 in
3399 5311 3678 5375 nihilum
3720 5305 3962 5393 redigi,
4016 5308 4072 5372 si
4118 5310 4454 5379 excideret
