5017 6142
531 411 619 478 19
1521 404 2100 475 SANCTIONES
2149 410 2209 474 A
2253 403 3051 474 PROMISSIONIBUS
3097 407 3214 472 ΕΤ
3260 402 3548 473 MINIS.
4438 406 4525 473 20

532 597 677 682 qui,
745 616 887 661 esse
952 604 1266 679 tanquam
1332 594 1508 660 oleas
1568 594 1809 661 virides
1866 606 1934 660 et
1991 596 2356 662 fructuosas
2410 596 2481 660 in

535 682 724 750 atriis
769 681 1016 747 domini
1054 678 1192 767 (Ρο.
1218 680 1323 765 52,
1374 679 1515 768 10):
1558 681 1797 764 impios
1838 701 2017 759 vero,
2063 683 2364 764 quamvis
2399 680 2482 747 ad

536 777 798 853 tempus
856 769 1187 833 emineant
1248 775 1556 850 tanquam
1617 767 1794 834 cedri
1838 766 2106 847 Libani,
2153 775 2485 834 momento

538 864 756 922 tamen
804 853 1002 919 evelli
1039 851 1368 933 radicitus,
1420 860 1496 918 ut
1541 874 1624 917 ne
1666 854 2020 939 vestigium
2062 852 2324 937 quidem
2368 873 2486 937 ap·

538 949 770 1025 pareat
811 939 948 1026 (Ps.
995 939 1099 1021 37,
1141 938 1271 1027 35).

1183 1284 1313 1350 EX
1360 1284 1630 1352 DEU'P.
1693 1285 1848 1351 VII.

709 1456 770 1523 9.
818 1454 1003 1523 Scias
1054 1458 1217 1539 quod
1259 1456 1492 1522 Iehova
1527 1454 1710 1521 Deus
1751 1461 1927 1531 tuns,
1988 1462 2078 1522 est
2125 1455 2305 1522 Deus
2341 1455 2487 1536 fide-

541 1542 655 1623 lis,
721 1543 1068 1608 custodiens
1122 1548 1381 1625 pactum
1437 1548 1495 1606 et
1542 1543 2036 1609 misericordiam
2089 1539 2490 1625 diliyentibus

541 1649 612 1695 se
628 1679 645 1709 ,
706 1634 764 1693 et
817 1627 1299 1694 custodientibus
1342 1632 1682 1710 praecepta
1723 1649 1846 1693 sua
1862 1679 1877 1706 ,
1935 1648 2131 1709 usqne
2187 1627 2274 1691 ad
2318 1625 2488 1691 mille

538 1715 996 1815 generationes:
1084 1715 1183 1779 10.
1243 1714 1333 1779 Et
1386 1715 1727 1794 rependens
1782 1714 1922 1780 odio
1970 1712 2216 1779 habenti
2250 1715 2486 1812 ipsunt,

538 1799 1092 1967 ΐαόζῗιῖῗῗέἕέᾄῗ
1120 1805 1206 1950 2:33⁸
1222 1801 1483 1968 stt-'et‘
1506 1820 1976 1969 eiusmfrffli‘e‘}
2009 1798 2303 1951 ztffs‘t
2338 1799 2491 1949 3⁶22?

540 1972 747 2037 todias
802 1992 942 2054 erqo
972 1977 1308 2054 praecepta
1324 2022 1339 2050 ,
1396 1977 1454 2035 et
1508 1976 1757 2053 statuta,
1800 1976 1857 2038 et
1896 1971 2140 2037 iudicia
2182 1991 2341 2051 quae
2385 1989 2490 2053 eqo

528 2057 863 2139 praecipio
903 2057 1021 2122 tibi
1055 2057 1251 2137 hodie,
1307 2062 1381 2123 ut
1414 2077 1488 2122 ea
1529 2058 1753 2140 facias,
1845 2058 1947 2123 12.
1994 2055 2085 2122 Et
2121 2057 2258 2136 erit,
2289 2076 2489 2138 prop·

537 2148 709 2208 terea
751 2143 913 2225 quod
968 2143 1303 2209 audfaeritis
1344 2143 1588 2208 iudicia
1629 2144 1775 2221 ista,
1820 2148 1877 2209 et
1918 2142 2355 2221 custodieritis,
2396 2143 2489 2223 fe-

540 2228 872 2310 ceritisque
905 2250 1012 2294 ea:
1053 2230 1347 2295 custodiet
1382 2227 1611 2294 Iehova
1653 2229 1834 2296 Deus
1875 2234 2023 2294 tuus
2064 2228 2177 2294 tibi
2206 2232 2493 2309 pactm,

537 2320 595 2380 et
648 2315 1149 2381 misericordiam
1208 2315 1283 2380 de
1341 2336 1463 2398 quo
1509 2316 1750 2380 iuravit
1793 2314 2092 2397 patribus
2152 2315 2294 2379 tuis,
2388 2312 2490 2377 13.

537 2399 784 2484 Diliyet
816 2421 1057 2482 quoque
1088 2406 1162 2480 te,
1197 2406 1253 2466 et
1294 2400 1596 2467 benedicet
1631 2400 1760 2480 tibi,
1805 2399 2360 2483 multsplicabitque
2403 2404 2494 2464 te.-

540 2485 845 2553 benedicet
888 2506 1158 2569 namque
1194 2488 1435 2568 fructui
1476 2487 1710 2553 ventris
1750 2488 1865 2567 tui,
1910 2491 1965 2552 et
2009 2486 2251 2569 fructui
2293 2491 2494 2550 terrae

536 2577 697 2649 tuae,
738 2573 1048 2653 frumento
1071 2578 1192 2652 tuo,
1237 2579 1294 2637 et
1318 2577 1519 2638 musto
1540 2577 1659 2653 tuo,
1696 2578 1752 2637 et
1784 2572 1910 2639 oleo
1944 2577 2066 2648 tuo,
2098 2572 2293 2653 foetui
2313 2570 2491 2635 boum

540 2662 807 2736 tuorum,
844 2663 899 2723 et
914 2659 1205 2743 yreqibus
1225 2661 1433 2724 ovium
1455 2662 1725 2738 tuarum,
1750 2660 1816 2724 in
1846 2664 2019 2724 terra
2042 2677 2231 2738 quam
2251 2656 2493 2722 iuravit

528 2744 828 2825 patribus
861 2745 993 2809 tuis
1026 2765 1091 2810 se
1124 2744 1425 2810 daturum
1450 2743 1579 2810 tibi.
1640 2744 1739 2810 14.
1769 2745 2150 2809 Benedictus
2181 2743 2308 2808 eris
2328 2762 2492 2826 prae

539 2832 773 2895 cunctis
796 2830 1091 2911 populis.-
1133 2850 1258 2895 non
1282 2831 1407 2895 erit
1422 2830 1494 2894 in
1514 2835 1571 2896 te
1591 2830 2020 2914 infoecundus,
2064 2849 2260 2912 neque
2300 2829 2493 2910 infoe-

541 2917 782 2994 cunda,
838 2937 1032 2999 neque
1085 2916 1156 2980 in
1198 2917 1495 2981 iumentis
1536 2918 1683 2982 tuis.
1770 2915 1870 2982 15.
1925 2915 2302 2999 Aufer-etque
2351 2935 2394 2980 a
2436 2919 2493 2978 te

542 3001 773 3068 Iehova
809 3021 1044 3068 omnem
1085 3001 1382 3080 morbum,
1428 3007 1484 3067 et
1516 3022 1726 3068 omnes
1769 3002 2197 3086 aeoritudines
2218 2999 2492 3084 Aeyypti

529 3090 854 3171 pessimas
906 3108 1066 3169 quas
1108 3089 1302 3153 nosti.-
1359 3108 1482 3154 non
1515 3094 1704 3172 ponet
1743 3088 1896 3155 illas
1938 3089 2007 3153 in
2048 3093 2121 3167 te,
2165 3088 2273 3153 sed
2303 3090 2493 3168 ponet

537 3194 651 3239 eas
694 3174 763 3238 in
805 3174 1088 3238 omnibus
1131 3175 1241 3256 qui
1281 3180 1337 3239 te
1376 3175 1632 3241 oderint.

709 3346 770 3412 9.
822 3345 1007 3414 Scias
1049 3348 1217 3429 quod
1241 3345 1487 3412 Iehova.
1537 3347 1769 3412 Potest
1812 3346 2013 3411 etiam
2047 3345 2181 3431 legi
2220 3345 2491 3411 verbum

537 3454 673 3496 non
733 3434 951 3499 minus
1008 3432 1345 3500 commode
1402 3433 1473 3496 in
1517 3432 1742 3497 futuro
1787 3439 2099 3514 tempore.
2192 3431 2388 3514 Quod
2437 3433 2494 3498 si

536 3518 793 3601 placeat
814 3571 830 3599 ,
878 3527 1144 3584 notatur
1187 3518 1724 3602 experimentalis
1770 3516 1993 3604 (quam
2029 3517 2291 3606 vocant)
2336 3539 2496 3602 cog-

536 3605 730 3671 nitio:
803 3624 880 3671 ao
949 3605 1006 3670 si
1061 3603 1340 3683 diceret,
1400 3605 1623 3669 Deum
1677 3626 1752 3671 re
1806 3604 1951 3689 ipsa
2006 3604 2220 3688 palam
2281 3605 2487 3671 factu·-

537 3711 688 3755 rum
761 3711 957 3774 quam
1030 3690 1201 3757 fidus
1255 3693 1342 3757 sit
1395 3700 1852 3756 remunerator
1905 3691 2043 3757 suis
2101 3690 2487 3756 cultoribus.

538 3775 616 3842 Si
652 3785 873 3842 autem
903 3777 1113 3861 magis
1150 3777 1436 3842 arrideat
1472 3777 1735 3844 diversa
1775 3776 1984 3856 lectio,
2031 3775 2334 3841 hortatur
2379 3797 2489 3842 eos

538 3864 759 3928 Moses
795 3872 871 3928 ut
891 3861 1117 3929 Deum
1151 3871 1452 3930 statuant
1494 3863 1774 3929 iudicem
1821 3863 2162 3927 hominum
2203 3863 2273 3927 in
2309 3863 2492 3928 coelo

546 3946 807 4026 sedere,
878 3957 957 4014 ut
1011 3959 1147 4014 tam
1204 3948 1535 4016 vindictae
1589 3960 1770 4013 metu
1829 3958 2229 4027 terreantur,
2295 3970 2494 4032 quam

549 4035 922 4101 alliciantur
978 4056 1094 4120 spe
1137 4037 1473 4101 mercedis.
1565 4034 1916 4101 Caeterum
1961 4036 2289 4100 sententia
2336 4035 2494 4100 haec

550 4142 817 4188 annexa
887 4121 1013 4186 fuit
1082 4122 1369 4188 secundo
1427 4131 1803 4206 praecepto,
1859 4133 1926 4187 et
1977 4120 2115 4186 illic
2174 4123 2491 4205 exposita,

549 4229 706 4273 nam
764 4217 1085 4291 quatenus
1130 4209 1250 4274 sub
1296 4208 1517 4274 decem
1557 4205 1771 4272 verbis
1816 4206 2287 4291 comprehensa
2331 4216 2489 4285 erat,

550 4295 650 4359 fas
702 4314 835 4359 non
896 4294 1015 4359 fuit
1070 4294 1224 4360 inde
1278 4315 1424 4359 eam
1484 4292 1789 4360 avellere.
1878 4293 2071 4358 Nunc
2115 4313 2269 4358 vero
2313 4313 2490 4358 seor-

548 4402 696 4446 sum
753 4379 838 4446 ad
895 4380 1312 4446 sanciendam
1352 4390 1576 4444 ‘totam
1635 4380 1845 4463 legem
1890 4380 2165 4462 repetita
2198 4379 2270 4444 in
2313 4377 2492 4444 hunc

549 4467 765 4532 locum
816 4474 966 4549 apte
1012 4467 1341 4532 inseritur.
1422 4466 1572 4532 Non
1617 4464 1866 4549 pigebit
1900 4475 2121 4530 tamen
2159 4486 2322 4547 quae
2358 4464 2491 4529 illic

552 4554 766 4618 fusius
805 4552 1106 4636 explicui,
1143 4551 1430 4618 breviter
1460 4553 1801 4636 attingere.
1867 4550 2171 4616 Primum
2210 4548 2488 4635 gradum

549 4637 798 4705 obtinet
865 4639 1243 4722 promissio:
1317 4639 1467 4722 quia
1533 4638 1716 4703 Deus
1774 4637 2154 4702 humaniter
2206 4637 2490 4701 invitare

551 4725 813 4791 mavult
880 4745 1034 4791 suos
1100 4746 1295 4808 quam
1353 4733 1603 4791 terrore
1658 4743 1890 4807 cogere
1945 4723 2028 4788 ad
2084 4721 2487 4804 obsequium.

550 4813 756 4877 Paeto
823 4822 1038 4876 autem
1109 4810 1456 4877 subiicitur
1512 4809 1986 4890 misericordia,
2053 4816 2130 4873 ut
2184 4809 2489 4885 sciamus,

550 4894 917 4964 mercedem
974 4916 1174 4981 quam
1219 4917 1482 4980 sperare
1525 4897 1767 4961 debent
1822 4894 2081 4972 fideles,
2140 4915 2274 4959 non
2332 4914 2493 4976 pen-

549 4984 706 5050 dere
770 5005 852 5049 ex
916 5004 1186 5067 operum
1255 4984 1539 5060 meritis,
1605 4979 2129 5063 quandoquidem
2193 4979 2495 5064 indigent

552 5071 681 5137 Dei
717 5069 1177 5135 misericordia.
1245 5067 1638 5151 Quanquam
1674 5074 1886 5149 potest
1928 5065 2023 5130 ita
2071 5066 2306 5132 resolvi
2350 5087 2495 5131 ora-

552 5158 661 5236 tio,
708 5154 1096 5223 Custodiens
1134 5163 1396 5238 pactum
1433 5152 1934 5231 misericordiae,
1971 5152 2074 5217 vel
2110 5153 2388 5218 Pactum
2424 5153 2494 5216 in

555 5241 998 5308 misericordia
1066 5241 1440 5318 fundatum,
1499 5239 1642 5305 vel:
1717 5236 2234 5306 Misericordiam
2298 5260 2494 5321 quam

553 5329 847 5415 pepigit·
914 5327 1106 5408 Quod
1166 5337 1385 5392 autem
1445 5325 1628 5409 prius
1680 5345 1719 5389 a
1771 5322 2072 5391 fidelibus
2121 5324 2497 5408 requiritur,

2584 605 2663 661 ut
2720 595 2935 661 Deum
2995 594 3307 679 diligant,
3365 615 3560 678 quam
3609 602 3687 659 ut
3720 592 4091 659 custodiant
4148 594 4290 658 eius
4332 614 4522 677 prae-

2586 692 2791 767 cepta,
2830 682 2985 747 hinc
3028 680 3353 759 docemur,
3398 681 3645 745 fontem
3691 688 3756 746 et
3791 699 4053 746 causam
4097 676 4521 760 obedientiae,

2585 787 2873 833 amorem
2930 787 3074 833 esse
3126 788 3253 850 quo
3308 765 3530 832 Deum
3606 775 3678 832 ut
3733 772 3989 849 patrem
4049 766 4520 848 amplectimur.

2587 852 2931 935 Quomodo
2967 862 3186 918 autem
3220 853 3288 917 in
3325 852 3510 918 mille
3548 852 4018 937 generationes,
4063 851 4269 916 satius
4304 860 4407 917 est
4438 871 4524 917 ex

2587 940 2874 1005 secundo
2931 947 3275 1021 praecepto
3331 948 3587 1022 petere:
3644 938 3798 1023 quia
3857 957 3988 1003 non
4045 946 4255 1020 potest
4298 958 4375 1004 ea
4416 958 4524 1003 res

2587 1025 2811 1109 paucis
2850 1025 3072 1091 verbis
3115 1025 3491 1109 perstringi.

2767 1111 2864 1176 10.
2889 1109 2981 1177 Et
3009 1112 3350 1192 rependens
3382 1111 3539 1176 odio.
3598 1109 3732 1175 Hic
3766 1109 3952 1174 nulla
3984 1110 4061 1174 fit
4098 1109 4342 1174 mentio
4383 1108 4526 1175 vin·

2591 1195 2801 1263 dictae
2856 1199 2929 1260 in
2982 1206 3117 1261 tres
3172 1204 3238 1262 et
3294 1205 3577 1280 quatuor
3631 1203 3899 1262 aetates.
4010 1193 4356 1261 Caeterum
4413 1194 4527 1278 qui

2591 1291 2930 1367 exponunt
2986 1283 3205 1348 Deum
3261 1282 3482 1366 impiis
3544 1280 3860 1349 beneficia
3914 1281 4211 1346 conferre
4257 1281 4412 1345 dum
4456 1281 4526 1346 in

2588 1369 2713 1434 1100
2754 1367 2999 1434 1111111ᾱο
3043 1375 3201 1432 sunt
3256 1368 3676 1453 superstites,
3722 1378 3797 1432 ut
3839 1367 4105 1433 tandem
4152 1366 4382 1431 ultimo
4425 1366 4526 1431 in-

2591 1455 2793 1520 teritu
2852 1476 2960 1520 eos
3019 1452 3283 1537 perdat,
3344 1454 3541 1520 nimis
3584 1453 3909 1521 violenter
3960 1462 4262 1535 torquent
4306 1450 4526 1518 verba.

2590 1540 2728 1607 Nec
2777 1538 3112 1625 probabile
3148 1549 3249 1605 est
3287 1539 3456 1622 quod
3501 1540 3790 1606 afferunt
3831 1539 3960 1615 alii,
3999 1539 4214 1603 Deum
4259 1540 4329 1603 in
4366 1539 4529 1604 facie

2591 1647 2714 1693 sua
2746 1626 2854 1693 vel
2887 1626 2958 1691 in
2993 1626 3093 1691 ira
3136 1625 3494 1709 rependere
3536 1626 3753 1710 impiis
3788 1623 4151 1690 mercedem
4186 1623 4337 1690 odii.
4398 1624 4530 1689 Fa-

2591 1714 2758 1779 ciem
2817 1733 2973 1797 ergo
3034 1732 3260 1777 eorum
3320 1711 3718 1796 interpretor
3761 1732 4037 1795 quorum
4081 1710 4526 1776 contumaciae

2592 1798 2776 1864 Deus
2819 1819 2890 1863 se
2932 1799 3217 1882 opponit,
3263 1795 3418 1862 dum
3465 1800 3820 1881 prosternit
3862 1795 4319 1880 arrogantiam.
4408 1795 4530 1861 AJ-

2590 1884 2762 1949 ludit
2806 1885 2982 1949 enim
3031 1883 3112 1948 ad
3159 1904 3382 1949 eorum
3427 1883 3800 1967 superbiam
3848 1905 3924 1949 ac
3959 1882 4332 1948 audaciam:
4377 1883 4531 1964 quia

2593 1991 2724 2035 non
2786 1970 3089 2035 dubitant
3147 1969 3363 2035 Deum
3417 1971 3592 2034 ultro
3636 1970 3985 2044 lacessere,
4047 1988 4123 2033 ac
4166 1969 4222 2032 si
4257 1965 4338 2031 ad
4383 1987 4531 2033 con—

2592 2056 2953 2140 fligendum
3014 2056 3233 2121 animo
3290 2054 3395 2122 vel
3450 2057 3745 2140 potentia
3794 2055 4277 2120 destitueretur.
4364 2052 4532 2118 Pro-

2593 2141 2865 2207 nunciat
2900 2163 3078 2227 ergo,
3123 2141 3294 2206 nihil
3341 2162 3449 2208 eos
3495 2143 3827 2225 protervia
3869 2140 3984 2206 illa
4026 2150 4092 2206 et
4130 2139 4364 2204 frontis
4409 2137 4533 2203 du-

2593 2229 2744 2293 ritie
2777 2230 3114 2310 proficere,
3150 2228 3308 2311 quin
3344 2229 3474 2293 oris
3508 2226 3992 2311 improbitatem
4027 2234 4095 2290 et
4131 2225 4371 2290 frontis
4405 2223 4531 2288 1111-

2594 2314 2974 2398 pudentiam
3012 2313 3289 2380 deiiciat.
3360 2311 3705 2397 Significat
3748 2320 3966 2378 autem
4010 2332 4121 2377 eos
4166 2322 4340 2376 certo
4384 2331 4534 2376 sen-

2594 2422 2784 2466 suros
2827 2399 2997 2483 quod
3041 2409 3380 2484 spernunt
3400 2398 3737 2478 iudicium,
3782 2419 3857 2465 ac
3895 2398 3953 2464 si
3997 2404 4149 2463 ante
4192 2395 4414 2462 oculos
4454 2396 4535 2459 il-

2592 2484 2708 2551 lud
2765 2493 3312 2569 repraesentaret.
3401 2485 3610 2550 Addit
3665 2490 4005 2569 praeterea
4054 2504 4185 2547 non
4234 2490 4534 2548 acturum

2596 2593 2667 2638 se
2725 2594 2872 2638 cum
2927 2573 3145 2654 impiis
3202 2592 3334 2654 qua
3378 2572 3543 2638 solet
3598 2592 3747 2639 cum
3791 2570 3946 2636 filiis
3987 2569 4125 2636 suis
4167 2566 4531 2634 clementia.

2595 2658 2769 2724 Nam
2828 2659 2947 2723 1100
3000 2659 3094 2722 ita
3136 2658 3448 2742 castigat,
3497 2665 3570 2723 ut
3612 2678 3870 2741 semper
3909 2655 3980 2720 in
4025 2654 4304 2720 salutem
4347 2653 4532 2718 utilis

2597 2745 2686 2811 sit
2710 2743 3088 2824 moderatio,
3122 2743 3254 2810 illis
3275 2764 3435 2809 vero
3471 2764 3748 2827 poenam
3786 2741 4117 2808 exitialem
4142 2740 4531 2805 denunciat:

2597 2831 2751 2914 quia
2784 2831 2909 2897 etsi
2944 2829 3205 2895 videtur
3240 2829 3519 2896 eundem
3549 2849 3706 2915 erga
3749 2837 4057 2911 utrosque
4100 2826 4536 2912 communiter

2596 2927 2825 2982 tenere
2855 2915 3141 2995 modum,
3177 2913 3334 2979 dum
3364 2915 3754 2998 temporales
3788 2934 4031 2997 poenas
4063 2912 4323 2995 infligit,
4360 2911 4533 2994 quod

2597 3011 2820 3068 tamen
2872 3001 3176 3067 fidelibus
3215 3000 3389 3067 cedit
3421 3001 3494 3065 in
3530 3001 3955 3078 medicinam,
4001 2999 4293 3082 reprobis
4336 3018 4530 3081 prae-

2596 3087 2849 3154 ludium
2878 3098 2980 3153 est
3008 3088 3258 3152 aeterni
3289 3088 3619 3153 interitus.
3664 3088 3872 3152 Porro
3901 3083 4071 3168 quod
4105 3084 4262 3149 dicit
4284 3105 4355 3150 se
4384 3083 4534 3148 vin-

2600 3174 2840 3239 dictam
2882 3181 3307 3258 sumpturum
3350 3173 3592 3255 absque
3634 3192 3839 3256 mora,
3889 3170 4155 3236 videtur
4204 3190 4337 3234 non
4380 3189 4533 3234 0011-

2598 3281 2837 3346 gruere
2879 3281 3026 3327 cum
3065 3259 3210 3325 aliis
3252 3260 3615 3343 scripturae
3658 3259 3836 3338 10010,
3878 3256 3992 3323 ubi
4036 3255 4426 3340 pronunciat
4462 3273 4535 3322 se

2595 3345 2855 3413 tardum
2901 3367 3043 3411 esse
3087 3344 3171 3411 ad
3213 3346 3400 3423 iram,
3447 3345 3854 3424 clementem,
3896 3354 3964 3407 et
4006 3343 4236 3426 longae
4281 3342 4533 3424 patien-

2596 3433 2744 3498 tiae.
2798 3431 3059 3498 Deinde
3080 3431 3343 3499 videtur
3377 3452 3629 3514 quoque
3665 3429 4072 3513 experientia
4091 3427 4337 3492 refelli:
4383 3427 4536 3512 quia

2595 3524 2725 3584 n'on
2785 3518 3010 3601 statim
3068 3517 3325 3601 prosilit
3366 3516 3451 3582 ad
3495 3515 3852 3600 exigendas
3895 3535 4156 3599 poenas,
4199 3513 4312 3579 sed
4359 3513 4534 3579 lente

2595 3605 3039 3689 progreditur,
3096 3617 3173 3668 ut
3238 3624 3461 3668 morae
3530 3601 3910 3667 tarditatem
3961 3600 4291 3684 gravitate
4357 3619 4534 3665 com·

2592 3699 2844 3773 penset.
2913 3690 3119 3772 Atqui
3154 3688 3508 3754 tenendum
3545 3697 3646 3753 est
3680 3688 3853 3771 quod
3893 3687 4128 3752 dicitur
4173 3687 4243 3749 in
4267 3685 4533 3752 Psalmo

2593 3775 2726 3863 (90,
2760 3776 2849 3862 4),
2889 3776 3068 3842 1111110
3105 3790 3311 3841 annos
3346 3776 3532 3859 quasi
3575 3773 3746 3840 diem
3786 3795 3991 3840 unum
4028 3793 4169 3839 0000
4210 3773 4282 3837 111
4327 3770 4535 3837 0011110

2593 3865 2754 3931 01110.
2845 3863 3066 3945 ltaque
3123 3860 3237 3927 ubi
3292 3881 3443 3926 eum
3497 3861 3787 3927 cunctari
3846 3868 4188 3944 putamus,
4247 3878 4367 3943 pro
4414 3877 4536 3922 sua

2594 3950 2859 4015 infinita
2903 3949 3245 4032 sapientia,
3294 3947 3564 4014 festinat
3607 3954 3926 4031 quantum
3971 3966 4133 4029 opus
4175 3953 4292 4011 est.
4377 3943 4535 4008 Dis-

2595 4034 2866 4102 simulat
2924 4034 3185 4117 quidem
3243 4033 3326 4097 ad
3380 4041 3670 4116 tempus,
3727 4042 3803 4097 ut
3847 4033 3969 4099 hoc
4012 4029 4203 4096 modo
4249 4030 4328 4094 ad
4375 4029 4535 4095 resi·

2592 4119 2981 4206 piscandum
3040 4119 3339 4185 homines
3395 4120 3663 4184 invitet:
3723 4118 3836 4184 sed
3897 4128 4094 4201 negat
4152 4136 4400 4181 moram
4463 4136 4535 4181 se

2593 4210 2947 4274 facturum:
3003 4216 3068 4271 et
3122 4206 3514 4289 pronunciat
3570 4225 3640 4270 se
3689 4205 3902 4270 instar
3943 4202 4223 4269 turbinis
4263 4209 4535 4286 repente

2594 4304 2964 4370 venturum,
3010 4300 3087 4356 ut
3129 4291 3368 4357 iudicia
3410 4311 3530 4356 sua
3574 4291 3902 4370 acceleret,
3947 4311 4032 4355 ne
4074 4289 4143 4353 in
4187 4307 4305 4352 sua
4346 4307 4534 4353 secu-

2594 4381 2788 4445 ritate
2822 4385 3126 4461 torpeant
3156 4376 3362 4460 impii.
3429 4377 3778 4442 Discamus
3812 4396 3986 4460 ergo,
4032 4374 4272 4458 quietis
4315 4384 4382 4438 et
4426 4393 4534 4438 ae·

2591 4466 2738 4549 quis
2794 4464 3030 4529 animis
3087 4471 3468 4546 exspectare
3510 4471 3951 4546 opportunum
3998 4458 4323 4527 vindictae
4367 4471 4530 4523 tem-

2637 4571 2731 4618 us.

2591 4574 2633 4637 p
2765 4635 2867 4701 12.
2912 4634 3003 4700 Et
3035 4635 3170 4713 erit,
3205 4639 3558 4719 propterea.
3606 4633 3890 4699 Videtur
3914 4632 4096 4697 Deus
4131 4631 4224 4696 ita
4245 4652 4331 4696 ex
4364 4650 4536 4697 com-

2590 4731 2783 4809 pacto
2819 4741 3033 4805 agere,
3069 4733 3144 4786 ut
3177 4720 3426 4786 nullam
3464 4740 3649 4804 spem
3685 4719 3934 4803 gratiae
3976 4718 4170 4783 faciat
4214 4716 4341 4782 nisi
4388 4736 4534 4780 mua

2592 4821 2707 4877 tuo
2750 4805 3204 4890 respondeant.
3270 4807 3361 4872 Et
3404 4815 3579 4872 certe
3625 4806 3786 4871 haec
3809 4803 4040 4888 legalis
4084 4812 4185 4869 est
4215 4800 4531 4885 ,loquendi

2592 4897 2804 4962 forma
2847 4891 2963 4958 ubi
3019 4893 3458 4977 interponitur
3515 4891 3801 4958 conditio
3824 4940 3840 4969 ,
3894 4891 4112 4956 Deum
4160 4890 4297 4954 suis
4347 4889 4537 4963 bene-

2594 4984 2944 5058 facturum,
2982 4979 3037 5046 si
3062 4978 3154 5044 ita
3176 4981 3313 5044 suis
3335 4977 3663 5061 obsequiis
3732 4976 4024 5042 romeriti
4065 4977 4330 5041 fuerint.
4402 4972 4532 5041 Sed

2595 5066 2955 5135 tenendum
3009 5073 3111 5130 est
3168 5064 3338 5148 quod
3395 5063 3550 5130 alibi
3595 5065 3664 5129 vi
3713 5065 3902 5143 imus,
3960 5072 4303 5145 postquam
4349 5061 4534 5126 Deus

2596 5157 2691 5220 ita
2725 5151 2991 5239 pepigit,
3039 5171 3121 5216 ne
3156 5151 3340 5215 irrita
3363 5152 3452 5215 sit
3489 5149 3848 5232 promissio,
3893 5149 4109 5231 ipsum
4145 5144 4536 5212 descendere

2599 5242 2681 5306 ad
2740 5237 3090 5324 gratuitam
3153 5238 3383 5301 veniae
3425 5235 3964 5318 promissionem,
4023 5253 4155 5315 qua
4220 5231 4355 5297 indi
4408 5252 4528 5297 nos

2600 5327 2720 5392 sibi
2769 5321 3162 5389 reconciliat.
3251 5323 3357 5386 Ita
3406 5322 3621 5406 prima
3664 5319 3880 5403 pactio
3922 5318 4185 5385 nonnisi
4231 5316 4314 5383 ad
4400 5338 4536 5382 am·
