5017 6142
591 399 719 467 495

593 610 789 673 quam
835 585 955 655 soli
999 587 1318 668 consules,
1361 594 1429 653 et
1468 587 1688 673 legati,
1734 609 1810 655 ac
1852 587 2117 667 tribuni,
2162 598 2426 654 senatus
2473 594 2539 652 et

590 697 674 761 po
722 675 813 740 uli
846 674 1101 740 iniussu
1137 675 1536 739 iuraverant.
1611 675 1776 740 Plus
1811 694 1967 759 ergo
2002 672 2215 739 laudis
2251 681 2539 739 meretur

590 782 672 827 ru
717 765 775 827 is
817 761 933 825 illa
984 759 1397 844 simplicitas,
1462 762 1531 824 in
1575 779 1704 844 qua
1760 761 1968 826 maior
2023 761 2237 844 viguit
2288 759 2540 843 religio,

590 868 789 930 quam
842 846 1040 912 nimis
1095 852 1328 931 arguta
1381 844 1782 928 disquisitio,
1848 847 1919 910 in
1977 867 2107 930 qua
2163 845 2287 911 sibi
2348 844 2542 911 hodie

593 933 808 1019 placet
844 953 921 1000 ac
963 931 1219 1017 plaudit
1259 931 1467 997 maior
1510 952 1664 1015 pars
1708 932 2067 998 hominum.
2133 931 2282 997 Etsi
2318 939 2540 996 autem

593 1018 981 1106 indignatur
1036 1016 1348 1101 populus,
1415 1016 1610 1084 duces
1667 1018 1815 1100 plus
1869 1038 2073 1101 aequo
2131 1018 2256 1084 sibi
2317 1036 2540 1099 sump-

595 1106 777 1185 sisse,
821 1103 1179 1170 modestiae
1222 1110 1442 1168 tamen
1486 1112 1587 1168 est
1629 1103 1799 1187 quod
1844 1125 1976 1169 non
2023 1103 2200 1169 ultra
2243 1122 2543 1168 murmur

596 1200 662 1257 et
705 1191 1048 1274 strepitum
1090 1187 1524 1274 progreditur.

769 1277 872 1343 20.
936 1274 1071 1342 Hoc
1128 1275 1435 1358 faciemus
1491 1276 1603 1341 eis.
1691 1273 2015 1356 Quamvis
2073 1297 2155 1342 ex
2206 1282 2395 1358 pacto
2443 1273 2542 1338 vi·

597 1370 735 1429 tam
794 1361 1152 1429 concedant
1193 1360 1594 1439 Gibeonitis,
1663 1382 1796 1426 non
1833 1370 2055 1427 tamen
2100 1361 2229 1427 nisi
2275 1357 2545 1425 dimidia

599 1469 684 1514 ex
738 1457 925 1532 parte
983 1454 1206 1513 ratum
1255 1446 1503 1512 habent
1556 1445 1800 1514 foedus.
1887 1447 2059 1512 Nam
2105 1466 2306 1531 quum
2350 1445 2547 1528 plena

598 1534 969 1602 Gibeonitis
1011 1532 1405 1617 praestanda
1446 1541 1618 1599 esset
1658 1533 2090 1611 incolumitas,
2135 1552 2311 1598 nunc
2351 1531 2547 1598 liber-

594 1631 699 1687 tas
764 1621 900 1687 vita
964 1620 1109 1703 ipsa
1188 1619 1401 1684 carior
1464 1620 1760 1703 eripitur.
1863 1618 2060 1686 Unde
2147 1618 2544 1695 coniicimus,

597 1706 791 1772 Iosue
833 1726 984 1773 cum
1029 1705 1318 1788 reliquis,
1360 1715 1436 1770 ut
1477 1704 1548 1770 in
1588 1724 1661 1770 re
1695 1704 1893 1771 dubia
1927 1717 1993 1772 et
2034 1704 2366 1789 perplexa,
2410 1723 2546 1768 me·

599 1792 780 1858 dium
843 1790 1091 1874 aliquid
1150 1791 1581 1874 excogitasse,
1655 1811 1739 1856 ne
1802 1812 2069 1875 prorsus
2122 1790 2319 1856 inane
2376 1796 2549 1856 esset

595 1875 1071 1944 iusiurandum.
1181 1876 1544 1960 Praecipua
1644 1875 1906 1959 quidem
1992 1877 2191 1942 huius
2284 1874 2547 1942 consilii

596 1965 765 2030 ratio
800 1963 938 2040 fuit,
984 1960 1477 2027 multitudinem
1512 1962 1800 2045 placare:
1847 1963 1999 2047 quia
2019 1972 2240 2029 tamen
2277 1960 2549 2046 indigne

594 2050 893 2116 ferebant
928 2048 1131 2113 verba
1173 2048 1295 2115 sibi
1334 2070 1477 2115 esse
1521 2047 1675 2114 data
1708 2069 1748 2113 a
1781 2048 2170 2128 Gibeonitis,
2216 2048 2546 2114 vafritiem

594 2135 722 2201 ulti
764 2141 953 2213 sunt,
1019 2154 1106 2199 ne
1147 2135 1508 2218 impunitas
1556 2132 1915 2201 ludibrium
1959 2145 2246 2220 augeret.
2335 2134 2544 2199 Porro

594 2221 723 2287 fuit
765 2220 927 2286 haec
967 2218 1130 2284 dura
1173 2218 1484 2299 conditio,
1537 2242 1670 2286 non
1713 2227 1974 2286 tantum
2013 2219 2229 2287 addici
2271 2220 2354 2285 ad
2395 2239 2546 2302 ope-

594 2327 706 2373 ras
806 2305 1109 2385 serviles,
1188 2305 1303 2371 sed
1369 2305 1661 2372 abstrahi
1725 2327 1766 2372 a
1829 2306 1965 2372 suis
2044 2305 2346 2372 domibus
2364 2356 2379 2384 ,
2468 2312 2546 2369 ut

595 2411 837 2477 vagam
881 2398 949 2456 et
1003 2392 1350 2458 erraticam
1395 2392 1605 2458 vitam
1659 2401 1950 2476 agerent.
2040 2392 2364 2459 Calonum
2409 2411 2544 2455 mu-

596 2500 726 2545 nus
779 2476 914 2543 illis
965 2477 1335 2562 iniungitur
1389 2477 1525 2543 vile
1578 2499 1710 2543 non
1770 2478 1987 2545 minus
2030 2499 2225 2562 quam
2272 2476 2545 2543 laborio-

596 2583 763 2631 sum.
854 2561 984 2629 Sed
1029 2562 1336 2629 cumulus
1381 2564 1719 2630 molestiae
1763 2574 1897 2642 est,
1937 2564 2121 2649 ligna
2163 2563 2433 2630 caedere
2477 2568 2547 2627 et

597 2648 866 2800 {aaurire
932 2669 1170 2732 aquam
1260 2648 1634 2733 ubicunque
1722 2648 1866 2716 Deo
1943 2651 2264 2736 placuerit
2325 2668 2546 2714 arcam

624 2755 831 2800 ocare.

768 2820 875 2887 22.
935 2819 1188 2886 Vocavit
1227 2839 1328 2886 eos
1359 2819 1565 2887 Iosue.
1635 2819 1807 2902 Quia
1852 2820 2108 2887 tristem
2152 2820 2547 2887 sententiam

600 2913 668 2972 et
700 2906 1003 2973 acerbam
1047 2905 1301 2971 laturus
1344 2914 1504 2982 erat,
1546 2908 1885 2990 praefatur
1925 2906 2093 2972 nihil
2134 2928 2204 2974 se
2248 2907 2547 2989 iniquum

601 2999 919 3070 statuere,
986 2991 1140 3074 quia
1182 2991 1348 3056 nihil
1406 2991 1624 3059 minus
1685 2993 2063 3072 conveniat,
2130 3014 2325 3077 quam
2370 2991 2550 3057 dolos

601 3087 667 3142 ot-
726 3077 1015 3143 fallacias
1071 3077 1210 3143 suis
1254 3078 1591 3144 autoribus
1644 3079 1903 3145 lucrum
1948 3078 2201 3144 afferre.
2291 3078 2548 3160 Expos-

602 3163 777 3229 tulat
831 3163 1035 3247 igitur
1090 3162 1260 3246 quod
1319 3163 1695 3230 mentiendo
1751 3164 2116 3249 periculum
2163 3186 2203 3230 a
2244 3185 2316 3230 se
2350 3164 2551 3248 depu-

601 3249 831 3315 lerint:
877 3247 1110 3314 deinde
1154 3270 1307 3314 mox
1349 3251 1740 3332 pronunciat
1780 3249 2160 3317 maledictos
2202 3270 2377 3316 esse:
2421 3270 2554 3333 qua

604 3353 762 3402 voce
818 3334 1215 3417 interpretor
1277 3333 1540 3419 culpam
1605 3336 1945 3403 servitutis
2011 3336 2083 3400 in
2140 3336 2288 3403 illos
2350 3337 2553 3415 reiici,

606 3418 778 3569 guod
833 3418 998 3485 nihil
1062 3421 1398 3502 perferant
1450 3420 1679 3487 durius
1744 3443 1941 3505 quam
1998 3422 2340 3507 promeriti
2395 3430 2555 3488 sunt

651 3504 755 3571 olo
798 3506 909 3570 vel
950 3505 1257 3589 perfidia:
1307 3526 1384 3573 ac
1427 3506 1485 3572 si
1529 3507 1800 3587 diceret,
1847 3505 2291 3574 damnationis
2350 3530 2553 3593 quam

653 3590 855 3656 rofert
912 3591 1257 3656 materiam
1314 3592 1382 3656 in
1426 3592 1584 3676 ipsis
1642 3592 1947 3659 residere.
2032 3596 2357 3678 Asperum
2417 3595 2558 3679 qui-

606 3612 759 3741 dem
813 3675 1068 3741 nullum
1126 3677 1437 3760 temporis
1488 3679 1685 3744 finem
1747 3677 1888 3744 dari
1943 3679 2272 3746 laboribus
2319 3681 2558 3764 quibus

606 3762 1092 3846 mancipantur:
1166 3761 1360 3827 sicuti
1434 3771 1501 3829 et
1572 3765 1778 3831 verba
1854 3775 2117 3832 sonant:
2199 3765 2555 3851 Nunquam

609 3846 909 3913 desinent
965 3868 1050 3911 ex
1111 3848 1300 3914 vobis
1365 3868 1508 3914 esse
1574 3850 1784 3916 servi:
1859 3850 1974 3917 sed
2037 3850 2208 3916 nihil
2271 3853 2556 3919 iniuriae

607 3933 754 3998 fieri
796 3932 928 3998 illis
970 3933 1380 4016 pronunciat,
1427 3937 1580 4018 quia
1622 3946 1857 4019 sponte
1900 3937 2004 4004 vel
2049 3958 2166 4003 suo
2211 3939 2370 4004 vitio
2414 3960 2556 4005 ma-

605 4018 831 4084 ledicti
886 4018 1037 4084 sint.
1124 4017 1267 4103 Ipsi
1324 4020 1584 4103 quidem
1642 4021 1897 4088 obiecta
1952 4042 2119 4106 quae
2177 4043 2288 4090 eos
2342 4025 2557 4109 coegit

605 4103 1013 4185 necessitate,
1055 4104 1306 4170 crimen
1342 4114 1732 4172 extenuant:
1777 4127 1990 4192 neque
2020 4120 2241 4174 tamen
2276 4130 2556 4193 poenam
2575 4138 2592 4148 ·

607 4187 998 4269 detrectant,
1044 4209 1174 4273 qua
1216 4203 1580 4274 agnoscunt
1618 4193 1792 4259 iuste
1835 4215 1906 4260 se
1950 4194 2276 4279 castigari.
2367 4196 2554 4261 Fieri

608 4275 866 4358 quidem
913 4282 1145 4358 potest,
1193 4283 1266 4341 ut
1308 4286 1487 4342 metu
1529 4279 1824 4362 oppressi
1868 4280 2031 4345 nihil
2072 4281 2553 4348 recusaverint:

605 4361 741 4425 imo
816 4361 1069 4444 placide
1133 4382 1252 4428 nec
1317 4364 1461 4427 sine
1538 4367 1979 4433 assentatione
2043 4367 2364 4450 impositis
2428 4367 2554 4435 sibi

609 4445 867 4531 legibus
931 4446 1397 4530 acquieverint.
1487 4447 1665 4531 Quid
1731 4453 1907 4518 enim
1972 4454 2365 4538 proficerent
2421 4453 2554 4518 liti·

607 4531 871 4616 gando?
958 4532 1210 4599 Verum
1270 4533 1419 4618 quia
1478 4534 1645 4600 male
1688 4536 1811 4603 sibi
1866 4538 2103 4605 conscii
2145 4549 2366 4619 erant,
2433 4561 2554 4605 nec

608 4625 913 4702 poterant
970 4619 1219 4685 crimen
1273 4640 1540 4703 prorsus
1598 4620 1881 4688 diluere:
1947 4646 2078 4690 non
2123 4623 2347 4692 dubito
2391 4626 2550 4709 quin

611 4725 831 4771 secum
875 4704 1066 4770 valde
1110 4705 1488 4771 humaniter
1530 4706 1639 4791 agi
1682 4711 2089 4791 censuerint,
2135 4710 2325 4777 modo
2368 4712 2555 4778 salva

610 4803 781 4857 esset
824 4791 982 4856 vita.

1789 393 2536 465 COMMENTARIUS
2580 400 2681 466 IN
2725 396 3007 468 IOSUE
3055 401 3254 468 OAP.
3300 401 3387 466 X.

4457 400 4581 467 496

3401 590 3705 658 CAPUT
3748 590 3834 656 X.

2813 763 2870 828 1.
2938 763 3144 844 Quum·
3178 763 3460 829 audisset
3490 761 3880 829 Adonieedec
3909 781 4025 827 rex
4047 760 4394 827 Ierusalem
4425 760 4586 843 quod

2639 849 2901 931 cepisset
2943 847 3134 914 Iosue
3177 849 3270 914 Αἰ
3284 899 3298 926 ,
3358 854 3413 912 et
3452 867 3591 913 eam
3619 848 4004 930 perdidisset
4044 845 4585 934 (quemadmodum

2636 935 2865 1017 fecerat
2886 933 3149 1015 Iericho,
3183 938 3239 999 et
3270 934 3407 1019 reyi
3438 935 3593 1012 eius,
3637 933 3798 1015 quod
3837 934 3933 1000 sic
3967 933 4210 1015 fecisset
4244 932 4340 997 Ai
4376 936 4434 997 et
4455 933 4585 1016 reyi

2640 1022 2806 1094 eius)
2851 1024 2906 1086 et
2946 1021 3366 1102 quodpacem
3404 1019 3694 1103 fecissent
3740 1018 4116 1085 habitatores
4163 1017 4404 1084 Gibeon
4445 1037 4584 1084 cum

2643 1106 2880 1183 Israel,
2961 1110 3018 1172 et
3090 1110 3287 1171 essent
3363 1107 3526 1171 inter
3584 1105 3791 1186 ipsos.-
3876 1105 3935 1170 2.
4008 1104 4185 1170 Tunc
4255 1104 4590 1169 tbnuerunt

2640 1191 2852 1271 valde,
2895 1192 3057 1274 quod
3099 1192 3321 1257 civitas
3361 1209 3592 1275 mayna
3633 1195 3793 1257 esset
3834 1190 4071 1257 Gibeon
4111 1195 4412 1272 tanquam
4453 1210 4587 1255 una

2643 1300 2676 1343 e
2716 1276 3070 1344 civitatibus
3108 1278 3318 1360 reyiis,
3362 1280 3518 1359 quia
3558 1278 3764 1343 maior
3803 1281 3942 1342 erat
3981 1295 4172 1358 quam
4214 1276 4309 1341 Ai
4350 1295 4585 1341 omnes-

2642 1384 2759 1447 que
2797 1363 2927 1428 viri
2968 1364 3108 1428 eius
3143 1364 3353 1445 fortes.
3440 1363 3501 1428 3.
3576 1361 3914 1444 Propterea
3969 1361 4147 1427 misit
4198 1361 4589 1427 Adonieedec

2642 1470 2758 1515 rex
2794 1448 3142 1515 Ierusalem
3184 1450 3270 1514 ad
3306 1448 3556 1514 Heliam
3595 1467 3798 1532 reyem
3831 1446 4102 1528 Hebron,
4146 1452 4205 1512 et
4236 1447 4326 1513 ad
4363 1445 4588 1514 Piram

2644 1555 2847 1687 ’ὗὲἷῖ
2891 1533 3354 1703 {mahein
3372 1532 4592 1686 Μαέἒέἒῗωίῳωᾼωῑαῖῗέἇααέ

3368 1671 3384 1697 ,
3709 1672 3721 1684 .
3860 1671 3873 1684 .
4568 1666 4586 1702 ,

2646 1713 2704 1772 et
2756 1707 3078 1788 suppetias
3128 1707 3284 1789 ferte
3339 1706 3526 1786 mihi,
3580 1710 3653 1770 ut
3698 1706 4135 1787 percutiamus
4195 1703 4427 1770 Gibeon
4480 1705 4588 1785 quoi

2636 1792 3076 1959 wisa
3084 1811 3230 1941 ωτι
3268 1791 3712 1944 sam
3517 1796 3575 1857 ά
3601 1791 3763 1873 W:
3786 1790 4056 1959 ΜΘ
4103 1788 4588 1959 effla:

2646 1963 2857 2041 rhaei,
2899 1984 3013 2028 rex
3057 1962 3427 2042 Ierusalem,
3471 1983 3586 2028 rex
3628 1961 3913 2043 Hebron,
3955 1982 4070 2027 rese
4111 1959 4437 2039 Iarmuth,
4475 1982 4588 2027 rex

2649 2049 2912 2125 Lesbis,
2955 2070 3070 2114 rex
3114 2048 3344 2133 E9l0n‚
3389 2049 3521 2131 ipsi
3561 2052 3620 2114 et
3657 2068 3865 2114 onmes
3905 2048 4209 2114 exercitus
4248 2066 4491 2123 eorum,
4535 2051 4589 2112 et

2645 2137 3061 2201 castrametati
3093 2140 3238 2201 sunt
3269 2136 3449 2200 iuxta
3492 2133 3745 2211 Gibeon,
3778 2137 4336 2218 puynavermitque
4377 2131 4589 2198 adver·

2645 2242 2758 2288 sus
2820 2240 2976 2287 eam.
3064 2222 3124 2287 6.
3194 2219 3514 2287 Miserunt
3574 2240 3717 2304 erqo
3778 2220 3907 2285 viri
3975 2217 4206 2285 Gibeon
4265 2219 4352 2285 ad
4405 2217 4589 2285 Iosue

2648 2307 2734 2374 ad
2788 2312 2998 2374 castra
3040 2307 3109 2371 in
3157 2306 3405 2390 Gilyal,
3472 2306 3766 2372 dicendo.-
3834 2304 3933 2371 Ne
3989 2303 4319 2371 contrahas
4367 2323 4589 2370 maoms

2643 2391 4584 2468 tuasaservistuis:ascendeadnoscito,etseroanos,

2647 2483 2830 2561 atque
2881 2479 3206 2545 auxiliare
3257 2476 3471 2542 nobis.-
3534 2478 3884 2561 conyreyati
3944 2476 4111 2542 enim
4172 2480 4322 2541 sunt
4380 2481 4589 2542 contra

2648 2585 2763 2631 nos
2836 2583 3044 2630 omnes
3118 2583 3289 2647 reyes
3354 2563 3737 2629 Amorrbaei
3814 2562 4156 2628 habitantes
4230 2562 4306 2627 in
4376 2566 4587 2628 monte.

2652 2652 2711 2716 7.
2766 2650 3067 2716 Ascendit
3105 2649 3317 2732 itaque
3347 2648 3536 2714 Iosue
3569 2648 3644 2714 de
3692 2647 3929 2732 Gilqal,
3972 2649 4126 2729 ipse,
4167 2652 4223 2713 et
4264 2649 4592 2714 universus

2818 2737 2920 2802 lus
2995 2735 3249 2801 bellator
3323 2754 3464 2800 cum
3525 2753 3622 2815 eo,
3706 2748 3915 2800 omnes
4331 2732 4584 2799 viribus.

2652 2823 2712 2888 8.
2775 2821 2967 2888 Dixit
3011 2826 3216 2887 autem
3270 2818 3498 2887 Iebova
3540 2820 3627 2886 ad
3671 2819 3892 2886 Iosue:
3962 2818 4061 2885 Ne
4100 2820 4324 2884 timeas
4355 2819 4436 2884 ab
4469 2820 4594 2884 eis:

2650 2910 2723 2974 in
2762 2927 3021 2973 manum
3061 2908 3227 2972 enim
3268 2910 3440 2971 tuam
3481 2906 3726 2973 tradidi
3766 2926 3899 2985 eos,
3957 2923 4068 2969 nec
4107 2905 4389 2971 consistet
4420 2905 4586 2986 quis·

2651 2994 3217 3077 quamexeisin
3278 2996 3599 3073 conspectu
3660 2996 3783 3058 tuo.
3873 2991 3932 3056 9.
3997 2990 4592 3057 Etvenitadeos

2655 3080 2843 3145 Iosue
2903 3084 3172 3162 repente.-
3233 3082 3358 3143 tota
3421 3078 3588 3143 enim
3651 3081 3820 3143 nocte
3880 3077 4156 3142 ascendit
4216 3077 4294 3142 de
4362 3074 4588 3158 Gilqal.

2658 3166 2760 3231 10.
2804 3164 2891 3231 Et
2931 3165 3214 3230 contrivit
3254 3182 3361 3229 eos
3395 3163 3626 3229 Iebova
3665 3182 3874 3229 eoram
3910 3161 4133 3242 Israel,
4163 3162 4590 3245 percussitque

2654 3272 2755 3318 eos
2797 3250 3003 3335 playa
3064 3270 3294 3335 mayna
3348 3250 3422 3314 in
3468 3248 3729 3325 Gibeon‚
3794 3253 3851 3314 et
3895 3252 4314 3331 persequutus
4367 3252 4592 3314 esteos

2641 3358 2765 3420 per
2814 3337 2985 3402 viam
3035 3354 3333 3404 ascensus
3375 3334 3756 3401 Beth-horon
3796 3339 3853 3401 et
3895 3334 4208 3415 percussit
4255 3353 4355 3399 eos
4402 3353 4591 3416 usque

2653 3421 2922 3501 Azecah,
2968 3428 3024 3488 et
3054 3442 3256 3505 usque
3296 3419 3629 3486 Malcedab.
3721 3422 3822 3486 11.
3866 3419 4045 3486 Dum
4078 3425 4283 3486 autem
4320 3420 4363 3502 f
4500 3424 4593 3483 ent

2652 3530 2697 3575 a
2727 3509 2891 3593 facie
2925 3508 3150 3580 Israel.
3186 3513 3244 3573 et
3274 3511 3473 3573 essent
3509 3507 3582 3571 in
3613 3505 3909 3572 descensu
3929 3505 4325 3584 Beth-horon,
4413 3504 4592 3571 ebova

2653 3596 2904 3662 demisit
2958 3614 3145 3678 super
3208 3613 3310 3659 eos
3371 3592 3614 3675 lapides
3666 3611 3930 3676 maqnos
3973 3612 4005 3656 e
4044 3591 4203 3659 coelo
4255 3610 4455 3673 usque
4509 3590 4590 3657 ad

2655 3680 2933 3758 Azecah,
2980 3685 3035 3745 et
3075 3680 3304 3744 mortui
3344 3683 3521 3743 sunt.-
3551 3677 3774 3760 plures
3817 3679 4046 3743 mortui
4086 3682 4233 3743 sunt
4274 3676 4589 3759 lapidibus

2650 3767 3010 3851 yrandinis,
3052 3785 3244 3848 quam
3284 3783 3440 3845 quos
3485 3763 3923 3847 interfecerunt
3948 3763 4077 3845 filii
4119 3762 4329 3829 Israel
4365 3762 4588 3846 yladio.

2660 3852 2761 3919 12.
2834 3852 3010 3917 Tunc
3064 3852 3358 3933 loquutus
3418 3854 3509 3915 est
3565 3848 3750 3915 Iosue
3801 3849 3887 3915 ad
3953 3848 4249 3916 lebovam
4311 3849 4414 3915 die
4474 3868 4591 3932 qua

2656 3938 2924 4005 tradidit
3006 3936 3236 4003 Iebova
3303 3934 3767 4001 Amorrhaeum
3839 3953 4050 4002 coram
4132 3934 4293 4016 filiis
4369 3934 4589 4002 Israel.

2655 4023 2964 4106 Dixitque
3003 4024 3073 4088 in
3113 4020 3305 4087 oculis
3348 4020 3586 4086 Israel.-
3633 4019 3746 4085 Sol
3782 4022 3855 4086 in
3904 4021 4138 4088 Gibeon
4170 4027 4481 4102 exspecta,
4540 4024 4593 4086 et

2656 4112 2814 4176 luna
2892 4111 2964 4174 in
3036 4106 3196 4173 valle
3262 4106 3518 4172 Aialon.
3634 4106 3734 4171 13.
3800 4105 3891 4172 Et
3951 4107 4321 4188 exspectavit
4385 4106 4481 4174 sol
4543 4110 4595 4172 et

2655 4197 2810 4261 luna
2859 4194 3124 4262 constitit
3137 4243 3151 4270 ,
3217 4194 3404 4259 donec
3457 4193 3856 4258 ulcisceretur
3893 4212 3961 4259 se
4013 4213 4166 4278 qens
4206 4192 4281 4258 de
4321 4193 4593 4260 inimicis

2654 4281 2811 4347 suis.
2900 4282 3132 4347 Annon
3204 4279 3312 4345 boc
3376 4279 3682 4360 scriptum
3754 4284 3844 4344 est
3915 4281 3989 4345 in
4058 4278 4217 4345 libro
4274 4278 4473 4346 Iasar
4495 4283 4541 4357 ¹)
4555 4277 4588 4341 2¹?

2656 4366 2835 4433 Stetit
2875 4387 3018 4451 erqo
3056 4365 3150 4431 sol
3191 4366 3262 4431 in
3305 4364 3505 4430 medio
3545 4364 3711 4443 coeli,
3754 4385 3864 4432 nec
3901 4365 4224 4448 festinavit
4263 4364 4592 4433 occumbere

2654 4454 2899 4519 circiter
2946 4452 3049 4517 die
3099 4470 3232 4516 una
3281 4452 3540 4534 inteyra.
3634 4451 3735 4515 14.
3803 4450 3892 4517 Et
3930 4471 4058 4517 non
4096 4450 4226 4533 fuit
4260 4453 4424 4519 sicut
4462 4444 4589 4518 dies

2654 4539 2772 4604 illa
2799 4544 2940 4605 ante
2964 4556 3233 4604 eamnec
3252 4542 3400 4619 post
3431 4555 3571 4602 eam
3590 4557 3719 4619 qua
3760 4538 4088 4603 exaudivit
4130 4534 4361 4604 Iehova
4402 4554 4588 4605 vocem

2654 4625 2814 4691 viri.-
2856 4624 3087 4690 Iehova
3128 4623 3296 4689 mrim
3325 4623 3652 4706 puynabat
3680 4643 3804 4705 pro
3845 4623 4072 4690 Israel.

2830 4796 2887 4860 1.
2961 4795 3164 4877 Quum
3224 4795 3523 4861 audisset.
3611 4793 3808 4876 Quod
3875 4805 4028 4860 ante
4101 4794 4390 4861 breviter
4451 4814 4587 4879 per·

2655 4883 3010 4949 strinxerat
3063 4901 3240 4981 nunc
3281 4881 3491 4981 fusius
3533 4880 3947 4981 prosequitur
3990 4878 4070 4945 de
4120 4882 4589 4982 conspiratione

2656 4986 3114 5121 {istest
3146 4975 3326 5117 Νῗέἓ
3390 4988 3483 5117 ¹0¹}
3536 4967 4265 5136 tssssnffizsffizt
4328 4967 4590 5120 &¹3:¹²3

2654 5140 2855 5206 fuisse
2910 5139 3275 5222 perculsos,
3344 5146 3417 5204 ut
3466 5158 3806 5205 commune
3858 5137 4100 5204 bellum
4145 5138 4344 5205 simul
4392 5139 4587 5208 susci·

2829 5327 2887 5395 1)
2921 5324 2994 5380 In
3028 5328 3301 5397 maraine:
3341 5328 3440 5395 vel,
3478 5328 3631 5382 recti.
3706 5326 3933 5382 Gallus:
3966 5341 4052 5393 ou,
4086 5325 4160 5380 du
4194 5325 4358 5381 droit.
