5017 6142
506 456 635 525 395

503 649 692 709 motu
736 661 930 725 quam
977 639 1383 708 necessitate.
1452 638 1680 721 Neque
1716 636 1893 702 enim
1934 634 2114 703 laudi
2160 633 2456 703 ducenda

504 739 646 796 erat
707 724 993 794 bellandi
1056 725 1408 810 cupiditas,
1472 744 1639 808 quae
1701 721 2105 788 humanitati
2168 721 2453 788 maxime

504 821 863 899 repugnat:
923 811 1040 878 sed
1081 811 1237 897 quia
1285 810 1611 890 hostium,
1654 827 1696 873 a
1737 808 1976 892 quibus
2025 805 2454 873 infestabatur

506 920 671 985 gens
714 898 855 977 illa,
915 897 1006 962 im
1056 897 1298 964 rebitas
1341 896 1614 981 cogebat
1655 914 1838 959 arma
1880 894 2241 977 suscipere,
2286 904 2452 958 stre-

505 1007 637 1051 nue
718 985 995 1051 resisten
1041 984 1063 1048 i
1144 981 1445 1048 audacia.
1504 978 1777 1065 probata
1853 978 1993 1045 fuit.
2098 978 2454 1062 comparat

507 1078 731 1138 autem
773 1068 947 1134 leoni
991 1088 1140 1135 cum
1181 1068 1437 1153 impetu
1480 1065 1808 1133 exsilienti
1844 1086 1931 1130 ex
1963 1071 2187 1130 monte
2210 1064 2450 1142 Basan,

508 1157 620 1223 ubi
664 1153 1111 1223 subaudienda
1153 1162 1252 1219 est
1293 1164 1449 1219 nota
1491 1150 1976 1218 similitudinis:
2020 1170 2233 1233 neque
2276 1148 2453 1214 enim

509 1262 702 1308 mons
766 1241 987 1306 Basan
1057 1241 1129 1305 in
1204 1238 1417 1305 tribus
1489 1236 1671 1304 illius
1749 1236 1993 1302 ditione
2058 1235 2225 1302 situs
2290 1241 2449 1301 erat.

506 1328 758 1393 Verum
792 1325 1103 1410 intelligit
1137 1325 1378 1405 Moses,
1414 1330 1745 1407 promptos
1776 1322 1916 1388 fore
1945 1321 2028 1388 ad
2057 1320 2449 1398 conflictum,

507 1433 643 1478 non
681 1432 868 1478 secus
912 1432 987 1478 ac
1030 1411 1147 1491 leo,
1193 1411 1303 1494 qui
1349 1416 1696 1493 postquam
1740 1428 1777 1472 e
1820 1409 2129 1492 spelunca
2169 1408 2238 1472 in
2282 1425 2454 1471 cam-

506 1519 626 1583 pos
692 1504 952 1649 alpOertos
1016 1517 1319 1582 egressus
1385 1500 1518 1575 est,
1597 1492 1852 1577 prosilit
1924 1505 2158 1561 contra
2225 1492 2451 1560 obvios

551 1584 719 1650 uosli
802 1591 847 1647 t.

505 1605 549 1668 q
677 1667 782 1735 23.
824 1666 1168 1750 Nephthali
1207 1666 1390 1732 dixit.
1453 1663 1801 1730 Praedicat
1834 1663 2055 1730 Deum
2096 1663 2455 1731 liberaliter

508 1763 808 1822 acturum
853 1773 1009 1838 erga
1049 1751 1210 1818 duas
1252 1752 1410 1818 istas
1454 1751 1698 1817 tribus:
1758 1748 1914 1833 quia
1956 1749 2156 1832 priori
2199 1748 2453 1825 contine

555 1848 619 1905 et
683 1861 754 1905 re
805 1840 866 1905 ‘o
932 1837 1162 1904 fertilis
1216 1858 1447 1903 versus
1505 1834 1906 1902 occidentem
1961 1843 2029 1900 et
2091 1834 2451 1900 meridiem.

505 1861 696 2007 auae
801 1946 837 1990 e
896 1924 1068 1989 tribu
1130 1925 1299 1989 Aser
1353 1922 1770 2005 pronunciat,
1839 1919 2265 2006 ambiguitate
2322 1940 2452 1985 non

502 2021 749 2076 carent.
835 2009 1008 2074 Nam
1052 2008 1225 2091 quod
1275 2016 1549 2073 vocatur
1591 2003 1991 2073 Benedictus
2033 2019 2222 2075 D'DD
2258 2005 2453 2071 intel·

502 2096 624 2181 ligi
681 2104 899 2179 potest
943 2097 1003 2160 A
1050 2094 1234 2174 filiis,
1288 2093 1393 2159 vel
1437 2113 1595 2176 prae
1638 2091 1825 2157 filiis:
1884 2092 1940 2157 si
1994 2093 2169 2174 prior
2220 2113 2454 2158 sensus

506 2180 826 2260 arrideat,
888 2179 1197 2246 laudatur
1259 2183 1648 2256 πολυτεκνία,
1713 2179 1900 2261 quasi
1958 2176 2206 2243 dictum
2264 2184 2453 2256 esset,

505 2268 677 2333 Aser
734 2265 994 2332 beatum
1050 2265 1191 2330 fore
1240 2284 1590 2330 numerosa
1635 2262 1870 2329 sobole.
1959 2262 2189 2329 Potest
2233 2271 2456 2329 tamen

506 2372 648 2419 esse
684 2350 1078 2435 comparatio
1119 2352 1290 2415 inter
1331 2350 1515 2415 illam
1559 2349 1805 2415 tribum
1849 2356 1915 2413 et
1949 2348 2253 2432 reliquas.
2321 2349 2459 2413 Me-

506 2439 632 2503 rito
690 2445 907 2502 autem
963 2436 1103 2502 eius
1159 2435 1433 2502 felicitas
1477 2434 1623 2501 aliis
1664 2433 2063 2518 praefertur:
2122 2434 2273 2517 quia
2317 2454 2455 2500 sor·

505 2523 630 2588 tita
690 2530 788 2589 est
832 2543 1065 2606 agrum
1126 2521 1571 2599 uberrimum,
1638 2530 1704 2585 et
1753 2518 1985 2602 optimi
2031 2520 2230 2587 tritici
2287 2519 2455 2585 fera·

505 2627 679 2674 cem:
725 2608 918 2673 sicuti
960 2614 1242 2673 testatur
1284 2604 1648 2673 benedictio
1689 2603 1916 2683 Iacob,
1961 2606 2273 2690 pinguem
2316 2605 2456 2670 fore

554 2714 744 2758 anem
807 2695 982 2771 eius,
1061 2700 1129 2757 et
1207 2692 1316 2776 qui
1382 2690 1655 2756 daturus
1720 2690 1807 2756 sit
1871 2688 2128 2758 delitias
2192 2691 2456 2776 regibus

539 2779 707 2846 Gen.
753 2778 859 2858 49,
903 2776 1033 2864 20).
1098 2777 1424 2861 Adiungit
1467 2784 1731 2862 gratum
1773 2774 1910 2840 fore
1931 2776 2103 2842 Aser
2144 2775 2455 2843 fratribus

511 2866 680 2944 suis,
739 2863 915 2929 unde
975 2861 1340 2945 colligimus
1385 2870 1646 2947 gentem
1691 2861 1892 2926 fuisse
1937 2861 2146 2928 sedati
2188 2863 2453 2948 ingenii.

509 2951 753 3017 Postea
780 2950 1060 3035 figurate
1089 2947 1506 3015 commendat
1534 2948 1677 3027 olei,
1716 2945 1870 3012 ferri
1901 2954 1966 3011 et
1995 2949 2161 3014 aeris
2184 2951 2455 3033 copiam.

512 3036 797 3120 'Pingere
853 3033 1029 3099 enim
1083 3032 1284 3117 pedes
1337 3034 1513 3112 oleo,
1581 3029 1968 3098 tantundem
2027 3033 2206 3100 valet
2262 3042 2458 3119 atque

511 3121 772 3205 largum
813 3119 939 3186 olei
996 3127 1392 3204 proventum
1446 3118 1779 3204 colligere:
1835 3137 1905 3183 se
1963 3140 2119 3186 vero
2174 3120 2460 3187 calceare

512 3226 662 3272 aere
708 3213 773 3271 et
815 3206 987 3271 ferro
1046 3204 1216 3270 nihil
1261 3204 1440 3271 aliud
1497 3212 1600 3271 est
1656 3225 1848 3288 quam
1898 3204 2149 3272 calcare
2215 3214 2459 3272 terram

510 3291 795 3357 metallis
835 3290 970 3357 illis
1005 3292 1329 3357 refertam.
1400 3290 1823 3375 [Quanquam
1868 3311 1998 3358 non
2034 3293 2252 3358 minus
2295 3292 2460 3357 arri-

511 3377 625 3443 det
666 3398 851 3443 serae
893 3396 1155 3444 nomen.
1243 3376 1611 3461 Compedes
1668 3378 1781 3444 alii
1824 3384 2132 3445 vertunt:
2198 3376 2311 3442 sed
2355 3379 2458 3444 in-

511 3464 716 3542 scite].
806 3462 985 3530 Hinc
1029 3483 1186 3530 vero
1229 3460 1448 3548 (sicuti
1493 3485 1575 3528 ex
1620 3462 1769 3530 aliis
1810 3464 2252 3549 superioribus
2305 3462 2462 3530 locis

510 3548 816 3634 colligere
850 3560 1225 3633 promptum
1261 3557 1381 3629 est,
1426 3548 1929 3631 benedictiones,
1973 3569 2251 3633 quarum
2287 3569 2460 3616 nunc

509 3635 588 3701 fit
651 3635 929 3714 mentio,
1002 3654 1131 3699 non
1197 3643 1337 3698 tam
1404 3640 1557 3700 vota
1620 3643 1734 3700 aut
1799 3635 2206 3719 precationes
2261 3635 2461 3701 fuisse

510 3741 708 3804 quam
774 3719 1116 3785 vaticinia:
1183 3718 1339 3802 quia
1395 3720 1537 3785 sine
1594 3741 1626 3786 s
1672 3720 1831 3787 iritu
1887 3720 2266 3805 prophetico
2323 3739 2460 3785 non

510 3806 869 3871 divinasset
910 3805 1131 3871 Moses
1187 3823 1506 3887 quaenam
1542 3824 1624 3870 ve
1685 3806 1897 3889 qualis
1940 3806 2121 3890 regio
2159 3805 2457 3890 singulas

509 3891 723 3957 tribus
766 3898 1081 3956 maneret.
1141 3887 1557 3955 Postremam
1600 3901 1852 3974 partem
1897 3891 2078 3957 varie
2122 3900 2459 3974 exponunt

508 3976 919 4060 interpretes.
1007 3975 1178 4041 Nam
1238 3988 1370 4043 ΝΞἾ
1423 3975 1687 4059 quidam
1742 3997 1859 4060 pro
1916 3984 2248 4043 senectute
2292 3978 2459 4044 acci·

507 4062 735 4145 piunt,
796 4060 901 4127 vel
943 4082 1061 4144 pro
1107 4060 1362 4140 dolore,
1419 4081 1495 4126 ac
1538 4062 1593 4128 si
1642 4070 1816 4129 esset
1868 4056 2209 4128 literarum
2251 4071 2458 4129 meta·

508 4146 747 4212 thesis:
788 4155 854 4212 et
889 4148 979 4210 ita
1014 4146 1152 4214 dies
1188 4145 1271 4212 ad
1306 4146 1715 4213 iuventutem
1753 4149 2189 4234 restringunt:
2228 4169 2457 4215 verum

508 4232 753 4298 rectius
813 4232 1110 4298 sentiunt
1167 4232 1309 4311 alii,
1371 4240 1505 4299 toto
1563 4234 1739 4301 vitae
1780 4254 1979 4300 cursu
2022 4241 2338 4319 vegetum
2383 4256 2457 4300 ac

505 4318 849 4382 robustum
892 4317 1029 4384 fore
1067 4318 1251 4385 Aser.
1322 4317 1546 4399 Quum
1592 4339 1749 4404 ergo
1795 4319 1950 4385 anni
1994 4321 2239 4386 sensim
2280 4319 2458 4386 debi-

507 4402 704 4467 litent
747 4403 1080 4482 homines,
1134 4405 1459 4488 promittit
1503 4404 1723 4471 Moses
1766 4406 2046 4488 posteris
2091 4409 2264 4473 Aser
2305 4428 2459 4474 con·

508 4490 769 4554 tinuum
813 4488 1103 4574 vigorem
1147 4511 1354 4574 usque
1399 4490 1479 4556 ad
1526 4500 1896 4557 extremum
1945 4492 2134 4558 vitae.

1026 4829 1159 4896 Ex
1203 4830 1535 4898 EODEM
1581 4830 1936 4899 GAPl'rE.

676 5003 779 5068 26.
853 5000 1001 5067 Non
1042 5006 1129 5067 est
1161 5001 1398 5068 simili-s
1439 5000 1576 5068 Deo
1614 5002 1797 5081 recti,
1839 5004 1952 5084 qui
1992 5004 2227 5085 equitat
2265 5023 2456 5087 super

503 5088 697 5155 coelos
737 5090 809 5154 in
852 5086 1170 5155 auxilium
1212 5093 1389 5154 tuum
1405 5136 1422 5171 ‚
1481 5093 1537 5153 et
1574 5088 1646 5153 in
1871 5087 2147 5169 ifioentia
2186 5109 2309 5156 sua
2352 5109 2457 5156 su-

492 5194 617 5256 per
680 5174 883 5239 nubes.
973 5174 1075 5240 27.
1140 5172 1589 5240 Habitaoulum
1645 5178 1734 5241 est
1856 5194 1966 5240 eus
2020 5179 2338 5241 aeternus.-
2401 5179 2459 5241 et

504 5258 711 5324 subter
749 5259 1006 5327 brachia
1045 5260 1421 5343 sempiterna
1463 5260 1635 5327 eiecit
1675 5281 1718 5326 a
1755 5258 1920 5342 facie
1959 5265 2072 5326 twa
2103 5260 2451 5342 inimicum,

505 5348 564 5409 et
595 5344 785 5410 dixit.-
819 5344 1153 5430 Disperde.
1200 5347 1304 5414 28.
1371 5343 1461 5413 Et
1497 5344 1800 5413 habitabit
1831 5346 2039 5414 ,ῖς-ναοὶ
2079 5347 2453 5431 confidenter

1869 449 2278 519 REDITUS
2321 449 2455 517 AD
2493 447 3039 517 HISTORIAM.

4368 446 4502 514 396

2554 636 2729 703 solus
2778 635 2996 703 oculus
3038 635 3262 701 Iacob:
3316 637 3386 702 in
3439 639 3609 702 terra
3644 636 3946 718 frumenti
3986 639 4045 702 et
4084 635 4250 717 vini,
4306 635 4497 702 diam

2552 722 2708 789 coeli
2765 722 2905 787 eius
2958 720 3280 787 stillabunt
3318 740 3540 787 rorem.
3628 721 3730 788 29.
3797 721 4039 789 Beatus
4080 742 4148 788 es
4187 743 4223 788 o
4266 721 4498 800 Israel,

2554 808 2702 890 quis
2753 806 2988 873 similis
3027 805 3143 873 tibi
3171 806 3408 890 popule
3446 806 3562 889 qui
3601 809 3881 874 servaris
3921 809 3994 874 in
4038 806 4268 873 Iehova
4322 812 4497 874 amato

2554 893 2788 959 auxilii
2827 893 2954 972 tui,
2996 898 3053 958 et
3087 892 3300 977 ‚eladio
3341 893 3726 960 eoecelleritiae
3766 899 3911 960 tuae
3924 893 3962 960 ‚2
4003 892 4504 960 humiliabuntur

2552 978 2800 1045 inimici
2840 978 2955 1058 tui,
2996 983 3051 1045 et
3093 984 3162 1044 tu
3203 998 3392 1061 super
3431 979 3671 1046 excelsa
3713 998 3925 1046 eorum
3955 976 4241 1046 calcabi-e.

2721 1151 2827 1217 26.
2898 1150 3043 1216 Non
3084 1155 3174 1216 est
3210 1148 3464 1215 milia.
3541 1150 3811 1216 Transit
3853 1149 4073 1216 Moses
4115 1171 4155 1216 a
4198 1148 4501 1233 partibus

2555 1233 2640 1299 ad
2685 1244 2922 1318 totum,
2966 1235 3119 1319 quia
3159 1235 3243 1301 ad
3288 1236 3670 1302 universum
3712 1256 3949 1319 corpus
4002 1235 4169 1319 quod
4217 1256 4300 1301 ex
4338 1236 4500 1302 duo·

2556 1320 2764 1387 decim
2808 1320 3075 1387 familiis
3118 1320 3477 1401 constabat,
3513 1342 3688 1387 nunc
3732 1320 4085 1388 descendit.
4170 1320 4383 1388 Porro
4423 1323 4502 1387 in

2556 1427 2760 1472 unum
2818 1409 3016 1474 finem
3077 1406 3356 1473 tendunt
3397 1407 3644 1488 omnia,
3699 1406 3953 1474 felicem
3995 1427 4139 1473 esse
4181 1407 4502 1493 populum

2555 1491 2987 1560 Israeliticum
3006 1544 3022 1573 ,
3066 1512 3263 1575 quem
3307 1492 3492 1558 Deus
3530 1493 3602 1557 in
3644 1491 3839 1558 fidem
3884 1512 4070 1558 suam
4115 1500 4182 1558 et
4222 1494 4502 1560 tutelam

2555 1579 2833 1662 recepit,
2894 1577 3059 1644 nihil
3104 1578 3280 1643 enim
3324 1578 3407 1644 ad
3452 1597 3781 1644 summum
3834 1578 4083 1644 bonum
4132 1578 4502 1663 optabilius,

2555 1684 2750 1745 quam
2815 1672 2893 1729 ut
2954 1665 3133 1730 salus
3188 1671 3414 1729 nostra
3468 1665 3538 1728 in
3603 1684 3805 1729 manu
3856 1662 3986 1730 Dei
4043 1665 4328 1748 reposita
4391 1665 4498 1732 sit.

2555 1747 2811 1815 Verum
2863 1750 3018 1834 quia
3074 1748 3320 1815 bonum
3374 1749 3848 1815 inaestimabile
3906 1771 3942 1816 e
3995 1749 4008 1763 ⁸
4107 1771 4145 1816 o
4187 1770 4384 1834 saepe
4424 1750 4504 1816 in

2555 1835 2763 1917 pretio
2820 1834 3131 1912 habetur,
3199 1836 3458 1919 protegi
3527 1833 3772 1902 scilicet
3824 1835 3945 1901 sub
4071 1836 4131 1901 ei
4189 1835 4502 1914 custodia,

2557 1920 2776 1986 Moses
2840 1942 2957 2005 per
3022 1919 3518 1987 admirationem
3584 1919 3941 2002 exclamat,
4008 1941 4140 1986 non
4193 1942 4338 1988 esse
4386 1922 4503 2005 qui

2556 2005 2839 2073 conferri
2905 2008 3114 2090 possit
3175 2027 3325 2072 cum
3386 2007 3532 2072 Deo
3594 2005 3879 2073 Israelis.
3984 2006 4245 2073 Scimus
4325 2009 4501 2073 enim

2559 2093 2809 2158 cunctis
2850 2092 3154 2177 gentibus
3197 2112 3351 2158 suos
3392 2093 3594 2158 fuisse
3639 2091 3949 2159 tutelares
3994 2092 4179 2172 deos,
4238 2092 4341 2159 vel
4430 2113 4505 2159 a-

2561 2186 2817 2242 tronos:
2873 2187 2941 2244 et
2982 2177 3184 2243 stulte
3226 2198 3516 2262 quasque
3572 2177 3881 2261 gloriatas
3925 2198 4066 2244 esse
4109 2178 4246 2244 suis
4289 2178 4395 2244 ido
4423 2180 4502 2244 's.

2561 2264 2762 2346 Atqui
2806 2263 3087 2329 subinde
3128 2263 3649 2346 experiebantur,
3690 2262 4007 2347 quidquid
4048 2263 4184 2329 illic
4227 2263 4507 2330 fiduciae

2560 2346 2882 2429 locabant,
2926 2350 3121 2415 inane
3166 2368 3305 2414 esse
3342 2370 3417 2415 ac
3459 2348 3800 2415 frivolum:
3845 2348 4055 2416 Moses
4091 2368 4247 2434 ergo
4283 2349 4507 2416 Deum

2559 2434 2769 2499 Israel
2803 2433 2887 2499 ab
2926 2435 3315 2519 imaginaria
3355 2434 3667 2501 falsorum
3711 2434 3975 2500 deorum
4020 2434 4212 2501 turba
4254 2435 4506 2516 eximit,

2560 2518 2664 2585 cui
2720 2519 3004 2585 similem
3056 2541 3329 2605 usquam
3385 2522 3667 2586 inveniri
3711 2540 3902 2604 posse
3960 2527 4174 2605 negat.
4265 2521 4506 2586 Poten-

2562 2607 2721 2670 tiam
2775 2626 2935 2671 vero
2994 2606 3137 2672 eius
3193 2605 3478 2672 extollit:
3536 2607 3690 2689 quia
3744 2606 4089 2690 magnifice
4142 2607 4390 2689 equitet
4429 2607 4506 2672 in

2561 2691 2758 2757 coelis
2792 2698 2859 2757 et
2898 2691 3209 2758 nubibus:
3268 2692 3439 2775 qnod
3493 2690 3884 2758 tantundem
3926 2691 4103 2759 valet
4136 2699 4331 2776 atque
4373 2713 4510 2758 om-

2562 2797 2712 2843 nem
2737 2776 3189 2844 celsitudinem
3213 2778 3354 2845 eius
3378 2777 3652 2861 imperio
3672 2778 4033 2844 subiectam
4057 2798 4216 2844 esse.
4261 2776 4507 2844 Verum

2562 2864 2718 2946 quia
2780 2884 3012 2947 parum
3077 2863 3412 2948 prodesset
3486 2864 3873 2930 immensam
3938 2864 4079 2930 eius
4140 2864 4511 2947 potentiam

2564 2957 2754 3015 extra
2798 2971 2916 3016 nos
2959 2959 3294 3033 reputare,
3354 2949 3596 3015 diserte
3639 2948 3948 3015 admonet
3988 2949 4243 3029 Moses,
4290 2950 4510 3015 Deum

2564 3055 2699 3102 non
2743 3035 2866 3100 sibi
2909 3056 3050 3101 esse
3104 3035 3336 3101 fortem
3353 3085 3369 3116 ,
3413 3034 3527 3102 sed
3571 3042 3648 3100 ut
3689 3034 3929 3118 populo
3971 3055 4090 3101 suo
4131 3034 4506 3101 auxilietur.

2732 3121 2837 3186 27.
2884 3115 3346 3187 Habitacalum.
3407 3121 3691 3186 Perinde
3735 3128 3838 3188 est
3879 3141 3956 3188 ac
3985 3120 4042 3186 si
4084 3117 4350 3200 diceret,
4392 3142 4508 3187 su·

2564 3226 2766 3291 perne
2829 3206 3084 3292 protegi
3136 3204 3264 3270 Dei
3329 3207 3575 3272 auxilio
3629 3206 3962 3273 Israelitas
4026 3212 4094 3273 et
4150 3208 4221 3272 in
4279 3206 4508 3273 eodem

2563 3290 2870 3359 fundatos
2913 3311 3074 3359 esse.
3150 3290 3535 3376 Respondet
3575 3293 3836 3359 initium
3880 3291 4278 3376 precationis
4319 3293 4510 3358 alteri

2566 3377 2818 3444 cantico
2860 3376 3034 3462 quod
3077 3377 3317 3478 legitur
3357 3378 3532 3444 inter
3573 3377 3903 3456 Psalmos,
3947 3377 4227 3459 Iehova,
4269 3386 4345 3444 tu
4388 3378 4510 3444 ha-

2566 3461 2925 3530 bitaculum
2992 3464 3172 3529 fuisti
3237 3464 3424 3530 nobis
3486 3464 3557 3528 in
3615 3465 4036 3548 generatione
4101 3472 4169 3530 et
4232 3484 4510 3549 genera-

2564 3549 2744 3614 tione
2765 3547 2967 3635 (Psal.
2991 3549 3096 3627 90,
3124 3548 3210 3636 1).
3255 3547 3537 3617 Summa
3556 3558 3674 3631 est,
3699 3550 3994 3633 quamvis
4016 3549 4101 3617 ab
4122 3551 4301 3615 omni
4322 3560 4511 3634 parte

2564 3634 2844 3718 expositi
2887 3635 3114 3702 multis
3146 3635 3408 3703 iniuriis
3443 3643 3662 3702 essent
3683 3635 4039 3717 Israelitae,
4083 3634 4510 3720 tranquillam

2565 3727 2788 3786 tamen
2849 3720 2980 3788 illis
3045 3721 3328 3805 quietem
3377 3742 3520 3789 esse
3577 3720 3699 3788 sub
3764 3722 3995 3790 umbra
4047 3721 4301 3788 alarum
4360 3718 4508 3787 Dei.

2564 3805 2656 3870 Et
2697 3813 2906 3885 certe,
2964 3807 3092 3874 nisi
3134 3807 3347 3875 instar
3390 3807 3644 3892 tugurii
3688 3808 3924 3874 fuisset
3966 3807 4093 3873 Dei
4149 3826 4382 3873 manus
4423 3805 4508 3872 ad

2564 3912 2673 3957 eos
2715 3892 3171 3978 protegendos,
3217 3893 3455 3958 millies
3487 3893 3854 3977 periissent.
3899 3892 4152 3959 Verum
4188 3892 4337 3977 quia
4372 3912 4510 3958 non

2563 3976 2895 4043 sufficeret
2945 3979 3162 4062 capita
3204 3989 3433 4045 nostra
3474 4000 3617 4046 esse
3658 3980 3727 4045 in
3771 3987 3946 4057 tuto,
4003 3980 4210 4046 altera
4253 3999 4510 4062 quoque

2562 4082 2717 4145 pars
2760 4064 3199 4149 subiungitur,
3244 4072 3546 4149 porrecta
3587 4085 3729 4131 esse
3750 4064 3879 4131 Dei
3923 4064 4191 4132 brachia
4236 4064 4318 4130 ad
4362 4085 4510 4131 sus·

2563 4147 2909 4217 tinendum
2954 4150 3288 4233 populum.
3376 4148 3591 4216 Vocat
3638 4156 3855 4216 autem
3892 4151 4308 4234 sempiterna,
4353 4150 4511 4233 quia

2564 4255 2902 4318 nunquam
2961 4236 3234 4302 labascit
3288 4235 3547 4320 piorum
3602 4236 3879 4302 firmitas
3898 4286 3913 4314 ,
3985 4236 4096 4319 qui
4158 4235 4231 4300 in
4283 4236 4510 4302 Deum

2562 4320 2982 4401 recumbunt,
3042 4320 3313 4405 perinde
3355 4320 3564 4407 igitur
3604 4329 3706 4386 est
3748 4342 3823 4388 ac
3866 4322 3924 4388 si
3968 4321 4186 4389 Deum
4226 4321 4358 4389 illis
4402 4343 4509 4388 as·

2561 4405 2856 4490 signaret
2919 4428 3035 4491 pro
3078 4406 3278 4473 fundo
3333 4416 3401 4473 et
3441 4405 3783 4491 superficie
3840 4406 4088 4474 domus.
4176 4406 4316 4473 Alii
4370 4427 4510 4473 non

2562 4501 2701 4556 tam
2744 4499 2919 4558 recte
2962 4499 3260 4559 vertunt:
3323 4491 3467 4560 Sub
3509 4492 3793 4560 brachiis
3834 4494 4252 4576 sempiternis
4297 4493 4506 4560 vives.

2563 4575 2932 4655 [Concinna
2974 4578 3148 4644 enim
3210 4578 3553 4645 diversitas
3610 4580 3907 4663 ponitur,
3958 4599 4125 4662 quae
4169 4587 4390 4644 tamen
4432 4580 4510 4646 in

2558 4660 2841 4730 eundem
2890 4665 3086 4729 finem
3131 4663 3370 4731 tendit:
3417 4665 3750 4732 ubi‘Deus
3788 4676 4063 4731 vocatur
4095 4678 4226 4754 07?
4261 4673 4327 4730 et
4354 4665 4510 4730 bra-

2558 4747 2709 4814 chia
2753 4748 2894 4815 eius
2940 4763 2985 4819 D
3027 4763 3089 4827 w
3134 4769 3416 4833 quorum
3449 4751 3637 4834 prius
3692 4750 3959 4835 respicit
4017 4759 4275 4835 tempus
4314 4771 4512 4836 prae·

2559 4833 2848 4915 teritum,
2889 4836 2958 4901 in
2995 4835 3200 4901 altero
3243 4846 3462 4902 autem
3506 4837 3708 4903 futuri
3742 4836 4056 4921 temporis
4090 4836 4335 4903 notatio
4370 4845 4508 4902 est:

2559 4939 2635 4984 ac
2679 4918 2736 4984 si
2771 4918 3050 4987 dixisset
3082 4920 3319 5002 Deum,
3362 4922 3475 5005 qui
3521 4922 3643 4988 fuit
3676 4924 3757 4990 ab
3791 4923 3998 5003 initio,
4044 4931 4110 4990 et
4152 4923 4339 4990 cuius
4373 4923 4510 4988 vir·

2558 5012 2665 5070 tus
2708 5004 2793 5070 ad
2822 5008 3023 5073 finem
3057 5027 3261 5091 usque
3297 5006 3606 5087 durabitl.
3681 5007 4105 5094 Superiorem
4140 5008 4508 5075 doctrinam

2559 5091 3021 5174 experimentis
3066 5095 3428 5173 confirmat,
3471 5096 3629 5177 quia
3663 5093 3845 5161 Deus
3878 5095 4101 5163 hostes
4143 5093 4369 5180 populi
4398 5095 4512 5161 sui

2557 5176 2947 5246 mirabiliter
2980 5179 3372 5264 perdiderit,
3408 5178 3674 5245 modum
3703 5186 3922 5246 tamen
3952 5182 4147 5247 simul
4183 5180 4509 5265 designat,

2556 5262 2730 5345 quod
2764 5263 3029 5332 dixerit:
3077 5265 3309 5345 Perde,
3352 5264 3454 5333 vel
3491 5264 3656 5345 dele,
3699 5265 3800 5331 vel
3839 5264 4100 5350 dissipa.
4156 5265 4308 5348 Qua
4342 5285 4510 5334 voce

2558 5348 2913 5434 significat,
3002 5352 3302 5435 quamvis
3384 5350 3840 5420 Israelitarum
3916 5371 4114 5437 opera
4189 5372 4345 5418 usus
4416 5352 4516 5420 sit
