5017 6142
474 456 593 522 161

466 644 909 713 obscurasset:
960 664 1189 710 verum
1238 643 1351 710 ubi
1399 667 1469 712 se
1509 652 1645 713 toto
1701 667 1871 712 anno
1909 668 2038 712 non
2083 648 2403 728 movebat,
2456 654 2462 677 f

515 741 696 797 ostea
747 728 1024 796 subinde
1082 730 1406 814 migrabat
1444 731 1512 796 in
1560 731 1760 797 alium
1821 732 2061 808 locum,
2121 742 2186 798 et
2227 753 2405 799 nunc

495 838 578 882 on
631 817 728 882 ‘us
785 816 909 880 iter
957 837 1074 882 suo
1133 814 1363 892 ductu,
1433 838 1607 883 nunc
1672 817 1934 883 brevius
1983 818 2404 899 monstrabat,

465 902 539 967 in
582 839 707 968 {lac
751 900 1124 968 diversitate
1171 901 1413 967 clarius
1456 903 1695 968 enituit
1748 914 2022 987 paterna
2057 903 2186 970 Dei
2227 904 2406 971 solli-

466 986 703 1066 citudo,
749 987 863 1072 qui
908 1004 1239 1070 nunquam
1284 987 1504 1070 populi
1551 988 2061 1054 oblivisceretur.

990 1328 1120 1394 EX
1163 1328 1515 1395 NUMER.
1559 1328 1758 1396 OAP.
1803 1329 1894 1396 X.

638 1498 741 1566 29.
792 1499 981 1565 Dioeit
1033 1503 1237 1565 autem
1285 1497 1497 1565 Moses
1552 1500 1641 1567 ad
1682 1499 1900 1565 Hobab
1951 1500 2161 1583 filium
2208 1500 2402 1567 Reuel

468 1584 872 1652 Madianitae
924 1586 1116 1651 soceri
1172 1586 1312 1651 sui.-
1383 1584 1519 1650 Nos
1558 1587 2018 1670 proficiscimur
2069 1587 2154 1652 ad
2205 1586 2404 1653 locum

465 1672 544 1738 de
581 1690 700 1752 quo
742 1670 908 1736 ducit
940 1669 1187 1747 Iehova,
1228 1671 1413 1736 illum
1454 1670 1611 1737 dabo
1652 1670 1858 1736 vobis:
1898 1673 2037 1737 vem‘
2069 1672 2400 1755 nobiscum,

466 1762 526 1823 et
567 1755 1008 1839 benefaciemus
1049 1755 1197 1820 tibi.-
1250 1757 1402 1838 quia
1455 1755 1683 1822 Iehova
1723 1757 2014 1839 loquutus
2053 1762 2144 1824 est
2182 1758 2401 1840 benefi-

464 1842 733 1908 centiam
793 1861 984 1923 super
1045 1842 1368 1907 Israelem.
1488 1842 1592 1907 30.
1651 1842 1992 1922 Respondit
2055 1848 2259 1909 autem
2321 1844 2397 1923 ei,

470 1928 617 1993 Non
649 1928 929 1992 veniam.-
969 1926 1078 1993 sed
1110 1927 1196 1992 ad
1228 1931 1458 1994 terram
1491 1947 1708 2008 meam,
1752 1931 1806 1992 et
1839 1928 1925 1994 ad
1960 1929 2168 1995 natale
2199 1930 2402 1996 solum

464 2033 673 2079 meum
704 2011 817 2078 ibo.
899 2011 1001 2078 31.
1052 2012 1223 2078 Tunc
1255 2013 1451 2078 dixit.-
1494 2012 1596 2078 Ne
1629 2013 2024 2095 derelinquas
2055 2033 2201 2079 nos:
2246 2017 2402 2097 quia

452 2103 787 2180 propterea
824 2098 986 2162 nosti
1026 2098 1379 2164 mansiones
1419 2103 1671 2165 nostras
1707 2098 1779 2163 iu
1816 2100 2047 2165 deserto
2063 2147 2079 2178 ,
2122 2104 2177 2164 et
2213 2100 2401 2183 fuisti

460 2184 641 2249 nobis
672 2204 797 2265 pro
838 2183 1050 2249 oculi&
1137 2182 1240 2249 32.
1295 2183 1502 2265 Quum
1544 2188 1747 2249 autem
1787 2186 2025 2251 veneris
2068 2184 2400 2264 nobiscum,

464 2268 1761 2351 etevemritnobisbonumazudquo
1994 2275 2406 2337 acturusest

468 2353 698 2421 Iebova
760 2354 937 2420 nobis
952 2403 968 2433 ,
1032 2358 1162 2419 tum
1225 2354 1675 2439 benefaciemus
1737 2355 1867 2420 tibi.
1967 2355 2068 2420 33.
2132 2354 2402 2439 Profecti

356 2432 385 2459 '
463 2441 2406 2521 suntitaqueamontelehovaeviabriumdierum:et

465 2547 621 2626 ανρα
693 2525 960 2626 foederis
1002 2524 1289 2624 jehovae
1355 2524 1863 2609 proficiscebatur
1924 2531 2069 2626 onte
2134 2547 2235 2593 eos
2274 2528 2403 2626 ‚via

465 2612 946 2763 3⁶'Z“”i22‘²⁸„⁶..1‚..¹
843 2631 945 2676 “¹²⁸
994 2610 1148 2762 ‘1²22’
1135 2631 1261 2763 “2222'’
1316 2611 2402 2780 ffaaemffimnssoaffa‘ssffatmffii

456 2749 1000 2883 proficicet-:rentem
1061 2803 1093 2848 e
1155 2782 1396 2849 castris.
1506 2782 1609 2848 35.
1675 2782 1880 2864 Quum
1942 2788 2146 2848 autem
2174 2750 2190 2777 ’
2211 2786 2406 2883 eoepit

454 2868 776 2952 profici-set
819 2888 971 2968 αἴσᾳ
984 2919 1035 2967 ³.
1076 2869 1309 2969 decebat
1352 2867 1594 2968 Moses:
1646 2866 1843 2968 Surge
1886 2868 2137 2947 lebam,
2181 2875 2237 2935 et
2277 2871 2405 2934 dus-

456 2959 808 3038 peryanaw
849 2974 1092 3020 memet
1132 2958 1227 3018 tut
1245 3004 1260 3033 ,
1317 2957 1371 3017 et
1422 2954 1674 3038 fuyumt
1714 2955 1854 3020 odto
1904 2953 2187 3021 habentes
2245 2958 2303 3018 te
2360 2976 2403 3020 a

463 3040 633 3123 faeie
667 3045 794 3105 tua.
862 3038 963 3103 36.
1014 3038 1274 3120 Quando
1314 3059 1455 3105 vero
1498 3039 1931 3123 requiescebat,
1972 3040 2238 3106 dicebat.-
2281 3039 2401 3105 Re-

466 3130 701 3192 vertere
746 3123 975 3189 Iebova
1018 3124 1101 3189 ad
1143 3124 1342 3191 decem
1384 3125 1592 3191 millia
1632 3124 1907 3191 millium
1950 3125 2233 3193 Israelis,

642 3295 745 3361 29.
810 3293 1002 3360 Dixit
1045 3292 1255 3360 Moses
1299 3296 1384 3361 ad
1428 3295 1660 3361 Hobab.
1750 3295 1963 3362 Nimis
2005 3318 2219 3363 crasse
2262 3296 2404 3363 hal-

467 3380 743 3446 lucinati
806 3387 963 3446 sunt
1027 3380 1141 3463 qui
1205 3389 1605 3463 putaverunt
1668 3380 1902 3446 Hobab
1970 3402 2111 3447 esse
2176 3381 2405 3448 Iethro

464 3486 762 3533 socerum
801 3465 1028 3545 Mosis,
1073 3485 1264 3547 quem
1311 3476 1460 3531 ante
1497 3465 1776 3532 vidimus
1813 3469 2030 3548 paucis
2064 3477 2403 3552 postquam

462 3551 811 3636 appulerat
845 3548 1071 3616 diebus
1105 3571 1440 3617 reversum
1477 3551 1695 3615 fuisse.
1741 3550 1881 3617 Nec
1919 3572 2073 3618 vero
2107 3564 2407 3621 senectus

463 3637 607 3702 fere
643 3635 966 3718 decrepita
1008 3645 1164 3719 apta
1215 3637 1317 3702 vel
1358 3658 1479 3721 par
1527 3635 1756 3702 fuisset
1800 3645 1936 3701 tam
1979 3638 2267 3703 molestis
2311 3639 2406 3704 la-

464 3723 755 3789 boribus,
842 3722 1028 3788 'Punc
1070 3722 1520 3806 octogenarius
1554 3732 1696 3788 erat
1738 3722 1990 3802 Moses,
2035 3723 2142 3807 qui
2191 3737 2405 3809 tamen

464 3809 666 3892 longe
708 3807 932 3873 aberat
975 3807 1056 3872 ab
1099 3808 1292 3872 annis
1335 3808 1555 3873 soceri.
1619 3806 1751 3874 Sed
1796 3831 1881 3875 ex
1923 3816 2153 3891 quarto
2195 3810 2407 3891 capite

466 3894 771 3961 Indicum
815 3893 1064 3959 tollitur
1106 3893 1317 3959 omnis
1361 3892 1708 3973 dubitatio,
1766 3894 1879 3959 ubi
1934 3894 2213 3979 legimus
2259 3915 2406 3977 pos-

467 3990 647 4047 teros
704 3979 938 4045 Hobab
993 3978 1208 4044 adhuc
1268 3988 1423 4044 tunc
1475 3979 1856 4063 superstites
1898 3980 1971 4044 in
2014 3989 2191 4045 terra
2233 3979 2408 4046 oha-

467 4086 665 4131 naan.
730 4063 950 4147 Quum
989 4084 1145 4149 ergo
1189 4063 1397 4131 bonus
1435 4085 1640 4130 senex
1675 4065 1936 4130 domum
1972 4087 2043 4131 se
2075 4067 2406 4148 reciperet,

466 4151 679 4216 filium
746 4149 958 4217 adhuc
1020 4163 1326 4236 vegetum
1396 4151 1568 4217 Mosi
1630 4170 1870 4235 genero
1934 4171 2048 4217 suo
2103 4151 2408 4217 comitem

467 4235 767 4318 reliquit,
825 4236 939 4301 cui·
976 4245 1245 4319 propter
1304 4237 1709 4303 vicinitatem
1768 4245 1919 4301 nota
1963 4243 2104 4302 erat
2138 4236 2254 4300 illa
2296 4237 2407 4303 de·

467 4321 635 4387 serti
692 4321 901 4405 regio:
969 4331 1043 4387 ut
1099 4320 1181 4385 ad
1235 4321 1441 4387 multa
1492 4319 1705 4387 officia
1763 4329 1936 4387 esset
1992 4322 2189 4387 utilis,
2278 4323 2408 4388 Hic

470 4416 695 4473 tamen
750 4408 889 4471 sive
939 4414 1278 4490 pertaesus
1334 4428 1580 4471 moram
1639 4415 1705 4471 et
1753 4405 2200 4488 difficultates,
2265 4409 2409 4474 sive

469 4492 762 4577 maligno
828 4500 896 4556 et
949 4513 1255 4575 perverso
1299 4491 1520 4575 populi
1581 4493 1843 4577 ingenio
1887 4492 2200 4573 offensus,
2267 4494 2408 4560 sive

470 4576 703 4643 nidum
767 4598 958 4643 suum
1024 4587 1090 4644 et
1154 4576 1491 4644 statariam
1556 4579 1761 4643 vitam
1813 4579 2025 4663 longis
2082 4577 2408 4644 erroribus

466 4664 866 4748 praeferens,
909 4664 1117 4728 voluit
1159 4673 1411 4747 patrem
1445 4663 1768 4746 subsequi.
1859 4663 1949 4731 Ut
1994 4673 2207 4729 autem
2245 4665 2407 4730 scia-

470 4769 625 4814 mus
690 4768 822 4813 non
886 4749 1189 4815 simulate
1254 4747 1352 4834 (ut
1417 4770 1610 4832 saepe
1675 4748 1817 4814 fieri
1888 4748 2078 4837 solet)
2144 4752 2407 4833 petiisse

470 4833 879 4912 missionem,
962 4834 1198 4900 diserte
1286 4834 1596 4917 exprimit
1683 4835 1899 4901 Moses
1984 4857 2117 4901 non
2182 4837 2405 4902 statim

471 4921 720 4986 flexum
784 4920 985 4987 fuisse
1039 4920 1339 5004 precibus
1391 4928 1467 4984 ut
1524 4929 1842 4986 maneret:
1899 4921 2026 4987 imo
2082 4943 2200 4989 nec
2267 4944 2409 5006 pro-

474 5006 727 5085 missis,
788 5005 1019 5089 quibus
1062 5027 1208 5071 eum
1267 5005 1524 5071 allicere
1568 5004 1862 5071 tentabat
1906 5007 2155 5088 Moses,
2213 5008 2409 5075 fuisse

475 5089 849 5172 adductum,
896 5090 1100 5157 donec
1144 5100 1633 5175 perseveranter
1675 5099 1940 5175 rogatus
1984 5103 2170 5158 esset.
2262 5094 2411 5159 Etsi

458 5183 698 5240 »autem
763 5178 821 5242 ei
876 5178 1263 5262 proponitur
1325 5197 1473 5261 spes
1540 5185 1751 5241 terrae
1815 5179 2195 5260 promissae:
2259 5179 2410 5260 quia

476 5268 700 5325 tamen
759 5264 1018 5328 nonnisi
1061 5272 1357 5329 terrenae
1402 5272 1468 5329 et
1511 5260 1790 5329 caducae
1839 5264 2277 5345 prosperitatis
2336 5264 2409 5328 fit

456 5347 755 5426 mentio,
814 5346 1164 5431 probabilis
1207 5348 1357 5413 inde
1394 5349 1768 5415 coniectura
1810 5349 2093 5428 elicitur,
2140 5371 2269 5415 non
2313 5350 2407 5414 ita

620 5445 836 5504 Calvino·
862 5464 1044 5518 opera.
1127 5449 1241 5505 Vol.
1274 5448 1467 5505 XXV.

1875 457 2279 528 REDI'I'US
2326 456 2452 526 A‘D
2494 457 3038 527 HISTORIAM.

4320 463 4448 530 162

2505 667 2654 714 eum
2730 649 3076 731 profecisse
3144 654 3214 713 ut
3275 648 3560 721 decebat.
3650 645 3967 713 Audierat
4046 670 4121 716 ac
4187 649 4446 718 viderat

2504 734 2695 817 sigua
2735 732 3164 799 formidabilis
3208 732 3337 800 Dei
3381 732 3705 816 potentiae
3750 754 3950 816 quum
4000 734 4110 800 lex
4152 737 4439 819 promul-

2591 828 2798 885 retur:
2856 839 2982 884 non
3043 827 3264 884 tamen
3322 820 3449 884 alio
3505 829 3890 903 argumento
3944 839 4094 886 eum
4138 821 4443 888 hortatur

2585 925 2725 970 oses
2780 903 2861 970 ad
2920 905 3322 989 pergendum
3382 925 3575 988 quam
3619 912 3696 969 ut
3730 905 3984 970 fruatur
4019 913 4234 972 terrae
4277 928 4440 992 opu·

2504 990 2735 1057 lentia:
2802 990 2928 1056 nisi
2994 990 3160 1055 forte
3224 990 3294 1055 in
3352 997 3612 1055 terrena
3670 987 4115 1057 benedictione
4169 999 4438 1076 gustum

2504 1074 2809 1142 bonitatis
2844 1083 2912 1141 et
2932 1076 3184 1158 paterni
3207 1075 3446 1142 amoris
3469 1075 3594 1140 Dei
3625 1075 3933 1156 praebere
3966 1075 4174 1142 voluit
4200 1078 4440 1154 Moses,

2508 1170 2580 1226 ut
2624 1160 2819 1226 altius
2863 1160 3187 1226 attolleret
3231 1162 3369 1227 eius
3412 1161 3723 1226 animum.
3782 1159 4182 1245 Simpliciter
4217 1170 4442 1230 tamen

2506 1253 2970 1312 commemorat
3031 1245 3158 1311 Dei
3224 1246 3749 1331 promissionem:
3822 1245 4055 1311 deinde
4120 1247 4439 1315 bonorum

2505 1332 2797 1397 omnium
2841 1340 3202 1398 consortem
3246 1333 3382 1396 fore
3439 1331 3779 1414 promittit.
3867 1330 4258 1415 Quanquam
4315 1335 4440 1403 hoc

2504 1438 2624 1502 per
2665 1439 2737 1483 se
2777 1437 3087 1500 magnum
3146 1425 3273 1494 est,
3340 1437 3468 1481 non
3528 1415 3610 1481 ad
3664 1436 3843 1499 spem
3887 1417 4118 1483 incerti
4164 1427 4437 1487 eventus

2503 1504 2716 1587 ipsum
2762 1502 2938 1567 trahi
2957 1554 2973 1582 ,
3021 1500 3137 1569 sed
3180 1501 3261 1567 ad
3305 1502 3676 1567 fruitionem
3725 1500 4037 1567 bonorum
4082 1523 4245 1587 quae
4289 1526 4438 1588 pro-

2503 1589 2769 1655 miserat
2813 1588 3013 1665 Deus,
3057 1589 3163 1670 qui
3208 1587 3430 1653 fallere
3474 1607 3606 1653 non
3652 1595 3876 1670 potest.
3964 1588 4133 1653 Nam
4179 1590 4439 1656 fallaces

2500 1673 2842 1740 illecebrae
2923 1679 2995 1738 ut
3079 1673 3435 1755 plurimum
3512 1671 3807 1738 homines
3903 1672 3984 1739 ad
4070 1674 4440 1742 subeundos

2500 1757 2753 1825 labores
2796 1766 2862 1825 et
2906 1758 3216 1823 tentanda
3257 1757 3547 1841 pericula
3589 1759 3888 1823 invitant.
3961 1759 4175 1825 Moses
4220 1770 4438 1826 autem

2502 1845 2737 1910 statuit
2815 1842 3030 1910 Deum
3106 1846 3289 1926 quasi
3355 1861 3763 1926 sponsorem:
3842 1845 3995 1926 quia
4059 1865 4126 1909 se
4193 1854 4436 1912 terram

2501 1930 2783 1996 fertilem
2843 1937 2910 1995 et
2964 1931 3142 1993 omni
3206 1927 3524 1994 bonorum
3588 1930 3771 2012 copia
3831 1930 4136 1994 refertam
4201 1930 4438 2014 populo

2504 2016 2811 2082 daturum
2869 2015 3275 2098 promiserat.
3367 2013 3696 2096 Quidquid
3765 2014 3884 2079 sit:
3950 2014 4183 2082 Hobab
4249 2016 4437 2082 nobis

2502 2101 2838 2187 speculum
2892 2113 2994 2167 est
3035 2100 3308 2166 affectus
3338 2101 3457 2164 toti
3502 2098 3726 2183 generi
3782 2099 4068 2166 humano
4123 2101 4435 2185 ingeniti:

2504 2196 2580 2252 ut
2622 2188 2894 2270 quisque
2937 2194 3199 2269 appetat
3256 2186 3424 2269 quod
3472 2206 3665 2250 sensu
3724 2186 3936 2251 carnis
3979 2186 4430 2269 apprehendit.

2502 2272 2817 2349 Patriam,
2854 2273 3148 2355 quamvis
3193 2271 3480 2337 sterilem
3523 2278 3589 2334 et
3631 2268 4012 2354 squalidam,
4056 2272 4285 2338 alienis
4331 2293 4431 2337 re·

2504 2357 2805 2443 gionibus
2861 2356 3195 2422 foecundis
3248 2368 3313 2421 et
3369 2354 3655 2422 amoenis
3722 2355 4078 2437 praeferre,
4134 2358 4433 2423 naturale

2504 2452 2637 2509 est:
2699 2443 2891 2509 sicuti
2946 2442 3176 2507 Ithaca
3229 2442 3491 2526 Ulyssis
3545 2442 3613 2506 in
3672 2441 4085 2525 proverbium
4157 2444 4433 2509 transiit.

2508 2526 2639 2595 Sed
2699 2548 2876 2594 nunc
2929 2526 3105 2592 aliud
3164 2527 3396 2592 vitium
3460 2524 3897 2609 reprehendo,
3952 2527 4119 2608 quod
4165 2550 4441 2613 genera—

2505 2615 2655 2680 liter
2697 2634 2921 2679 omnes
2956 2633 3186 2678 sensus
3221 2632 3371 2677 suos
3413 2611 3480 2675 in
3527 2621 3929 2695 praesentem
3977 2612 4177 2677 vitam
4237 2614 4440 2678 conii·

2507 2700 2720 2766 ciunt:
2766 2699 2954 2765 sicuti
2998 2696 3250 2774 Hobab,
3296 2705 3666 2779 contempta
3711 2698 3833 2762 Dei
3868 2698 4325 2779 promissione,
4370 2699 4441 2763 in

2506 2785 2703 2868 patrii
2747 2791 2815 2849 et
2849 2783 3082 2849 natalis
3124 2782 3242 2848 soli
3288 2803 3507 2847 amore
3549 2781 3861 2847 subsistit.

2679 2869 2780 2935 31.
2848 2868 2949 2934 Ne
3024 2869 3418 2951 derelinquas
3483 2887 3615 2934 nos,
3703 2867 4130 2950 Prosequitur
4202 2868 4440 2948 Moses,

2510 2966 2578 3022 et
2642 2962 2837 3040 urget
2898 2953 3068 3038 quod
3127 2974 3338 3036 nuper
3424 2952 3711 3017 dixerat:
3789 2952 4022 3018 Hobab
4091 2953 4440 3036 felicitatis,

2510 3041 2695 3108 cuius
2742 3041 2920 3106 Deus
2964 3060 3146 3123 spem
3190 3038 3427 3123 populo
3482 3037 3780 3119 dederat,
3839 3039 3978 3104 fore
4036 3040 4435 3123 participem.

2509 3127 2725 3193 Idirco
2742 3177 2757 3204 ‚
2814 3125 3060 3208 inquit,
3121 3125 3436 3191 hactenus
3478 3124 3788 3189 stationes
3832 3132 4088 3189 nostras
4132 3132 4442 3208 expertus

2510 3234 2580 3279 es
2614 3213 2683 3277 in
2723 3211 2993 3292 deserte,
3036 3230 3201 3294 quae
3246 3209 3442 3274 verba
3485 3229 3615 3273 non
3650 3208 4003 3274 observant
4034 3209 4440 3293 interpretes,

2510 3318 2633 3362 nec
2691 3296 2995 3362 videntur
3049 3295 3468 3361 intellexisse.
3558 3292 3960 3376 Simpliciter
4006 3295 4177 3359 enim
4225 3304 4440 3362 trans·

2506 3384 2759 3449 ferunt:
2820 3382 2919 3446 Tu
2963 3381 3137 3446 enim
3182 3381 3381 3445 nosti:
3438 3399 3513 3445 ac
3557 3381 3610 3445 si
3671 3380 3888 3445 Moses
3934 3379 4231 3445 utilitatis
4285 3402 4442 3447 suae

2508 3489 2703 3537 causa
2769 3465 3002 3533 Hobab
3065 3467 3346 3531 retinere
3411 3464 3627 3530 vellet.
3715 3464 3926 3548 Atqui
3989 3486 4119 3530 non
4185 3473 4442 3532 tantum

2509 3575 2644 3620 una
2696 3551 2970 3620 causalis
3026 3550 3346 3635 particula
3391 3550 3662 3635 legitur:
3711 3548 3823 3616 sed
3882 3551 3973 3614 ita
4009 3549 4088 3614 ad
4133 3551 4441 3617 verbum:

2509 3638 2833 3722 Quoniam
2875 3637 3022 3702 ideo
3065 3636 3240 3702 nosti
3289 3644 3554 3702 cunctas
3597 3636 3999 3716 mansiones,
4058 3644 4179 3703 etc.
4270 3635 4441 3703 Sen-

2508 3746 2621 3792 sus
2683 3725 2889 3809 igitur
2949 3730 3076 3789 est:
3145 3720 3380 3787 Hobab
3442 3722 3611 3786 male
3677 3721 3800 3788 sibi
3858 3721 4220 3788 consulere:
4286 3724 4442 3805 quia

2507 3810 2652 3877 ideo
2725 3808 2933 3874 multa
3001 3807 3409 3874 incommoda
3492 3807 3858 3889 pertulerit,
3938 3814 4014 3869 ut
4077 3806 4440 3874 mercedem

2508 3894 2856 3979 aliquando
2921 3894 3221 3959 referret:
3292 3914 3365 3958 ac
3429 3892 3482 3956 si
3537 3890 3784 3956 dictum
3842 3900 4041 3958 esset:
4108 3890 4441 3974 Quorsum

2506 3982 2824 4048 hactenus
2867 3987 2961 4045 tot
3003 3979 3314 4044 molestiis
3349 3976 3693 4044 defunctus
3729 3998 3798 4042 es
3834 3978 3901 4041 in
3947 3977 4179 4043 itinere
4222 3986 4446 4045 nostro

2510 4065 2827 4152 regendo,
2891 4066 3014 4130 nisi
3072 4074 3148 4129 ut
3198 4065 3530 4130 nobiscum
3601 4064 3788 4128 beata
3851 4063 4067 4144 quiete
4123 4063 4439 4146 potiaris?

2511 4153 2809 4234 Denique
2876 4150 3203 4234 significat
3281 4150 3496 4216 Moses
3572 4168 3781 4213 vanos
3868 4158 3931 4212 et
4008 4148 4441 4217 infructuosos

2508 4238 2711 4303 fuisse
2748 4235 3001 4302 labores
3030 4235 3283 4314 Hobab,
3320 4236 3446 4300 nisi
3482 4235 3809 4317 paulisper
3848 4233 4061 4299 adhuc
4102 4236 4444 4320 sustineat,

2510 4323 2715 4389 donec
2768 4341 2898 4386 una
2955 4342 3100 4387 cum
3160 4321 3312 4386 filiis
3368 4320 3570 4386 Israel
3631 4319 3918 4385 obtineat
3976 4318 4442 4386 haereditatem

2508 4409 2913 4493 promissam.
3002 4406 3148 4471 Non
3193 4426 3348 4489 ergo
3393 4405 3472 4470 ad
3517 4405 3807 4470 futurum
3870 4413 4125 4487 tempus
4159 4407 4445 4488 pertinet

2509 4492 2677 4578 quod
2731 4493 2838 4559 hic
2893 4491 3158 4557 dicitur:
3227 4493 3406 4574 quasi
3473 4490 3713 4555 diceret
3779 4491 4026 4556 Moses:
4084 4489 4193 4557 Sis
4258 4491 4443 4557 nobis

2514 4581 2656 4647 vice
2690 4577 2896 4656 oculi,
2938 4579 3107 4643 sicut
3149 4577 3330 4641 fuisti
3373 4576 3683 4642 antehac:
3727 4574 3840 4641 sed
3875 4576 4234 4642 mercedem
4270 4575 4441 4640 labo—

2508 4687 2657 4731 rum
2721 4663 3150 4748 propinquam
3220 4683 3361 4727 esse
3425 4662 3808 4739 admonens,
3876 4660 3957 4725 ad
4036 4660 4437 4746 pergendum

2505 4751 2811 4817 hortatur
2854 4758 2917 4812 et
2961 4750 3226 4814 animat.

2676 4835 2780 4902 33.
2853 4832 3128 4916 Profecti
3206 4838 3354 4909 sunt
3413 4852 3456 4896 a
3518 4836 3715 4897 monte
3779 4831 4053 4896 Iebovae.
4145 4831 4436 4896 Mentem

2507 4922 2791 4987 Iehovae
2843 4919 3137 4984 nominat
3186 4918 3400 4985 Sinai:
3460 4919 3609 5000 quia
3669 4938 3986 4999 nusquam
4039 4918 4131 4979 ita
4172 4915 4439 4980 eviden-

2507 5018 2608 5073 ter
2664 5007 2964 5089 apparuit
3011 5003 3137 5069 Dei
3182 5004 3408 5090 gloria.
3499 5002 3611 5069 Sic
3653 5001 3802 5065 κατὰ
3842 5002 4174 5085 πρόληψιν,
4210 5001 4438 5083 fateor,

2506 5103 2775 5161 vocatus
2854 5090 2973 5157 fuit
3048 5098 3200 5155 ante
3276 5089 3438 5174 legis
3507 5088 4119 5173 promulgationem:
4204 5106 4439 5153 nomen

2508 5188 2727 5242 tamen
2762 5178 2883 5243 hoc
2918 5183 3140 5260 postea
3173 5175 3548 5258 impositum
3611 5174 3734 5238 fuit
3776 5172 3855 5236 ad
3897 5179 4230 5236 aeternam
4276 5171 4440 5257 legis

2508 5263 3010 5329 venerationem.
3075 5261 3474 5328 Continuam
3518 5279 3675 5325 vero
3720 5256 3918 5322 tridui
3961 5255 4440 5339 expeditionem

2508 5347 2826 5432 intellige:
2880 5347 3030 5430 quia
3073 5368 3204 5412 non
3248 5343 3680 5424 tetenderint,
3736 5342 3859 5407 nisi
3902 5342 4176 5427 ingressi
4221 5340 4444 5410 deser·
