5017 6142
539 471 580 537 9
1495 467 2080 538 SANCTIONES
2127 471 2187 535 A
2231 465 3036 536 PROMISSIONIBUS
3080 469 3200 534 ΕΤ
3245 467 3533 536 MINIS.
4483 471 4568 537 10

536 660 864 727 latuerint
904 660 1094 744 impii
1151 669 1446 726 terrenos
1502 659 1748 726 iudices
1770 708 1791 740 ,
1848 681 1924 724 ac
1978 658 2224 725 centies
2272 677 2499 722 eorum

546 767 783 812 manus
817 746 1190 831 effugerint,
1236 746 1455 811 Deum
1501 755 1718 811 tamen
1764 744 2090 829 profanati
2135 743 2237 808 sui
2285 742 2501 807 cultus

438 870 445 876 ·
546 835 685 899 fore
736 831 1081 899 vindicem.
1173 830 1248 899 Si
1295 832 1444 916 quis
1490 831 1735 896 idolum
1783 831 2072 914 posuerit
2116 830 2184 894 in
2231 827 2502 894 abscon-

548 919 713 998 dito,
778 920 834 984 si
894 919 1040 1001 quis
1096 918 1349 985 occulte
1406 918 1785 1001 proximum
1845 937 2038 982 suum
2093 915 2505 998 percusserit,

548 1026 683 1069 non
720 1006 1024 1070 trahetur
1058 1004 1142 1071 ad
1175 1024 1451 1087 poenam
1489 1023 1654 1087 quae
1688 1001 1902 1087 infligi
1939 1022 2070 1066 non
2117 1010 2330 1084 potest
2375 999 2503 1063 nisi

549 1111 747 1158 causa
801 1092 1098 1174 cognita,
1165 1098 1233 1155 et
1289 1090 1587 1155 convicto
1632 1090 1895 1155 scelere.
1981 1087 2187 1171 Atqui
2244 1108 2330 1151 66
2379 1085 2500 1149 im-

551 1178 814 1261 punitas
880 1177 1251 1260 quempiam
1318 1176 1547 1241 incitet
1613 1174 1693 1239 ad
1759 1173 2070 1258 peccandi
2144 1171 2501 1250 audaciam,

550 1272 901 1327 revocatur
945 1263 1218 1346 populus
1265 1262 1347 1326 ad
1394 1261 1669 1327 coeleste
1691 1260 1816 1325 Dei
1865 1257 2170 1337 tribunal,
2216 1269 2291 1322 ut
2326 1279 2397 1323 66
2431 1258 2499 1321 16

550 1348 764 1414 officio
822 1350 1185 1423 contineat,
1244 1367 1376 1412 non
1423 1356 1680 1412 tantum
1724 1343 2054 1412 vindictae
2115 1351 2326 1421 metu,
2385 1342 2499 1407 sed

550 1444 822 1518 propter
855 1435 1340 1500 conscientiam.
1386 1431 1579 1500 Unde
1612 1453 1843 1498 rursus
1880 1438 2077 1515 patet,
2115 1430 2331 1495 Deum
2369 1450 2499 1494 non

551 1519 742 1585 modo
808 1520 1136 1605 politicam
1206 1519 1435 1585 tulisse
1500 1520 1711 1602 legem
1770 1538 1935 1600 quae
1989 1525 2295 1581 externos
2354 1524 2501 1579 tan-

551 1612 692 1670 tum
739 1626 953 1672 mores
997 1607 1325 1685 formaret,
1370 1604 1482 1671 sed
1526 1625 1689 1687 quae
1734 1603 2063 1687 flagitaret
2107 1622 2333 1669 veram
2366 1602 2500 1666 sin-

553 1692 888 1758 ceritatem
934 1691 1166 1757 cordis.

725 1778 826 1844 16.
876 1776 1249 1843 Maledictus
1290 1776 1403 1859 qui
1443 1775 1867 1857 vilipenderit.
1904 1772 2090 1853 Quae
2136 1780 2503 1856 sequuntur

552 1864 634 1929 ad
683 1862 1033 1930 secundam
1080 1863 1246 1948 legis
1279 1860 1570 1928 tabulam
1617 1868 1930 1944 spectant.
1980 1860 2078 1926 Ac
2120 1859 2333 1942 primo
2362 1859 2504 1941 qui-

554 1947 701 2014 dem
762 1948 1139 2015 maledictos
1196 1949 1585 2033 pronunciat
1643 1947 1752 2031 qui
1811 1947 1900 2009 im
1950 1946 1998 2009 ii
2047 1943 2303 2010 fuerint
2345 1964 2503 2027 erga

551 2044 878 2118 parentes.
969 2034 1138 2100 Nam
1208 2035 1479 2101 verbnm
1547 2016 1683 2112 5512,
1742 2030 1894 2118 (quo
1999 2040 2132 2095 tam
2191 2051 2503 2113 spernere

552 2141 750 2204 quam
818 2120 1206 2187 maledicere
1271 2118 1623 2205 significat)
1689 2118 1923 2183 honori
1977 2118 2328 2200 opponitur
2389 2118 2501 2200 qui

553 2227 636 2270 ex
680 2207 907 2290 quinto
952 2218 1293 2290 praecepto
1337 2207 1505 2290 patri
1543 2214 1608 2270 et
1644 2204 1841 2268 matri
1877 2201 2167 2268 debetur.
2242 2201 2503 2268 Deinde

552 2291 732 2357 furta
777 2301 1241 2358 commemorat
1285 2313 1452 2376 quae
1493 2302 1567 2356 ut
1611 2290 1963 2374 plurimum
2011 2289 2337 2372 effugiunt
2393 2288 2503 2353 ho-

552 2379 810 2443 minum
867 2378 1186 2455 notitiam,
1255 2378 1446 2445 sicuti
1490 2378 1686 2442 etiam
1732 2376 2156 2442 scortationes
2200 2396 2310 2440 eas
2356 2381 2501 2440 tan-

553 2470 695 2529 tum
742 2466 1012 2548 attingit
1054 2484 1223 2548 quae
1266 2463 1348 2529 ob
1402 2462 1774 2529 foeditatem
1830 2461 2105 2526 sollicite
2165 2469 2499 2545 teguntur.

553 2548 747 2616 Ooire
811 2569 961 2616 oum
1027 2550 1219 2617 bruto
1283 2548 1582 2625 animali,
1650 2569 1799 2614 cum
1866 2568 2147 2613 noverca
2190 2566 2340 2625 sua,
2395 2548 2500 2613 vel

554 2657 764 2714 socru,
812 2636 915 2701 vel
952 2657 1192 2716 sorore,
1234 2634 1603 2720 prodigium
1642 2634 2024 2699 detestabile
2063 2642 2180 2711 est,
2226 2633 2500 2716 ideoque

554 2721 939 2806 diligentius
1004 2722 1313 2787 occultari
1379 2722 1563 2786 solet.
1674 2720 1881 2802 Atqui
1945 2718 2249 2785 admonet
2316 2720 2500 2784 Deus

552 2808 722 2872 nihil
782 2809 1162 2891 profuturas
1220 2828 1363 2873 esse
1422 2826 1580 2891 quas
1636 2805 1824 2890 impii
1882 2804 2166 2870 latebras
2209 2813 2496 2888 captant,

553 2894 711 2978 quin
756 2891 1045 2971 tandem,
1090 2893 1202 2959 ubi
1247 2893 1534 2958 tribunal
1580 2912 1775 2957 suum
1826 2889 2289 2965 conscenderit,
2351 2911 2499 2974 pro-

552 2977 672 3045 bra
729 3001 953 3045 eorum
1011 2988 1371 3064 emergant.
1461 2978 1712 3043 Eadem
1768 2978 2023 3042 ratione
2077 2997 2209 3040 non
2275 2998 2501 3042 omncs

554 3066 914 3133 homicidas
1002 3065 1364 3143 maledicit,
1453 3064 1564 3131 sed
1653 3071 1915 3129 tantum
2004 3064 2113 3146 qui
2200 3064 2502 3129 mercede

552 3152 886 3231 conducti,
954 3151 1342 3236 sanguinem
1400 3149 1750 3216 innoxium
1796 3147 2117 3215 fuderint:
2176 3170 2342 3233 quae
2384 3170 2500 3216 ne-

551 3238 720 3389 {aria
764 3238 977 3320 pactio
1026 3238 1138 3303 vix
1185 3236 1590 3323 deprehendi
1632 3244 1875 3320 potest,
1936 3244 2008 3301 ut
2050 3235 2311 3320 legibus
2354 3236 2500 3303 vin-

595 3325 822 3392 icetur.

724 3410 827 3475 26.
868 3408 1245 3475 Maledictus
1276 3410 1390 3492 qui
1423 3429 1545 3474 non
1563 3407 1908 3474 stabilierit.
1956 3406 2350 3489 Quanquam
2372 3405 2503 3472 Dei

552 3496 895 3562 consilium
964 3496 1091 3561 fuit
1155 3516 1303 3562 reas
1367 3494 1540 3579 apud
1610 3514 1681 3558 66
1746 3494 1950 3559 citare
2006 3495 2303 3557 omnium
2347 3514 2500 3559 con-

555 3582 880 3662 scientiae,
921 3598 1004 3662 et,
1049 3603 1129 3647 66
1174 3581 1255 3646 ab
1300 3581 1610 3646 humanis
1655 3590 1908 3645 tant-um
1955 3578 2211 3644 iudiciis
2251 3588 2501 3644 metue-

552 3676 721 3747 rent,
767 3668 1067 3735 consulto
1113 3669 1368 3734 arcanis
1422 3666 1775 3733 sceleribus
1833 3665 2190 3732 vindictam
2255 3665 2502 3731 instare

551 3755 845 3820 minatus
890 3766 1023 3819 est:
1092 3774 1259 3836 quae
1318 3763 1537 3819 tamen
1600 3773 1780 3819 nunc
1826 3752 2142 3817 attexitur
2185 3751 2498 3830 clausula,

552 3840 726 3906 idem
792 3840 1104 3906 iudicium
1174 3839 1470 3906 extendit
1533 3839 1614 3904 ad
1682 3840 1812 3904 alia
1872 3837 2147 3922 quaevis
2214 3848 2498 3922 peccata.

551 3925 697 3991 Imo
742 3927 1031 3992 breviter
1087 3927 1514 4009 pronunciat,
1582 3925 1959 4009 quicunque
2027 3946 2155 3988 non
2225 3924 2499 4007 praesti·

552 4013 757 4078 terint
811 4033 1008 4097 quam
1068 4012 1176 4077 lex
1220 4012 1533 4078 iustitiam
1580 4012 1869 4096 flagitat,
1915 4031 2057 4076 6666
2100 4008 2498 4076 maledictos.

552 4099 748 4166 Unde
793 4107 967 4164 recte
1012 4097 1262 4181 colligit
1303 4099 1551 4164 Paulus
1597 4096 1775 4185 (Gal.
1820 4096 1879 4178 3,
1925 4095 2054 4182 10),
2114 4115 2342 4161 omnes
2387 4098 2500 4178 qui

553 4195 712 4252 sunt
754 4206 838 4250 ex
880 4183 1186 4267 operibus
1230 4184 1427 4269 legis,
1488 4183 1927 4249 maledictioni
1980 4203 2122 4248 6666
2164 4182 2496 4247 obnoxios.

552 4270 841 4338 Prodeat
883 4271 1056 4337 enim
1104 4270 1210 4337 vel
1255 4271 1764 4354 perfectissimus
1806 4271 1873 4334 in
1918 4268 2229 4346 medium,
2274 4290 2500 4352 quam·

554 4357 715 4422 libet
756 4356 985 4423 sedulo
1021 4357 1255 4422 enixus
1289 4357 1487 4422 fuerit
1531 4354 1614 4422 ad
1648 4356 1860 4441 legem
1899 4354 2312 4434 servandam,
2350 4376 2500 4420 reus

555 4458 777 4509 tamen
823 4444 951 4509 erit
995 4442 1225 4509 saltem
1270 4443 1338 4507 in
1386 4443 1602 4527 aliquo
1647 4443 1877 4527 capite.
1968 4440 2170 4524 Atqui
2215 4439 2501 4506 tenenda

556 4538 655 4595 est
676 4531 895 4597 Iacobi
918 4529 1276 4595 sententia:
1324 4527 1456 4610 Qui
1503 4529 1851 4593 offenderit
1892 4527 1962 4592 in
2007 4547 2156 4607 uno,
2198 4528 2501 4610 quamvis

557 4622 758 4681 totam
806 4617 1043 4699 alioqui
1090 4616 1301 4700 legem
1338 4617 1723 4690 servaverit,
1773 4616 1909 4680 fieri
1947 4613 2238 4678 omnium
2278 4630 2499 4678 reum:

557 4703 708 4786 quia
764 4701 940 4767 idem
1006 4702 1117 4784 qui
1182 4700 1482 4768 occidere
1537 4703 1753 4766 vetuit
1810 4711 1875 4766 et
1933 4698 2241 4776 scortari,
2303 4699 2500 4765 simul

557 4789 771 4853 vetuit
827 4789 1033 4853 furari
1089 4786 1336 4875 (Iacobi
1403 4788 1463 4866 2,
1512 4785 1639 4873 10).
1743 4785 1990 4851 Ρ6111116
2047 4784 2304 4868 quidem
2365 4805 2501 4849 non

555 4873 760 4939 refert
801 4873 884 4938 ad
929 4874 1199 4940 verbum
1246 4873 1414 4957 quod
1461 4872 1569 4940 hic
1614 4873 1884 4956 legitur:
1946 4870 2067 4957 (sic
2121 4871 2297 4935 enim
2342 4871 2504 4935 citat

557 4960 764 5025 Mosis
799 4962 1278 5026 testimonium:
1326 4958 1717 5025 Maledictus
1752 4960 1863 5042 qui
1900 4979 2029 5023 666
2069 4957 2504 5039 permanserit

556 5046 624 5110 in
668 5046 968 5111 omnibus
1011 5067 1177 5128 quae
1222 5047 1465 5129 scripta
1499 5043 1681 5131 sunt)
1716 5065 1944 5110 verum
1981 5044 2051 5108 in
2087 5064 2283 5109 66666
2319 5042 2502 5107 nulla

560 5133 876 5197 varietas:
936 5133 1090 5216 quia
1132 5131 1240 5198 hic
1282 5137 1349 5196 in
1395 5133 1780 5197 universum
1827 5130 2228 5195 damnantur
2276 5150 2501 5195 omnes

556 5219 669 5302 qui
727 5218 937 5302 legem
997 5217 1127 5283 Dei
1186 5239 1314 5282 non
1371 5216 1798 5293 stabilierint,
1866 5224 1942 5281 nt
1994 5215 2077 5280 ad
2133 5226 2499 5281 extremum

555 5326 760 5388 usque
821 5302 1174 5387 implerent
1239 5303 1547 5388 quidquid
1614 5305 1926 5369 continet.
2014 5302 2210 5369 Unde
2276 5301 2500 5386 liquet,

554 5411 940 5474 quacunque
983 5390 1053 5455 in
1098 5407 1283 5474 parte
1326 5412 1396 5456 se
1453 5388 1689 5476 prodat
1733 5390 2049 5468 defectus,
2111 5387 2308 5453 simul
2364 5394 2499 5453 tra·

2607 657 2765 723 here
2822 655 3382 724 maledictionem:
3451 659 3556 725 cui
3602 657 4007 727 subscribere
4050 661 4212 727 iussi
4259 670 4415 727 sunt
4458 661 4560 727 Is-

2607 743 2896 822 raelitae,
2953 750 3028 808 ut
3080 764 3307 808 omnes
3366 745 3508 809 sine
3568 748 3951 829 exceptione
3996 747 4286 830 perditos
4331 768 4400 814 se
4445 767 4560 830 ag-

2607 837 2983 908 noscerent,
3038 850 3240 911 quum
3285 839 3504 895 essent
3545 832 4006 899 maledictione
4056 833 4373 918 impliciti.
4463 834 4555 900 Et

2607 914 2803 981 hodie
2847 914 3045 981 simili
3100 914 3552 998 desperatione
3600 939 3715 983 nos
3758 938 3986 985 omnes
4031 919 4112 984 ad
4159 940 4365 984 unum
4411 940 4560 1003 per-

2605 1000 2754 1068 celli
2799 1022 3065 1066 necesse
3111 1010 3242 1079 est,
3289 1009 3366 1066 ut
3399 1001 3650 1067 Christi
3686 1005 3966 1088 gratiam
4012 1005 4294 1089 amplexi
4341 1006 4558 1072 solva-

2606 1109 2756 1151 mur
2799 1086 2881 1152 ab
2925 1086 3050 1153 hoc
3095 1089 3270 1152 tristi
3327 1099 3549 1153 reatu:
3611 1089 4134 1174 quandoquidem
4199 1090 4416 1157 factus
4458 1101 4561 1158 est

2606 1193 2743 1324 pra>-
2769 1173 2957 1238 nobis
3001 1173 3424 1253 maledictus,
3493 1183 3566 1239 ut
3623 1197 3662 1240 a
3727 1176 4187 1243 maledictione
4230 1177 4396 1261 legis
4442 1200 4558 1245 nos

2606 1280 2677 1325 re
2725 1269 2975 1326 imeret.

3273 1550 3406 1616 EX
3444 1551 3715 1619 DEU'P.
3761 1551 3888 1620 XI.

2779 1687 2881 1753 26.
2945 1686 3117 1766 Vide,
3163 1707 3271 1771 696
3303 1707 3476 1769 pono
3520 1708 3729 1755 coram
3772 1689 3944 1756 vobis
3984 1690 4163 1756 hodie
4197 1691 4557 1758 benedictio·

2605 1792 2746 1839 nem
2789 1779 2844 1839 et
2884 1773 3391 1840 maledictionem.
3481 1775 3586 1841 27.
3632 1775 4166 1857 Benedictionem,
4225 1779 4287 1844 si
4328 1778 4557 1844 obedie-

2605 1860 2755 1925 ritis
2787 1860 3141 1945 praeceptis
3175 1859 3443 1933 Iehovae
3463 1859 3593 1927 Dei
3633 1863 3838 1939 vestri,
3886 1882 4045 1944 9666
4088 1884 4195 1948 696
4225 1866 4557 1946 praecipio

2605 1945 2780 2012 vobis
2819 1945 3029 2011 hodie.-
3114 1944 3218 2010 28.
3267 1945 3772 2013 Maledictionem
3827 1968 3996 2029 vero,
4051 1951 4114 2014 si
4155 1969 4278 2015 non
4319 1950 4556 2016 obedie-

2605 2031 2756 2098 ritis
2787 2033 3145 2113 praeceptis
3180 2031 3449 2131 16116666
3491 2032 3620 2133 Dei
3660 2036 3850 2135 vestri
3865 2086 3880 2112 ,
3946 2036 4059 2100 sed
4097 2038 4472 2102 recesseritis
4524 2057 4557 2102 e

2604 2137 3445 2302 Z‘Zaosqffiffffisseffiopff
3477 2120 4558 2290 ztztffflwffqzmwffi

2606 2291 2864 2355 duxerat
2918 2294 2976 2355 te
3021 2288 3252 2356 Iehova
3296 2288 3477 2355 Deus
3526 2295 3673 2356 tuus
3717 2293 3785 2356 in
3827 2297 4061 2357 terram
4103 2313 4292 2375 quam
4333 2298 4403 2358 tu
4457 2295 4554 2359 in-

2600 2376 2886 2459 9rederis
2940 2380 3010 2440 ut
3052 2376 3390 2476 possideas
3441 2395 3578 2442 eam
3594 2430 3608 2455 ‚
3666 2381 3808 2442 tunc
3862 2378 4043 2444 dabis
4085 2378 4555 2447 benedictionem

2603 2480 2972 2647 ῗῖῃιΡΘΥΕθῖαῑ.
3092 2460 3498 2613 &affixa
3519 2463 3950 2613 ειεαῖίαῖθέέἒιαηε
4012 2485 4354 2616 Ιονᾶῗιέἴῇ
4387 2486 4558 2633 ”pm-t-

2604 2652 2772 2699 viam
2817 2634 2904 2700 ad
2945 2653 3226 2700 occasum
3267 2633 3421 2699 solis
3461 2639 3799 2718 veryentem
3842 2635 3913 2699 in
3952 2639 4124 2699 terra
4170 2635 4555 2715 chananaei,

2606 2721 2718 2802 qui
2756 2718 2997 2785 habitat
3053 2721 3123 2784 in
3161 2720 3438 2802 planitie
3479 2741 3512 2785 6
3552 2721 3804 2805 16916116
3847 2719 4094 2804 Gilyal,
4155 2722 4339 2787 inccta
4388 2742 4553 2787 cam-

2597 2806 2846 2887 pestria
2891 2804 3112 2871 March
3128 2804 3163 2870 ἓ
3248 2805 3352 2872 31.
3435 2805 3559 2872 Vos
3615 2808 3782 2871 enim
3820 2808 4159 2872 transituri
4216 2809 4366 2873 estis
4417 2808 4556 2873 Ior-

2605 2892 2833 2957 danem
2856 2940 2873 2972 ‚
2943 2896 3012 2956 ut
3061 2892 3352 2975 peryatis
3415 2892 3503 2957 ad
3552 2892 4004 2974 possidendam
4066 2898 4300 2958 terram
4362 2914 4553 2976 quam

2610 2976 2842 3043 1611666
2900 2976 3080 3043 Deus
3135 2982 3332 3043 vester
3384 2978 3498 3044 dat
3535 2978 3735 3057 vobis,
3795 2984 3850 3043 et
3891 2977 4355 3045 haereditabitis
4394 3000 4551 3060 eam,

2604 3069 2661 3129 et
2701 3062 3062 3130 habitabitis
3106 3064 3171 3128 in
3213 3084 3305 3129 ea.
3380 3063 3482 3129 32.
3534 3064 3845 3131 Gustadite
3885 3086 4027 3150 erqo
4069 3066 4156 3130 ad
4192 3065 4553 3147 faciendum

2604 3151 2814 3302 mia
2855 3155 3110 3303 stathoadta,
3152 3154 3209 3215 et
3248 3149 3525 3229 iudicia,
3576 3171 3735 3234 quae
3780 3172 3884 3235 696
3929 3172 4095 3236 pono
4139 3156 4281 3216 ante
4320 3151 4553 3233 faciem

2603 3258 2643 3301 v
2769 3256 2875 3303 am
3044 3257 3120 3303 16.

2774 3409 2878 3473 26.
2944 3408 3115 3486 Vide,
3161 3430 3283 3492 696.
3357 3409 3549 3473 Nunc
3596 3417 3946 3492 utrumque
3994 3410 4188 3474 simul
4234 3410 4551 3492 complec-

2605 3494 2786 3570 titur,
2859 3498 3078 3559 beatos
3138 3495 3274 3559 fore
3341 3497 3395 3560 si
3463 3494 3756 3559 studium
3820 3516 4017 3561 sunm
4083 3497 4413 3579 applicent
4468 3495 4549 3560 ad

2602 3580 2815 3665 legem
2861 3576 3308 3645 servandam?
3331 3579 3712 3645 maledictos
3758 3601 3935 3659 vero,
3981 3582 4035 3647 si
4093 3601 4366 3647 excusso
4410 3582 4550 3646 eius

2604 3667 2760 3751 ingo
2810 3666 2882 3731 in
2929 3669 3063 3732 suis
3107 3665 3571 3749 cupiditatibus
3636 3666 4002 3733 lasciviant.
4093 3666 4292 3747 Quod
4333 3677 4549 3732 autem

2605 3753 2762 3819 dicit
2841 3774 2909 3817 66
2991 3773 3351 3836 proponere
3430 3753 3560 3818 illis
3629 3752 4149 3819 benedictionem
4216 3766 4280 3818 et
4348 3752 4549 3817 male—

2605 3838 2988 3917 dictionem,
3057 3838 3442 3903 tantundem
3501 3840 3707 3916 valet,
3776 3860 3851 3904 ac
3918 3840 3971 3902 si
4033 3846 4313 3903 testatus
4358 3848 4548 3918 esset,

2602 3947 2731 3990 non
2777 3924 3160 4008 simpliciter
3203 3945 3273 3989 66
3319 3924 3547 3989 docere
3591 3922 3746 4007 quid
3792 3932 4047 3989 rectum
4092 3924 4213 4001 sit,
4274 3922 4384 3989 sed
4434 3944 4546 4006 pa·

2603 4021 2812 4076 ratam
2859 4031 3001 4076 6666
3046 4009 3411 4076 mercedem
3458 4011 3514 4075 si
3559 4009 3898 4075 obediant:
3960 4010 4059 4075 sin
4108 4010 4348 4087 minus,
4393 4031 4547 4093 poe-

2603 4118 2756 4163 nam
2802 4093 3054 4179 quo'q'ue
3098 4099 3361 4161 instare.
3450 4096 3558 4161 Ita
3601 4095 3919 4168 videmus,
3988 4117 4184 4179 quam
4229 4094 4548 4161 hactenus

2603 4182 2875 4248 tradidit
2919 4182 3301 4257 doctrinam,
3348 4203 3462 4266 spe
3506 4188 3573 4247 et
3616 4188 3796 4246 metu
3841 4180 4207 4265 obsignari:
4253 4181 4408 4263 quia
4441 4202 4549 4247 ne·

2604 4290 2731 4354 que
2785 4289 3052 4352 operam
3106 4268 3335 4334 ludent
3378 4267 3703 4350 parend0,
3762 4288 3885 4334 nec
3943 4267 4211 4350 impune
4256 4288 4399 4332 eam
4447 4289 4547 4333 re-

2603 4354 2989 4439 pudiabunt.
3090 4353 3442 4420 Caeterum
3510 4365 3583 4420 ut
3647 4353 4108 4438 promissiones
4174 4362 4352 4420 certo
4410 4373 4549 4417 am—

2603 4441 2799 4525 plecti
2854 4450 2920 4505 et
2976 4440 3187 4506 minas
3249 4443 3478 4506 timere
3519 4440 3790 4519 discant,
3856 4439 4094 4522 repetit
4137 4438 4309 4522 quod
4355 4446 4550 4504 antea

2603 4528 2925 4604 vidimus,
2987 4525 3204 4591 Deum
3266 4547 3409 4592 6666
3453 4526 3617 4611 legis
3677 4537 4006 4602 autorem,
4073 4525 4184 4606 qui
4231 4534 4296 4590 et
4340 4525 4550 4589 fidelis

2602 4620 3052 4679 remunerator
3108 4622 3235 4689 est,
3316 4620 3383 4678 et
3440 4633 3709 4680 severus
3777 4612 4007 4675 iudex:
4076 4611 4270 4677 simul
4329 4618 4546 4676 tamen

2602 4698 3043 4764 ministerium
3110 4718 3301 4763 suum
3369 4697 3820 4777 commendat,
3889 4699 4040 4781 quia
4107 4698 4199 4762 sic
4264 4696 4551 4777 oportuit

2601 4786 2624 4849 i
2673 4806 2778 4850 sos
2822 4785 2902 4850 ab
2948 4805 3080 4849 uno
3106 4784 3248 4850 Deo
3291 4786 3594 4868 pendere,
3639 4792 3705 4849 et
3741 4783 4148 4866 acquiescere
4183 4783 4323 4846 eius
4360 4802 4546 4845 man·

2649 4872 2793 4950 atis,
2857 4879 2932 4936 ut
2974 4890 3044 4935 se
3090 4885 3312 4935 tamen
3358 4872 3498 4937 eius
3538 4869 3893 4954 prophetae
3939 4868 4357 4933 subiicerent.
4449 4868 4550 4933 Ea

2604 4968 2703 5022 est
2738 4956 2913 5022 enim
2951 4955 3295 5022 hominum
3335 4956 3661 5040 superbia,
3708 4970 3777 5021 ut
3816 4954 3940 5019 Dei
3979 4951 4287 5019 audiendi
4330 4975 4548 5037 causa,

2604 5063 2802 5126 supra
2849 5043 3051 5108 nubes
3096 5043 3374 5108 volitare
3418 5050 3747 5126 appetant,
3794 5042 3931 5123 ipse
3975 5048 4194 5104 autem
4232 5038 4303 5103 in
4339 5041 4548 5105 servis

2604 5129 2771 5206 suis,
2830 5150 3102 5212 quorum
3161 5150 3273 5195 ore
3316 5128 3635 5212 loquitur,
3704 5127 3850 5193 vult
3893 5126 4124 5190 audiri.
4217 5125 4322 5190 Ad
4380 5127 4548 5192 hanc

2603 5236 2760 5299 ergo
2807 5214 3188 5280 modestiam
3235 5236 3465 5281 rursus
3509 5236 3617 5281 666
3661 5211 4006 5279 assuefacit
4046 5212 4285 5292 Moses,
4331 5214 4442 5278 ubi
4478 5232 4548 5276 se

2603 5302 2980 5385 praecipere
3025 5302 3223 5366 refert
3267 5322 3435 5384 quae
3469 5300 3654 5366 Deus
3700 5296 4062 5377 mandavit,
4109 5319 4184 5364 ac
4227 5299 4283 5363 si
4329 5320 4398 5365 se
4433 5319 4546 5363 vo·

2605 5396 2785 5453 earet
2828 5388 3098 5472 spiritus
3143 5388 3351 5453 sancti
3409 5406 3750 5471 organum.
