5017 6142
428 489 549 557 181

420 688 560 747 tem
604 678 824 745 Moses
875 676 1000 743 sibi
1044 698 1172 744 non
1217 676 1416 744 fuisse
1461 678 1688 744 datum
1730 683 1808 742 ιιι
1850 696 2125 744 uxorem
2169 673 2367 743 habe·

421 773 526 832 ret
568 785 655 830 ex
696 768 926 830 sancto
972 782 1214 863 genere
1257 762 1583 830 Abrabae.

596 850 660 917 2.
707 850 1040 932 Numqud
1080 849 1460 916 solumnodo
1488 869 1614 931 per
1656 846 1895 915 Mosen.
1985 845 2178 912 Dono
2214 866 2366 930 pro-

424 937 685 1021 phetico
721 935 1128 1020 superbiunt,
1164 935 1336 1019 quod
1372 935 1454 1002 ad
1491 934 1876 1001 modestiam
1914 932 2129 1016 potius
2165 930 2365 998 debu·

423 1031 571 1089 erat
612 1021 791 1105 ipsos
835 1020 1198 1087 instituere.
1265 1019 1402 1120 Sed
1449 1021 1609 1121 haec
1651 1030 1751 1086 est
1793 1018 2047 1104 ingenii
2089 1017 2365 1084 humani

422 1108 1135 1276 :sarsum
1148 1106 1894 1278 :¹:0⁰3.¹}:¹;1·.{::t‘:.:
1919 1112 2366 1291 :aarum

423 1280 562 1346 lere
629 1287 704 1345 ut
772 1277 1022 1345 autoris
1076 1277 1353 1362 gloriam
1425 1278 1796 1345 obscurent.
1894 1275 2366 1360 Propheticum

424 1366 731 1450 spiritum
775 1373 1163 1447 acceperant
1205 1366 1474 1431 Abaton
1531 1375 1597 1430 st
1654 1363 1903 1442 Maria,
1961 1371 2033 1427 ut
2091 1362 2162 1426 in
2204 1362 2366 1445 ipsis

548 1451 643 1518 tia
687 1450 815 1517 Dei
857 1450 1137 1517 luceret:
1182 1450 1361 1534 atqui
1403 1449 1560 1516 inde
1602 1448 1877 1516 nebulas
1919 1459 2239 1533 spargunt
2281 1447 2367 1513 ad

424 1473 639 1603 ffim
694 1535 1250 1604 obtenebrandum
1316 1557 1483 1620 quae
1534 1536 1731 1620 longe
1786 1533 2025 1600 clarior
2089 1548 2232 1600 erat
2294 1534 2362 1599 in

425 1624 632 1690 Mose.
716 1622 979 1688 lactant
1026 1643 1097 1688 se
1154 1621 1540 1709 prophetas:
1586 1643 1704 1689 cur
1747 1640 1904 1704 ergo
1946 1641 2080 1685 non
2125 1639 2364 1702 expen-

429 1709 599 1775 dunt
654 1730 783 1774 non
829 1728 971 1774 esse
1014 1708 1083 1773 in
1127 1728 1204 1774 eo
1246 1707 1570 1792 gloriandi
1616 1707 1979 1785 materiam,
2022 1706 2173 1789 quia
2214 1726 2361 1789 pro-

426 1795 649 1878 prium
676 1793 808 1860 illis
827 1814 964 1860 non
986 1801 1131 1860 erat
1156 1793 1325 1877 qnod
1353 1795 1557 1878 gratis
1582 1792 1862 1876 largitus
1888 1793 2107 1858 fuerat
2128 1789 2358 1858 Deus?

428 1880 683 1961 deinde,
717 1899 836 1945 cur
858 1900 990 1946 non
1018 1887 1197 1946 recto
1232 1879 1533 1945 examine
1565 1879 1954 1944 tenuitatem
1990 1897 2174 1944 suam
2209 1895 2358 1942 cum

427 1966 637 2032 Mosis
693 1965 1096 2049 praestantia
1149 1974 1565 2048 comparant:
1625 1972 1703 2029 ut
1749 1962 2029 2030 libenter
2072 1962 2359 2029 cedendo

426 2051 779 2119 ostendant
811 2073 883 2118 se
918 2051 1094 2117 iusto
1128 2052 1334 2134 pretio
1368 2052 1714 2118 aestimare
1747 2048 2063 2134 quidquid
2112 2050 2177 2114 in
2222 2049 2357 2114 sin-

317 2154 332 2168 ·
418 2137 611 2224 gulos
648 2138 834 2203 Deus
866 2135 1190 2204 contulit?
1236 2136 1417 2221 Ergo
1452 2158 1539 2202 ns
1572 2136 1929 2221 gratiarum
1966 2155 2129 2219 quas
2175 2134 2358 2199 Deus

418 2225 595 2307 apud
639 2244 760 2289 nos
805 2223 1107 2307 deposuit
1148 2222 1433 2308 cognitio
1477 2223 1650 2289 fastu
1694 2228 1761 2286 et
1804 2219 2202 2286 confidentia
2241 2239 2358 2285 nos

416 2308 639 2390 inflet,
700 2309 1230 2389 meminerimus,
1287 2329 1415 2392 quo
1458 2308 1607 2392 plus
1641 2307 1913 2391 quisque
1959 2305 2237 2389 accepit,
2280 2325 2358 2371 eo

417 2395 631 2480 magis
680 2414 824 2461 esse
882 2401 949 2460 et
990 2392 1135 2460 Deo
1186 2403 1254 2460 et
1296 2394 1608 2460 fratribus
1651 2392 2075 2461 obstrictum:
2120 2391 2356 2457 deinde

416 2488 799 2565 reputemus
840 2494 1159 2562 quantum
1202 2479 1390 2546 nobis
1434 2480 1619 2557 desit,
1665 2489 1735 2545 et
1766 2477 1920 2562 quid
1964 2478 2165 2544 etiam
2210 2476 2358 2544 aliis

416 2566 771 2635 contulerit
825 2564 1045 2632 Deus:
1097 2571 1173 2631 ut
1237 2564 1423 2632 nobis
1480 2565 1923 2649 praeferamus
1969 2584 2129 2648 quos
2172 2563 2357 2629 Deus

414 2652 670 2721 honore
712 2649 1019 2734 dignatus
1062 2658 1182 2717 est.

590 2739 652 2804 3.
711 2737 832 2805 Vir
873 2741 1078 2803 autem
1120 2737 1227 2804 ille
1270 2735 1496 2802 Mosae.
1583 2735 1769 2802 Haec
1811 2734 2223 2819 parenthesis
2257 2734 2357 2799 in-

417 2833 596 2891 serta
639 2831 743 2891 est
784 2831 863 2889 ut
905 2824 1219 2890 sciremus
1274 2821 1495 2888 Deum
1536 2844 1670 2888 non
1715 2822 1915 2888 fuisse
1957 2826 2355 2886 commotum

278 2913 287 2922 '
416 2910 626 2977 Mosis
668 2908 1093 2993 querimonia,
1140 2918 1217 2973 ut
1273 2917 1613 2992 tantopere
1657 2907 2162 2975 excandesceret
2202 2925 2356 2973 con-

416 3003 521 3061 tra
578 2994 955 3062 Aharonem
1014 3000 1083 3059 et
1137 2993 1440 3060 Mariam.
1530 2994 1800 3061 Dictum
1856 2993 2071 3059 fuerat
2134 2991 2355 3057 Deum

417 3080 713 3148 audisse:
761 3101 996 3163 nempe
1038 3087 1114 3145 ut
1154 3100 1273 3162 pro
1312 3078 1544 3146 iudicis
1586 3079 1801 3146 officio
1843 3098 2109 3146 causam
2152 3079 2355 3145 susci·

413 3179 620 3252 peret.
687 3166 882 3233 Nunc
929 3163 1299 3241 subiicitur,
1349 3166 1520 3232 ultro
1566 3187 1713 3233 reos
1755 3165 1988 3231 citasse
2033 3163 2115 3231 ad
2159 3184 2354 3230 suum

413 3252 727 3331 tribunal,
763 3274 963 3336 quum
986 3251 1214 3318 nullus
1236 3250 1484 3318 delator
1516 3253 1621 3318 ius
1654 3251 1777 3319 sibi
1815 3251 1941 3317 dici
1977 3248 2350 3334 postularet.

411 3338 571 3407 Huc
605 3338 783 3404 enim
817 3347 1068 3422 spectat
1108 3338 1393 3422 elogium
1436 3335 1989 3404 mansuetudinis:
2034 3337 2220 3420 quasi
2257 3335 2355 3402 di-

415 3434 599 3492 ceret
620 3426 861 3502 Moses,
898 3444 969 3489 se
991 3424 1298 3489 iniuriam
1335 3423 1514 3488 illam
1550 3423 1824 3490 tacitum
1863 3440 2144 3502 vorasse,
2226 3421 2355 3487 uod

407 3531 539 3596 pro
582 3532 702 3578 sua
737 3509 1240 3576 mansuetudine
1295 3509 1650 3594 patientiae
1691 3509 1905 3593 legem
1949 3506 2070 3574 sibi
2114 3508 2182 3572 in
2232 3508 2356 3574 ice-

407 3605 535 3663 ret.
604 3597 810 3662 Porro
845 3615 1030 3661 suam
1064 3595 1377 3661 virtutem
1416 3616 1547 3661 non
1582 3595 1934 3662 iactantiae
1973 3613 2171 3661 causa
2210 3592 2352 3659 lau·

411 3682 549 3763 dat,
584 3679 701 3749 sed
734 3690 811 3746 ιιι
843 3701 964 3747 nos
997 3702 1115 3749 suo
1154 3680 1452 3764 exemplo
1485 3680 1803 3759 hortetur,
1839 3681 1897 3746 si
1933 3700 2052 3745 nos
2084 3677 2353 3764 indigne

408 3769 696 3853 opprimi
744 3768 1101 3851 contingat,
1136 3767 1372 3850 quietis
1407 3774 1475 3832 et
1509 3766 1780 3850 placidis
1814 3765 2053 3831 animis
2089 3786 2350 3849 exspec-

406 3854 694 3921 tandum
732 3873 875 3919 esse
909 3853 1040 3919 Dei
1072 3853 1402 3918 iudicium.
1453 3851 1648 3919 Unde
1693 3852 1867 3918 enim
1912 3853 1991 3917 fit
2033 3860 2109 3917 ut
2149 3872 2350 3934 quum

409 3961 541 4005 nos
561 3938 757 4005 laesit
775 3938 1118 4022 quispiam,
1153 3958 1414 4006 sursum
1453 3946 1520 4002 et
1552 3937 1861 4004 deorsum
1895 3938 2168 4005 affectus
2206 3957 2353 4003 nos·

409 4033 554 4091 tros
597 4027 811 4108 rapiat
852 4023 1215 4108 indignatio
1235 4075 1249 4101 ,
1298 4031 1367 4089 et
1419 4024 1561 4090 sine
1601 4023 1795 4089 modo
1837 4022 2106 4089 ebulliat
2149 4022 2349 4103 dolor,

407 4110 552 4178 nisi
591 4111 745 4195 quia
796 4131 928 4175 non
972 4117 1281 4193 putamus
1336 4109 1512 4175 mala
1551 4119 1780 4176 nostra
1822 4128 1861 4174 a
1903 4109 2048 4175 Deo
2093 4110 2350 4193 respici,

413 4196 627 4263 donec
669 4194 1073 4262 tumultuose
1108 4197 1447 4279 conquesti
1490 4194 1741 4261 simus?
1787 4196 1996 4262 Docet
2044 4216 2201 4280 ergo
2244 4196 2351 4261 hic

410 4283 621 4367 locus,
677 4280 977 4366 quamvis
1019 4279 1099 4345 ad
1137 4281 1432 4348 convicia
1466 4289 1532 4347 et
1569 4280 2074 4347 obtrectationes
2117 4281 2353 4347 sileant

411 4368 579 4434 boni
604 4374 669 4433 et
701 4367 912 4447 mites,
959 4365 1177 4432 Deum
1214 4366 1644 4433 nihilominus
1676 4388 1797 4450 pro
1840 4367 2003 4451 ipsis
2046 4365 2350 4433 excubias

508 4473 653 4519 ere:
725 4460 791 4518 et
848 4452 1004 4518 dum
1073 4453 1533 4519 obmutescunt
1609 4454 1963 4537 impiorum
2033 4453 2349 4519 malitiam

413 4561 456 4607 c
526 4560 703 4605 mare
745 4538 829 4605 ad
860 4539 1076 4605 Deum
1116 4558 1322 4622 usque
1365 4546 1434 4604 et
1466 4538 1787 4605 exaudiri.
1854 4537 2114 4605 Deinde
2147 4539 2353 4623 ipsius

414 4625 805 4691 tolerantiae
858 4624 1194 4689 silentium
1265 4623 1472 4707 pluris
1532 4641 1632 4691 est
1691 4645 1908 4691 coram
1958 4626 2099 4692 Deo
2157 4645 2350 4709 quam

416 4710 595 4777 ullae
625 4711 1047 4794 quantumvis
1077 4729 1346 4776 sonorae
1388 4731 1598 4777 voces.
1644 4710 1837 4792 Quod
1874 4711 1932 4776 si
1969 4732 2098 4777 non
2126 4711 2349 4776 statim

415 4796 694 4882 prodeat
748 4797 936 4862 Deus
997 4794 1078 4861 ad
1137 4793 1497 4862 vindictam
1544 4796 1992 4874 exercendam,
2038 4797 2352 4862 memoria

415 4882 778 4949 tenendum
808 4889 908 4948 est
944 4879 1113 4965 quod
1147 4881 1304 4947 alibi
1347 4881 1652 4948 scribitur
1682 4901 1696 4945 :
1733 4881 2143 4966 Sanguinem
2180 4903 2353 4948 mor·

417 4970 520 5035 tui
579 4967 755 5035 Abel
806 4969 1124 5034 clamasse
1200 4989 1287 5035 ne
1339 4966 1770 5051 parricidium
1835 4966 2000 5034 Cain
2059 4977 2354 5033 maneret

413 5054 818 5138 impunitum
891 5054 1133 5121 Genes.
1176 5054 1238 5135 4,
1282 5053 1408 5140 10).

592 5141 652 5206 4.
689 5140 828 5224 Eyr
900 5141 1086 5206 imim*
1116 5160 1228 5206 vos
1259 5145 1405 5206 tres.
1464 5139 1737 5207 Aharon
1775 5148 1842 5205 et
1864 5139 2147 5205 Mariam
2171 5140 2354 5206 Deus

417 5225 504 5292 ad
549 5225 1043 5293 tabernaculum
1089 5226 1381 5305 accersit,
1425 5234 1502 5292 ut
1544 5226 1687 5309 ipsa
1732 5226 1855 5293 loci
1897 5226 2209 5292 sanctitas
2254 5247 2353 5291 eo-

416 5334 567 5379 rum
602 5311 912 5378 ferociam
949 5310 1225 5378 deiiciat.
1293 5309 1692 5397 Obrepserat
1726 5312 1902 5377 enim
1944 5332 2167 5378 eorum
2215 5314 2354 5378 ani·

416 5398 549 5465 mis
593 5397 722 5463 Dei
779 5397 1040 5479 oblivio,
1087 5420 1288 5482 quum
1331 5399 1426 5464 ita
1467 5399 1932 5465 insolescerent
1973 5417 2187 5465 coram
2235 5397 2354 5463 ho·

1838 488 2243 559 REDITUS
2286 488 2417 556 AD
2461 487 3007 557 HISTORIAM.

4288 488 4420 564 182

2470 675 2776 743 minibus.
2857 676 3034 761 Ergo
3098 679 3179 743 ad
3234 680 3364 746 Dei
3419 685 3854 764 conspectum,
3908 701 3947 746 a
4004 701 4133 765 quo
4189 683 4411 750 aversi

2470 769 2664 829 erant
2706 783 2931 829 eorum
2992 785 3255 846 sensus,
3300 765 3763 832 retrahuntur:
3819 775 3892 832 ιιι
3927 766 4185 846 Mosen,
4222 768 4408 837 cuius

2472 868 2670 915 causa
2712 869 2751 914 a
2795 849 2936 915 Deo
2997 850 3342 930 asseritur,
3407 852 3695 919 revereri
3747 852 4010 919 tandem
4064 853 4406 937 incipiant.

2471 933 2668 999 Iubet
2723 932 2908 1000 Deus
2964 954 3077 1001 eos
3125 937 3326 1004 verba
3382 958 3503 1004 sua
3557 936 3822 1004 audire:
3871 939 4025 1021 quia
4063 959 4404 1023 nunquam

2470 1020 2644 1085 Mosi
2681 1020 3056 1104 obstrepere
3088 1022 3235 1088 ausi
3273 1022 3573 1103 fuissent,
3612 1024 3665 1091 si
3707 1025 4104 1109 cogitassent
4139 1025 4221 1091 de
4255 1026 4403 1091 red·

2470 1104 2688 1172 denda
2746 1107 3014 1173 ratione.
3115 1107 3537 1176 Audientiam
3597 1130 3754 1194 ergo
3805 1109 3928 1176 sibi
3995 1110 4148 1177 facit
4200 1112 4402 1192 Deus,

2470 1200 2551 1256 ut
2585 1191 2843 1258 discant
2875 1210 2947 1259 sc
2989 1194 3163 1276 ipsos
3196 1193 3342 1260 colli
3392 1215 3520 1274 ere,
3567 1216 3686 1261 nec
3709 1196 3988 1279 amplius
4010 1204 4405 1264 evanescant

2467 1277 2542 1342 in
2579 1299 2700 1344 sua
2723 1278 3171 1378 confidentia:
3234 1214 3423 1345 Adffe
3470 1279 3640 1364 quod
3683 1289 4073 1364 separantur
4116 1303 4155 1346 a
4197 1283 4403 1363 Mose,

2469 1370 2546 1428 ut
2601 1384 2671 1428 se
2720 1383 3003 1446 impares
3058 1385 3200 1431 esse
3256 1376 3643 1450 agnoscant,
3703 1375 3770 1432 et
3812 1387 3968 1433 suae
4011 1368 4403 1435 temeritatis

2469 1469 2579 1515 eos
2620 1449 2863 1532 pudeat
2896 1448 3068 1534 quod
3112 1472 3182 1517 se
3226 1470 3504 1535 aequare
3548 1453 3688 1519 ausi
3732 1453 3994 1518 fuerint.

2640 1536 2700 1602 6.
2752 1534 2828 1601 Si
2858 1535 3055 1619 fuerit
3084 1556 3170 1618 pr
3421 1538 3608 1605 vobis.
3698 1539 3879 1604 Duos
3937 1548 4229 1604 recenset
4264 1557 4403 1604 mo-

2467 1618 2603 1699 dos,
2649 1619 2884 1705 quibus
2930 1623 3266 1705 prophetis
3302 1621 3551 1689 solebat
3583 1625 3881 1707 patefieri
3913 1623 4043 1689 Dei
4084 1624 4401 1705 voluntas,

2466 1726 2703 1790 nempe
2763 1707 3046 1774 visiones
3103 1716 3168 1773 et
3222 1709 3492 1775 somnia.
3580 1709 3809 1777 Utitur
3852 1719 4069 1774 autem
4116 1709 4223 1776 hic
4265 1729 4400 1775 non

2467 1812 2629 1857 voce
2681 1805 2789 1872 ῚῚΠ,
2828 1813 2996 1877 quae
3028 1801 3165 1860 tam
3210 1794 3622 1879 prophetiam
3667 1817 3862 1879 quam
3909 1794 4222 1861 visionem
4269 1796 4400 1880 sig·

2466 1876 2726 1945 nificat:
2770 1879 2883 1945 sed
2919 1891 3136 1959 rimu,
3181 1878 3292 1945 ubi
3335 1902 3367 1947 s
3415 1881 3585 1947 ecies
3631 1881 3846 1964 aliqua
3887 1880 4194 1948 obiicitur
4231 1898 4398 1965 qnae

2465 1963 2713 2029 oraculi
2769 1962 2963 2030 fidem
3019 1963 3191 2047 apud
3254 1986 3375 2031 ocu
3402 1987 3473 2032 os
3516 1977 3582 2032 et
3625 1988 3852 2032 omnes
3897 1988 4127 2033 sensus
4169 1968 4400 2033 confir·

2462 2057 2600 2115 met
2636 2071 2710 2117 ac
2753 2051 3021 2118 sanciat.
3084 2048 3194 2117 Sic
3230 2051 3413 2117 Deus
3446 2072 3641 2135 saepe
3665 2053 3969 2136 apparuit
4000 2052 4207 2119 servis
4243 2053 4401 2133 suis,

2467 2140 2546 2199 ut
2589 2138 2877 2214 sermoni
2922 2136 3250 2220 insculpta
3294 2147 3464 2203 esset
3509 2138 3649 2204 eius
3690 2137 4019 2207 maiestas.
4101 2140 4275 2204 Ante
4310 2138 4402 2204 le*

2461 2238 2611 2304 gem
2655 2220 2857 2288 latam
2905 2222 3278 2306 frequentes
3315 2221 3632 2289 eiusmodi
3673 2224 3952 2290 visiones
3986 2225 4251 2290 fuerunt
4292 2242 4404 2309 pa-

2461 2305 2709 2372 tribus:
2746 2308 3015 2374 somniis
3038 2329 3163 2390 quo
3211 2329 3293 2374 ue
3316 2308 3646 2374 interdum
3682 2308 3889 2375 edocti
3926 2310 4209 2376 fuerunt.
4269 2311 4404 2376 lta-

2460 2412 2587 2540 3ue
2629 2391 2801 2473 Ioel,
2847 2415 3047 2477 quum
3097 2416 3175 2459 su
3263 2415 3464 2478 regno
3510 2394 3764 2460 Christi
3799 2393 4071 2461 solidam
4115 2395 4399 2478 plenitu-

2505 2477 2682 2543 inem
2741 2479 3036 2545 omnium
3081 2479 3561 2546 revelationum
3620 2480 3757 2545 fore
3815 2481 4165 2564 promittit,
4233 2480 4398 2547 duas

2461 2584 2720 2647 quoque
2764 2563 2910 2630 illas
2942 2565 3191 2649 species
3213 2574 3707 2631 commemorat:
3760 2565 3934 2645 Filii,
3975 2566 4206 2649 inquit,
4254 2588 4400 2633 ves-

2460 2649 2577 2730 tri,
2628 2659 2697 2715 et
2745 2650 2915 2716 filiae
2974 2650 3481 2734 prophetabunt:
3535 2651 3808 2717 iuvenes
3867 2651 4069 2718 vestri
4119 2651 4400 2719 visiones

2460 2734 2806 2816 videbunt,
2857 2743 2922 2801 et
2969 2756 3159 2801 senes
3215 2737 3416 2802 vestri
3473 2737 3725 2802 somnia
3768 2736 4191 2802 somniabunt
4234 2736 4400 2825 (Ioel

2461 2820 2523 2901 3,
2572 2819 2655 2908 1).
2723 2817 2985 2888 Scimus
3020 2830 3241 2888 autem
3277 2822 3630 2905 prophetas
3673 2842 3946 2907 regnum
3985 2821 4236 2889 Christi
4277 2823 4398 2890 sub

2461 2914 2619 2991 typo
2663 2926 2930 2972 suorum
2977 2916 3342 2991 temporum
3389 2906 3761 2993 depingere.
3843 2909 4026 2974 Deus
4070 2924 4226 2993 ergo
4269 2909 4392 2975 has

2459 2992 2626 3059 duas
2683 2991 3044 3059 ordinarias
3096 2994 3383 3060 rationes
3424 3013 3829 3078 proponens,
3889 2994 4118 3060 Mosen
4163 2995 4398 3059 eximit

2458 3076 2542 3143 ab
2590 3077 2863 3144 aliorum
2910 3098 3221 3145 numero:
3277 3099 3352 3147 ac
3395 3081 3452 3146 si
3496 3100 3649 3146 eum
3693 3078 4014 3164 singulari
4054 3079 4396 3165 privilegio

2458 3164 2821 3231 extolleret.
2909 3164 3054 3230 Iam
3090 3182 3289 3249 quum
3336 3164 3607 3230 Aharon
3651 3172 3720 3230 et
3777 3166 3990 3232 Maria
4032 3164 4396 3249 superiores

2457 3246 2603 3315 aliis
2659 3270 2789 3316 non
2849 3258 3098 3331 essent,
3165 3250 3319 3317 hinc
3384 3249 3701 3317 admoniti
3743 3251 4016 3317 fuerunt
4056 3274 4126 3318 se
4169 3251 4393 3336 procul

2458 3335 2704 3404 distare
2748 3356 2786 3402 a
2831 3336 3037 3403 Mosis
3085 3333 3311 3422 gradu.
3398 3336 3545 3404 Hoc
3587 3337 3856 3404 consilio
3902 3337 4140 3404 dicitur
4181 3337 4394 3405 fidelis

2456 3423 2528 3488 in
2566 3431 2706 3488 tota
2741 3418 2968 3489 domo:
3016 3442 3211 3507 quem
3246 3423 3463 3489 locum
3498 3423 3709 3489 citans
3747 3422 4095 3507 apostolus,
4140 3431 4215 3489 ιιι
4258 3424 4395 3491 Μο-

2456 3529 2571 3574 sen
2621 3506 2890 3574 Christo
2934 3509 3265 3589 subiiciat,
3320 3528 3586 3574 servum
3631 3509 3832 3574 fuisse
3878 3506 4036 3576 dicit
4077 3517 4147 3576 et
4188 3530 4393 3575 mem-

2455 3593 2648 3659 brum
2701 3595 3026 3674 ecclesiae,
3083 3615 3284 3678 quum
3320 3592 3627 3660 Ohristus
3683 3592 3986 3662 dominus
4020 3594 4109 3661 sit
4151 3603 4218 3661 et
4252 3597 4390 3680 opi-

2454 3679 2598 3760 fex,
2634 3680 2737 3746 vel
2783 3688 3056 3747 creator.
3147 3678 3282 3746 Sed
3326 3679 3675 3747 discrimen
3719 3681 4027 3746 continuo
4070 3690 4221 3765 post
4254 3682 4387 3749 cla-

2455 3766 2599 3831 rius
2634 3766 3061 3849 exprimitur,
3128 3764 3301 3850 quod
3360 3766 3605 3833 scilicet
3666 3766 3966 3850 loquatur
4012 3767 4193 3833 Deus
4236 3788 4386 3834 cum

2452 3850 2597 3934 ipso
2647 3873 2760 3917 ore
2807 3852 2888 3918 ad
2933 3870 3039 3919 os:
3090 3872 3220 3935 qua
3263 3851 3584 3937 particula
3617 3850 3721 3938 (ut
3756 3851 3912 3917 alibi
3957 3851 4201 3919 dictum
4239 3852 4388 3941 fluit)

2452 3937 2792 4004 familiaris
2848 3948 2917 4003 et
2970 3938 3240 4004 interior
3317 3947 3581 4004 notatur
3637 3938 4156 4003 communicatio
4243 3939 4390 4007 Hoc

2452 4031 2674 4089 autem
2733 4023 2923 4090 modo
2981 4022 3146 4090 nihil
3193 4022 3422 4089 adimit
3466 4024 3646 4089 Deus
3690 4022 4027 4106 prophetis
4072 4023 4241 4107 quod
4280 4044 4388 4090 eo·—

2452 4132 2601 4175 rum
2638 4110 2956 4177 functioni
2991 4110 3353 4188 conveniat,
3393 4109 3507 4176 sed
3530 4109 3760 4175 Mosen
3799 4110 3972 4174 inter
4006 4114 4182 4191 ipsos
4211 4111 4390 4195 prin-

2452 4197 2665 4279 cipem
2701 4197 2946 4261 statuit.
3034 4198 3134 4263 Ac
3171 4216 3402 4262 verum
3446 4194 3705 4278 quidem
3753 4201 3852 4260 est
3886 4196 3958 4260 in
4002 4194 4124 4262 hoc
4158 4195 4388 4263 ordine

2453 4282 2657 4348 locari
2692 4281 3132 4366 patriarchas:
3170 4281 3343 4347 sicut
3361 4280 3695 4347 Abraham
3741 4282 4062 4365 propheta
4103 4282 4230 4347 fuit
4278 4305 4387 4349 vo-

2454 4378 2641 4433 catus
2677 4389 2790 4434 ore
2826 4368 2955 4433 Dei
2988 4365 3184 4453 (Gen.
3223 4366 3327 4444 20,
3376 4366 3477 4453 7):
3541 4375 3608 4432 et
3647 4366 3970 4450 propheta
4011 4367 4081 4431 in
4124 4367 4390 4434 Psalmo

2455 4454 2633 4535 (105,
2674 4452 2781 4541 15)
2814 4453 2910 4518 ita
2944 4472 3094 4519 eum
3131 4473 3275 4519 cum
3302 4453 3489 4520 Isaac
3526 4463 3592 4519 et
3611 4452 3809 4517 Iacob
3846 4461 4205 4536 nuncupat.
4253 4453 4386 4521 Sed

2452 4540 2709 4605 interea
2750 4538 2952 4605 simul
2985 4539 3426 4604 oeconomiam
3469 4538 3940 4620 complectitur,
3983 4559 4109 4622 qua
4153 4538 4387 4606 deinde

2457 4625 2719 4693 volebat
2775 4625 2877 4691 uti
2934 4624 3057 4690 sub
3108 4623 3286 4708 lege:
3346 4633 3542 4707 atque
3587 4626 3682 4689 ita
3725 4644 3953 4690 omnes
3999 4626 4108 4707 qui
4151 4624 4389 4691 deinde

2455 4711 2778 4777 exorituri
2847 4717 3067 4786 erant,
3148 4710 3322 4776 Mosi
3392 4709 3742 4794 postponit.
3853 4711 4061 4776 Porro
4118 4712 4387 4777 visionis

2456 4817 2699 4862 nomen
2747 4796 3007 4863 diverso
3064 4817 3260 4861 sensu
3319 4796 3635 4879 accipitur
3690 4815 3887 4880 quam
3945 4794 4140 4878 paulo
4200 4805 4387 4860 ante:

2455 4883 2609 4966 quia
2658 4882 2842 4949 Deus
2886 4883 3119 4948 Mosen
3165 4882 3247 4948 ab
3294 4883 3442 4949 aliis
3501 4881 3876 4948 discernens
3919 4900 3989 4945 se
4031 4878 4206 4963 loqui
4241 4901 4386 4946 cum

2455 4970 2600 5053 ipso
2635 4966 2794 5035 dicit
2826 4969 2896 5034 in
2937 4968 3212 5034 visione:
3260 4968 3430 5052 quod
3477 4967 3556 5033 de
3591 4968 3706 5034 illa
3747 4974 4054 5033 consueta
4096 4973 4214 5030 aut
4244 4965 4388 5031 vul-

2457 5055 2600 5139 gari
2650 5074 2976 5137 exponere
3011 5053 3365 5119 absurdum
3403 5063 3591 5119 esset.
3682 5056 4034 5137 Aspectum
4082 5072 4238 5135 ergo
4280 5049 4387 5120 hic

2455 5139 2812 5224 significat:
2860 5139 2966 5204 cui
3007 5140 3280 5223 opponit
3322 5141 3468 5204 aeni
3519 5148 3695 5204 mata
3740 5150 3802 5203 et
3852 5135 4385 5203 similitudinem:

2460 5225 2633 5311 quod
2677 5247 2913 5292 nomen
2961 5225 3348 5291 tantundem
3395 5248 3481 5290 va
3509 5235 3574 5289 et
3609 5246 3684 5291 ac
3727 5224 3969 5306 figura.
4021 5223 4075 5287 si
4124 5223 4386 5308 negatio

2456 5311 2906 5395 adutrumque
2940 5312 3278 5377 referatur.
3326 5310 3500 5377 Sunt
3534 5311 3704 5374 enim
3743 5308 3852 5390 qui
3889 5307 4387 5376 similitudinem

2454 5418 2577 5482 pro
2637 5398 2787 5463 viva
2845 5405 2911 5464 et
2953 5418 3262 5482 expressa
3304 5396 3523 5481 effigie
3566 5394 3920 5478 accipiant:
3979 5413 4055 5460 ac
4109 5396 4164 5461 si
4203 5393 4394 5462 Deus

3881 5493 3987 5551 12·
