5017 6142
616 445 742 513 251

619 635 902 702 habebat
940 632 1251 703 ,narratio
1303 629 1451 714 vagi
1512 629 1824 696 circuitus
1865 650 2068 713 quum
2111 631 2192 696 ab
2235 629 2570 696 Idumaeis

622 721 1058 787 deflecterent.
1148 717 1307 782 Fuit
1351 717 1527 781 enim
1574 714 1677 801 (ιιι
1737 714 2049 802 diximus)
2104 736 2237 781 non
2296 714 2571 799 vulgare

620 806 1027 875 obedientiae
1084 802 1527 869 testimonium
1568 823 1771 885 quum
1816 802 1998 867 Deus
2044 802 2364 868 vetuisset
2411 800 2569 867 Idu-

619 912 844 960 maeos
899 887 1195 975 aggredi:
1257 888 1586 970 suscipere
1644 886 1886 952 durum
1944 892 2012 953 et
2055 908 2358 971 asperum
2424 887 2567 954 iter.

621 980 769 1046 Hoc
827 987 1049 1042 tamen
1104 975 1246 1040 loco
1303 975 1461 1040 satis
1514 973 1745 1040 habuit
1799 973 2013 1039 Moses
2047 974 2395 1056 praecipua
2427 972 2571 1038 loca

621 1074 852 1132 notare
915 1063 982 1128 in
1042 1061 1274 1144 quibus
1334 1060 1781 1126 substiterant.
1894 1060 2144 1125 'samen
2203 1057 2374 1141 quod
2431 1058 2572 1124 dixi

620 1170 856 1218 verum
898 1166 1041 1213 esse
1086 1156 1375 1231 apparet,
1419 1165 1570 1210 eum
1615 1145 1859 1212 scilicet
1904 1144 1988 1211 ad
2030 1144 2322 1228 insignes
2368 1142 2572 1210 histo-

622 1238 758 1304 rias
803 1233 1140 1300 festinare:
1199 1231 1350 1316 quia
1393 1231 1507 1297 ubi
1563 1239 1838 1298 ventum
1883 1240 1986 1296 est
2030 1228 2114 1295 ad
2150 1231 2397 1308 Arnon,
2443 1230 2571 1296 Dei

622 1322 1000 1408 potentiam,
1048 1339 1178 1402 qua
1220 1316 1577 1384 auxiliatus
1619 1325 1720 1384 est
1758 1317 1997 1400 populo
2042 1336 2180 1397 suo,
2226 1317 2571 1400 magnifice

623 1406 1054 1477 commendat.

797 1491 897 1557 13.
971 1489 1412 1556 Castrametati
1466 1493 1617 1553 sunt
1669 1489 1829 1555 citra
1878 1487 2121 1554 Arnon.
2213 1486 2569 1554 Subiiciam

671 1579 821 1646 aulo
898 1584 1043 1661 post
1119 1572 1290 1658 quod
1372 1573 1573 1639 refert
1640 1573 1859 1640 Moses
1922 1575 1991 1638 in
2056 1572 2569 1639 Deuteronomio

669 1688 705 1733 e
777 1661 1089 1730 Moabitis
1164 1668 1232 1726 et
1309 1659 1721 1725 Ammonitis.
1802 1659 1939 1725 Hic
2013 1660 2167 1743 quia
2243 1679 2570 1725 summam

625 1752 952 1818 duntaxat
992 1747 1281 1814 breviter
1321 1745 1740 1829 perstringit,
1800 1751 2057 1810 tantum
2105 1753 2571 1811 commemorat

623 1835 935 1922 populum
983 1833 1241 1899 venisse
1283 1830 1366 1896 ad
1411 1832 1576 1896 fines
1619 1831 1938 1898 hostium:
1984 1830 2095 1896 ubi
2137 1851 2400 1897 necesse
2445 1832 2571 1897 fuit

624 1942 859 1989 manus
920 1937 1287 1986 conserere:
1359 1917 1512 2001 quia
1575 1937 1707 1981 non
1772 1915 2038 2001 patebat
2119 1920 2435 1991 transitus
2499 1917 2571 1982 in

619 2018 867 2075 terram
902 2005 1242 2086 Chanaan,
1285 2003 1412 2067 nisi
1459 2002 1529 2066 vi
1565 2010 1631 2067 et
1674 2003 1875 2069 armis
1906 2011 2374 2085 penetrassent.
2440 2002 2574 2069 Hic

623 2115 778 2180 ergo
845 2092 968 2157 fuit
1032 2086 1577 2174 peregrinationis
1642 2088 1996 2168 terminus,
2075 2089 2229 2172 quia
2293 2087 2572 2155 devictis

623 2176 1053 2248 Amorrhaeis
1111 2182 1464 2259 coeperunt
1518 2172 1713 2241 urbes
1757 2195 1981 2240 eorum
2023 2174 2326 2241 incolere.
2413 2173 2573 2242 Ideo

624 2288 781 2333 mox
839 2261 1168 2346 adiungit,
1233 2261 1449 2326 locum
1509 2258 1688 2325 hunc
1740 2259 1879 2325 fore
1939 2260 2212 2327 saeculis
2272 2260 2576 2327 omnibus

634 2348 1150 2418 memorabilem:
1212 2345 1365 2431 quia
1429 2344 1566 2411 illic
1628 2345 1810 2411 Deus
1864 2345 2107 2411 iterum
2163 2347 2231 2410 in
2278 2346 2579 2413 hostibus

633 2432 1057 2522 profligandis
1116 2432 1473 2516 potentiam
1549 2452 1737 2496 suam
1804 2431 2112 2498 exseruit.
2182 2430 2578 2515 Quanquam

633 2525 706 2589 in
750 2520 967 2588 verbis
1008 2518 1172 2584 mihi
1216 2517 1524 2584 videntur
1558 2515 1945 2584 hallucinati
1987 2538 2126 2583 esse
2166 2517 2577 2603 interpretes.

636 2621 771 2677 '150
828 2605 1155 2690 accipiunt
1201 2605 1337 2669 fere
1385 2624 1613 2667 omnes
1672 2624 1789 2687 pro
1833 2600 2016 2669 libro.
2105 2602 2343 2669 Postea
2384 2605 2578 2670 anxie

636 2693 977 2777 disputant
1020 2690 1319 2772 quisnam
1380 2688 1467 2754 sit
1523 2688 1646 2754 iste
1704 2688 1896 2768 liber,
1944 2709 2066 2755 nec
2112 2695 2327 2754 tamen
2387 2689 2578 2773 quid-

635 2798 832 2863 quam
899 2777 1183 2842 afferunt
1239 2780 1772 2840 consentaneum.
1863 2775 2006 2857 Ego
2083 2782 2303 2840 autem
2366 2776 2581 2858 potius

637 2864 884 2949 accipio
929 2882 1046 2945 pro
1092 2861 1500 2925 narratione:
1545 2860 1732 2943 quasi
1776 2858 2050 2924 dixisset
2095 2859 2333 2938 Moses,
2378 2884 2580 2944 quum

634 2951 1004 3016 referentur
1051 2945 1223 3011 bella
1278 2944 1588 3024 Iehovae,
1650 2945 1970 3011 celebrem
2024 2946 2160 3011 fore
2210 2945 2408 3012 huius
2456 2948 2582 3014 loci

635 3034 1035 3102 memoriam.
1094 3029 1280 3098 Sicut
1320 3029 1562 3113 David,
1612 3031 1724 3096 ubi
1765 3029 1894 3096 Dei
1937 3031 2248 3097 beneficia
2287 3041 2584 3100 recenset

636 3142 713 3189 ac
769 3114 1216 3197 commendat,
1283 3116 1520 3183 diserte
1576 3117 1886 3199 exprimit
1939 3115 2164 3183 Sehon
2229 3138 2450 3203 regem
2516 3129 2585 3185 et

637 3207 748 3292 Og
791 3206 1081 3272 devictos
1122 3203 1341 3268 fuisse.
1431 3202 1582 3268 Alia
1640 3203 1836 3268 etiam
1887 3203 1956 3267 in
2002 3204 2319 3285 proximis
2366 3205 2583 3272 verbis

638 3302 741 3359 est
796 3290 1205 3375 ambiguitas.
1294 3286 1578 3369 Quidam
1631 3290 1807 3355 enim
1850 3288 2085 3355 Vaheb
2142 3287 2377 3356 volunt
2432 3312 2583 3375 pro-

636 3380 853 3463 prium
889 3397 1128 3441 nomen
1166 3396 1306 3440 esse
1344 3375 1539 3454 urbis,
1586 3372 1864 3460 Suphah
1903 3396 2055 3441 vero
2090 3376 2579 3460 appellativum,

638 3486 713 3531 ac
778 3472 1049 3529 vertunt
1110 3460 1193 3525 In
1252 3459 1539 3526 turbine:
1608 3481 1836 3527 verum
1917 3461 2072 3544 quia
2136 3461 2325 3529 littus
2380 3463 2583 3531 maris

636 3549 823 3614 rubri
880 3567 1012 3612 non
1068 3546 1194 3611 fuit
1235 3544 1620 3626 habitabile,
1674 3566 1806 3611 non
1851 3545 2036 3613 video
2082 3549 2190 3631 qui
2235 3550 2582 3615 conveniat

636 3634 1038 3700 mentionem
1095 3631 1276 3697 urbis
1332 3632 1477 3697 fieri
1530 3652 1698 3715 quae
1745 3632 1878 3697 illic
1921 3633 2045 3698 sita
2086 3633 2300 3700 fuerit.
2387 3635 2578 3715 Quod

638 3722 696 3787 si
754 3726 992 3804 putant
1048 3717 1273 3784 urbem
1310 3716 1509 3782 fuisse
1553 3717 1835 3783 vicinam
1879 3721 2140 3798 Arnon,
2192 3721 2433 3786 mirum
2479 3730 2581 3787 est

638 3826 959 3890 nusquam
1017 3802 1173 3869 alibi
1229 3803 1358 3887 legi
1404 3804 1526 3869 hoc
1569 3824 1843 3883 nomen,
1898 3811 1964 3870 et
2007 3814 2231 3870 tamen
2278 3806 2384 3871 hic
2426 3807 2581 3890 poni

638 3902 951 3975 tanquam
1029 3889 1227 3972 vulgo
1298 3900 1548 3953 notum.
1636 3889 1865 3973 Itaque
1934 3891 2003 3954 in
2072 3911 2301 3955 eorum
2367 3893 2582 3975 potius

636 3978 1026 4045 sententiam
1071 3974 1313 4042 inclino
1349 3975 1464 4059 qui
1498 3975 1770 4041 verbum
1814 3996 1955 4042 esse
1991 3974 2252 4056 docent,
2298 3986 2363 4042 et
2409 3992 2429 4045 ι
2473 4000 2582 4062 po·

639 4064 839 4129 situm
875 4083 1017 4128 esse
1054 4082 1171 4145 pro
1215 4076 1264 4139 ι,
1298 4068 1373 4125 ιιι
1395 4060 1481 4126 sit
1510 4080 1772 4127 sensus:
1805 4060 2372 4142 Quemadmodum
2399 4064 2582 4131 Deus

639 4158 942 4232 coeperat
1008 4149 1076 4212 in
1144 4146 1314 4212 mari
1391 4146 1590 4211 rubro
1655 4148 2001 4232 magnifice
2079 4168 2198 4232 pro
2263 4150 2581 4216 Israelitis

640 4235 914 4301 bellare:
978 4234 1070 4299 sic
1114 4230 1388 4298 eandem
1430 4233 1711 4315 gratiam
1755 4233 2171 4301 continuasse
2214 4235 2285 4299 in
2328 4237 2579 4302 Arnon.

640 4322 903 4399 Fateor,
948 4320 1006 4385 si
1041 4319 1186 4403 quis
1229 4319 1652 4401 scrupulosus
1696 4318 1764 4384 in
1798 4320 2065 4403 punctis
2106 4319 2389 4401 insistat,
2433 4343 2584 4387 sen-

640 4429 787 4473 sum
829 4405 1006 4472 hunc
1041 4405 1506 4490 grammaticae
1552 4426 1682 4469 non
1719 4425 1987 4488 prorsus
2030 4405 2367 4489 quadrare.
2450 4405 2584 4473 Sed

639 4492 812 4558 malo
849 4491 1045 4557 unius
1074 4491 1302 4574 puncti
1336 4492 1584 4556 iactura
1618 4511 1883 4556 sensum
1906 4492 2303 4575 probabilem
2329 4494 2583 4573 elicere,

640 4599 834 4662 quam
891 4576 1115 4661 procul
1174 4597 1484 4659 quaerere
1538 4573 1808 4659 frigidas
1858 4576 2324 4659 divinationes,
2390 4580 2584 4646 sicuti

638 4664 889 4731 faciunt
943 4663 1051 4746 qui
1119 4663 1383 4745 fingunt
1436 4660 1673 4727 Vaheb
1738 4684 1972 4729 nomen
2039 4684 2180 4731 esse
2246 4665 2583 4749 proprium

642 4749 781 4815 loci.
884 4748 1092 4813 Porro
1181 4760 1330 4830 apte
1411 4748 1629 4812 Moses
1715 4750 1944 4813 Arnon
2018 4760 2358 4833 comparat
2432 4773 2583 4818 cum

641 4834 809 4900 mari
844 4834 1072 4898 rubro:
1118 4840 1193 4897 ut
1235 4831 1540 4899 ostendat
1576 4834 1772 4898 finem
1807 4837 2057 4918 gratiae
2091 4835 2219 4902 Dei
2265 4838 2583 4921 principio

642 4921 883 5004 optime
984 4918 1319 5002 quadrare.
1422 4919 1739 4985 Potenter
1831 4920 2257 4988 dimicaverat
2353 4934 2584 4988 eontra

643 5005 1037 5091 AegyptiOS‚
1108 5013 1173 5070 et
1245 5004 1614 5070 Pharaonis
1672 5007 2031 5073 exercitum
2115 5007 2445 5075 deleverat
2508 5009 2581 5074 in

642 5093 810 5158 mari
844 5092 1068 5157 rubro:
1107 5112 1337 5157 verum
1371 5089 1568 5157 huius
1603 5089 2004 5159 liberationis
2039 5095 2318 5179 exiguus
2350 5094 2584 5161 fuisset

641 5178 927 5256 fructus,
983 5177 1111 5244 nisi
1163 5176 1304 5260 pari
1350 5177 1592 5244 virtute
1635 5178 1967 5261 suppetias
2022 5180 2277 5246 tulisset
2320 5180 2582 5265 populo,

643 5263 756 5329 ubi
843 5282 990 5329 cum
1072 5263 1375 5349 gentibus
1463 5262 1783 5330 Chanaan
1870 5264 2352 5350 confligendum
2436 5268 2579 5333 fuit.

642 5348 868 5431 Neque
933 5349 1107 5415 enim
1173 5350 1252 5415 de
1318 5347 1715 5434 quibuslibet
1772 5351 1896 5416 Dei
1955 5351 2287 5419 beneficiis
2343 5354 2581 5438 agitur,

2027 439 2435 508 REDI'PUS
2478 441 2612 507 AD
2649 438 3196 508 HISTORIAM.

4504 435 4635 505 252

2675 627 2793 695 sed
2837 636 3095 695 tantum
3137 628 3217 694 de
3265 628 3584 705 victoriis,
3630 649 3713 693 ex
3758 628 3992 711 quibus
4036 626 4249 711 palam
4295 627 4623 713 apparuit,

2674 714 2937 781 nonnisi
2969 715 3094 781 Dei
3129 714 3433 799 auspiciis
3470 722 3537 779 et
3567 713 3767 779 ductu
3796 712 4133 780 Israelitas
4168 713 4340 779 bella
4373 734 4619 798 gerere.

2673 800 2899 886 Itaque
2976 801 3295 867 miracula
3372 800 3443 864 in
3525 798 3781 865 deserto
3861 798 4038 865 edita
4108 820 4241 864 non
4325 808 4622 868 recenset

2675 887 2930 953 Moses:
2995 886 3108 952 sed
3175 893 3437 953 tantum
3494 885 3654 952 dicit
3714 885 3787 950 in
3845 883 4200 952 recitandis
4250 885 4376 950 Dei
4435 884 4623 954 bellis

2673 993 2876 1057 aeque
2936 972 3340 1054 praeclarum
3393 972 3529 1037 fore
3589 992 3827 1036 nomen
3873 974 4107 1037 Arnon
4151 980 4345 1055 atque
4388 971 4623 1039 fuisset

2672 1058 2877 1124 maris
2919 1057 3122 1124 rubri.
3212 1061 3312 1124 Ac
3344 1058 3413 1123 in
3452 1076 3608 1124 voce
3653 1059 3885 1122 Arnon
3928 1055 4220 1122 notanda
4253 1064 4355 1122 est
4386 1079 4619 1144 synec-

2675 1144 2910 1211 doche:
2956 1144 3112 1227 quia
3133 1144 3352 1210 Moses
3389 1141 3884 1226 comprehendit
3926 1162 4351 1226 quaecunque
4385 1142 4620 1212 deinde

2674 1237 2951 1314 sequuta
3008 1238 3163 1296 sunt
3226 1228 3491 1313 praelia.
3602 1227 3930 1310 Quoniam
3969 1248 4129 1313 ergo
4194 1248 4278 1293 ex
4346 1249 4474 1312 quo
4536 1230 4617 1296 ad

2671 1318 2837 1383 fines
2881 1318 3117 1381 Arnon
3153 1315 3451 1399 pervenit
3486 1313 3784 1398 populus,
3830 1314 3944 1380 ubi
3987 1314 4246 1380 obviam
4290 1317 4615 1400 progressi

2672 1413 2829 1469 sunt
2870 1402 3126 1481 hostes,
3171 1422 3397 1467 rursus
3433 1400 3617 1466 Deus
3658 1398 3872 1466 erexit
3913 1400 4264 1480 vexillum,
4308 1411 4374 1466 et
4408 1403 4614 1468 conti-

2672 1488 2824 1553 nuis
2902 1488 3193 1554 victoriis
3263 1487 3613 1571 magnifice
3680 1486 4000 1569 populum
4079 1506 4269 1553 suum
4337 1489 4617 1569 ornavit,

2672 1573 2831 1639 hinc
2867 1572 2993 1640 loci
3037 1573 3357 1639 nobilitas.
3423 1572 3691 1639 Poetica
3731 1579 3832 1637 est
3873 1572 4175 1655 repetitio
4208 1572 4279 1637 in
4323 1574 4616 1656 proximo

2674 1680 2902 1738 versu,
2965 1658 3074 1724 ubi
3116 1679 3236 1742 pro
3272 1658 3700 1724 Torrentibus
3743 1658 4014 1741 ponitur
4069 1659 4291 1724 fluxus
4334 1659 4617 1726 Torren-

2672 1748 2871 1897 ffium13
2930 1745 3042 1829 qui
3096 1743 3433 1811 descendit
3488 1743 3561 1809 in
3607 1745 3704 1810 Ar
3747 1751 3815 1809 et
3857 1743 4182 1811 recumbit
4221 1743 4292 1809 in
4338 1746 4616 1812 termino

2749 1850 2829 1898 oa
2875 1881 2889 1896 .

2845 1917 2946 1982 16.
3016 1914 3212 1982 Illinc
3253 1916 3326 1981 in
3358 1913 3543 1981 Beer.
3636 1913 3811 1981 Sunt
3851 1914 3964 1997 qui
3999 1922 4233 1997 putent
4274 1913 4618 1982 historiam

2673 2003 2911 2087 attingi
2967 2004 3153 2068 cuius
3212 2021 3536 2086 nusquam
3593 2009 3789 2068 antea
3844 2000 4015 2067 facta
4068 2001 4283 2067 fuerat
4339 2002 4615 2068 mentio:

2719 2089 2828 2154 uia
2884 2087 2992 2155 hic
3049 2087 3335 2153 refertur
3389 2086 3718 2152 canticum
3764 2083 3934 2170 quod
3979 2084 4133 2152 alibi
4178 2107 4313 2153 non
4354 2087 4617 2171 legitur.

2733 2172 2815 2240 ed
2892 2174 3198 2257 quoniam
3280 2172 3507 2239 eadem
3571 2172 3772 2238 iterat
3836 2171 4037 2238 verba
4099 2172 4319 2240 Moses
4384 2175 4621 2258 quibus

2678 2272 2831 2327 ante
2875 2282 3033 2326 usus
3074 2266 3195 2339 est,
3240 2265 3306 2324 et
3350 2267 3661 2341 tanquam
3706 2257 3787 2323 de
3822 2279 3893 2324 re
3937 2258 4274 2324 notissima
4314 2258 4622 2344 loquitur,

2677 2344 2850 2429 quod
2913 2345 3048 2410 illic
3111 2345 3331 2410 iussus
3392 2343 3592 2409 fuerit
3654 2363 4054 2429 congregare
4117 2344 4432 2427 populum
4449 2395 4466 2424 ,
4547 2355 4623 2413 ut

2680 2452 2848 2516 aqua
2892 2430 3208 2498 divinitus
3250 2429 3491 2496 emissa
3526 2430 3883 2496 frueretur:
3944 2429 4110 2494 mihi
4149 2429 4485 2513 probabile
4519 2440 4624 2498 est

2679 2538 2917 2583 nomen
2974 2516 3117 2584 loco
3174 2515 3375 2582 fuisse
3429 2514 3803 2600 impositum
3822 2567 3839 2595 ,
3904 2535 4034 2598 quo
4090 2513 4264 2599 apud
4327 2525 4624 2600 posteros

2680 2614 2818 2668 tam
2878 2603 3005 2668 Dei
3063 2601 3317 2668 bonitas
3376 2621 3573 2685 quam
3629 2600 3849 2685 populi
3911 2601 4317 2686 ingratitudo
4384 2610 4624 2669 testata

2678 2689 2862 2756 foret.
2924 2686 3315 2771 Quanquam
3360 2708 3492 2753 non
3534 2687 3858 2754 contendo
3899 2687 4178 2753 eundem
4224 2708 4364 2755 esse
4406 2689 4624 2756 locum

2683 2796 2766 2841 ex
2800 2794 2926 2858 quo
2961 2774 3247 2840 elicitam
3289 2773 3489 2840 fuisse
3531 2792 3768 2857 aquam
3813 2779 3967 2840 ante
4008 2772 4306 2859 legimus.
4396 2774 4625 2858 Neque

2684 2860 2859 2926 enim
2932 2860 3066 2924 illic
3130 2858 3454 2925 duntaxat
3532 2859 3751 2924 satiati
3818 2859 4084 2925 fuerunt
4156 2879 4362 2942 aquae
4428 2871 4622 2944 potu:

2682 2944 2795 3012 sed
2839 2946 3155 3030 profluxit
3194 2966 3321 3029 quo
3362 2944 3494 3011 illis
3537 2955 3679 3010 erat
3719 2945 3864 3012 iter.
3952 2943 4104 3027 Quo
4156 2966 4355 3012 sensu
4398 2945 4625 3013 scribit

2682 3033 2936 3099 Paulus
2989 3030 3076 3118 (1.
3136 3030 3285 3097 Oor.
3333 3031 3449 3111 10,
3483 3030 3571 3117 4).
3626 3031 3894 3096 Petram
3943 3031 4088 3097 illos
4145 3030 4348 3098 fuisse
4397 3052 4624 3099 conse·

2684 3126 2973 3202 quutam.
3064 3117 3211 3182 Non
3295 3115 3466 3200 quod
3543 3137 3739 3199 rupes
3813 3138 3850 3181 e
3911 3139 4032 3184 sua
4103 3115 4320 3184 radice
4393 3117 4625 3185 avulsa

2683 3204 2913 3269 fuerit:
2950 3202 3066 3270 sed
3109 3203 3262 3286 quia
3303 3223 3543 3287 aquam
3585 3223 3752 3286 quae
3785 3201 3941 3268 inde
3981 3203 4196 3283 fluxit,
4239 3203 4625 3270 mirabiliter

2685 3289 2958 3356 deduxit
3004 3289 3217 3365 Deus,
3282 3297 3358 3355 ut
3399 3309 3510 3355 eos
3553 3289 3999 3368 comitaretur,
4060 3299 4253 3373 atque
4296 3291 4390 3356 ita
4430 3297 4623 3374 potus

2683 3375 2815 3441 illis
2859 3374 3161 3442 assiduus
3205 3382 3599 3458 suppeteret.
3691 3374 3884 3454 Quod
3927 3375 4130 3442 etiam
4172 3375 4498 3461 colligitur
4542 3397 4624 3442 ex

2685 3463 2983 3545 proximo
3031 3482 3264 3538 versu,
3325 3461 3434 3528 ubi
3496 3459 3655 3526 dicit
3688 3460 3905 3528 Moses
3961 3460 4274 3545 populum
4317 3462 4626 3529 cecinisse

2684 3569 2951 3614 carmen
3008 3547 3165 3615 hoc:
3220 3546 3524 3612 Ascende
3567 3547 3758 3613 Beer.
3844 3547 4014 3612 Nam
4076 3568 4283 3631 quum
4326 3546 4625 3615 viderent

2684 3644 2944 3718 praeter
2991 3642 3297 3700 naturam
3346 3655 3429 3698 ex
3485 3633 3661 3698 fonte
3721 3654 3932 3717 nuper
3988 3643 4203 3699 creato
4264 3654 4499 3718 aquam
4555 3633 4623 3698 in

2686 3719 2919 3787 altiora
2961 3719 3102 3787 loca
3144 3740 3431 3804 surgere,
3468 3726 3544 3783 ut
3584 3726 3812 3802 potum
3847 3719 3917 3782 in
3961 3718 4119 3786 locis
4154 3719 4356 3786 aridis
4389 3739 4624 3805 sugge-

2685 3814 2885 3885 reret,
2933 3813 3287 3887 coeperunt
3329 3805 3538 3888 magis
3583 3803 3923 3871 attendere
3958 3804 4037 3869 ad
4086 3806 4510 3887 miraculum,
4554 3814 4625 3871 ut

2685 3892 2964 3976 gratiam
3022 3890 3152 3957 Dei
3218 3890 3640 3956 celebrarent.
3731 3888 4129 3974 Quanquam
4194 3890 4336 3956 fieri
4409 3898 4626 3975 potest

2685 3985 2762 4043 ut
2804 3999 2974 4060 aqua
3015 3998 3150 4043 non
3193 3976 3390 4042 fuerit
3432 3975 3727 4044 derivata
3769 3977 3982 4042 instar
4015 3977 4339 4057 fluminis,
4382 3976 4496 4043 sed
4544 3999 4626 4043 ex

2685 4064 2930 4146 apertis
2994 4070 3208 4129 terrae
3276 4062 3459 4128 venis
3508 4061 3840 4128 ebullierit
3905 4062 4159 4146 quoties
4223 4084 4388 4147 opus
4462 4071 4623 4128 erat.

2685 4148 2882 4214 Certe
2945 4170 3061 4231 per
3125 4168 3466 4214 ascensum
3512 4147 3808 4233 designat
3862 4148 4452 4215 extraordinariam
4497 4149 4625 4214 Dei

2683 4234 3063 4319 potentiam.
3137 4233 3360 4316 Quum
3404 4233 3643 4301 dicitur
3682 4234 4011 4319 principes
4053 4233 4291 4302 fodisse
4335 4241 4626 4319 puteum,

2686 4320 2937 4399 subest,
2996 4342 3141 4387 meo
3200 4318 3466 4400 iudici0,
3519 4321 3865 4387 antithesis
3917 4321 4093 4387 inter
4138 4341 4379 4404 paucos
4413 4319 4625 4387 homi·

2685 4427 2803 4471 nes
2858 4416 2925 4472 et
2980 4406 3062 4472 ad
3119 4427 3282 4489 opus
3325 4406 3741 4472 manuarium
3785 4426 3915 4472 non
3959 4406 4122 4473 adeo
4165 4407 4498 4485 robustos,
4552 4427 4625 4472 ac

2684 4492 3021 4577 ingentem
3086 4493 3389 4558 calonum
3455 4490 3728 4559 turbam.
3822 4491 3897 4559 Si
3976 4490 4232 4576 quando
4297 4492 4627 4560 exercitus

2686 4598 2855 4663 aqua
2917 4586 3270 4663 eguerunt,
3340 4585 3569 4661 puteos
3624 4578 3750 4645 sibi
3801 4579 4047 4645 milites
4104 4599 4343 4663 magno
4405 4578 4625 4645 labore

2685 4673 3039 4750 pararunt:
3106 4664 3213 4731 hic
3269 4664 3463 4748 longe
3530 4662 3789 4732 diversa
3851 4664 4019 4730 ratio
4083 4667 4382 4747 ponitur,
4456 4663 4623 4749 quod

2686 4750 2883 4817 duces
2937 4751 3160 4834 populi
3220 4771 3354 4816 una
3402 4771 3554 4816 cum
3599 4751 3815 4831 Mose,
3871 4771 4007 4816 non
4056 4751 4361 4828 artificiO,
4419 4770 4624 4834 neque

2683 4836 3039 4915 machinis,
3106 4835 3220 4902 sed
3275 4844 3526 4901 tantum
3588 4837 3800 4903 baculi
3857 4845 4062 4915 tactu,
4127 4846 4401 4920 puteum
4459 4836 4621 4902 effo-

2685 4922 2922 4989 derint.
3011 4921 3293 4988 Baculos
3349 4921 3610 5006 quidem
3667 4923 3853 5008 ponit
3896 4922 4120 4988 Moses
4163 4943 4434 4989 numero
4478 4923 4620 5006 plu·

2686 5008 2842 5088 rali,
2909 5008 3060 5092 quia
3124 5028 3467 5091 procerum
3541 5009 3616 5073 fit
3681 5008 3961 5073 mentio:
4021 5006 4135 5074 sed
4199 5028 4331 5074 non
4399 5008 4622 5075 dubito

2683 5094 2988 5161 baculum
3067 5093 3273 5160 Mosis
3356 5093 3748 5178 quibuslibet
3833 5094 4288 5161 instrumentis
4365 5095 4622 5179 opponi,

2686 5180 2767 5246 ad
2813 5178 3393 5247 commendandam
3430 5179 3557 5245 Dei
3603 5178 3914 5246 virtutem
3958 5189 4025 5246 et
4066 5182 4365 5265 gratiam.
4453 5182 4622 5247 Puto

2684 5266 2880 5332 etiam
2951 5287 3187 5333 nomen
3249 5267 3420 5333 Beer
3484 5266 3623 5331 loco
3687 5265 3889 5332 fuisse
3944 5266 4222 5332 inditum
4280 5263 4391 5332 ubi
4459 5286 4624 5351 aqua

2682 5352 2799 5419 illa
2896 5353 3231 5419 Israelitas
3331 5353 3648 5419 deseruit:
3746 5352 4052 5437 quoniam
4139 5359 4460 5419 venerant
4542 5350 4622 5419 ad
