5017 6142
538 423 667 490 219

540 609 989 677 liberationem
1050 627 1215 691 quae
1273 604 1609 691 singulare
1664 612 1810 672 erat
1871 604 2003 670 Dei
2067 603 2473 683 beneficium,

538 694 713 763 Mosi
755 694 895 761 eius
936 693 1233 759 ministro
1268 692 1338 757 in
1372 689 1621 757 erimen
1657 689 1951 757 vertere?
1998 688 2338 757 Obiioiunt
2378 710 2478 755 se-

539 779 756 848 eundo
790 778 959 865 quod
994 778 1066 844 in
1103 777 1430 842 desertum
1474 795 1584 842 eos
1628 775 1908 842 traxerit
1941 775 2052 841 ubi
2087 774 2472 843 moriantur.

536 865 743 952 quue
784 863 1184 949 amplificant
1225 861 1522 947 proximo
1558 881 1775 942 versu,
1818 882 1895 927 ao
1935 860 2154 928 odiose
2196 862 2474 926 interro-

539 960 700 1037 gant
721 951 985 1016 ubinam
1020 949 1107 1015 sit
1128 947 1629 1031 promissionum
1670 947 1931 1013 veritas.
1996 943 2292 1013 Tandem
2328 965 2477 1013 eon·

538 1036 815 1106 eludunt
869 1035 1100 1101 Mosen
1158 1033 1226 1099 in
1284 1033 1424 1100 suis
1478 1032 1755 1100 fallaoiis
1803 1031 1893 1097 im
1943 1028 2251 1098 udentem
2296 1047 2474 1099 esse:

540 1121 940 1290 3133?ssss
966 1117 1892 1288 {ffiffiffifflffqi‘ffi}
1914 1113 2477 1286 ipsssf‘ssssi‘lffie

540 1302 759 1360 terrae
800 1290 1225 1375 possessione.
1293 1288 1618 1356 Hortatus
1663 1286 1790 1354 Dei
1833 1286 2142 1354 mandato
2185 1308 2294 1353 eos
2338 1288 2475 1352 fue-

541 1386 644 1444 rat
684 1377 927 1456 Moses,
971 1386 1046 1442 ut
1085 1373 1558 1441 haereditatem
1601 1373 1724 1440 sibi
1766 1373 2152 1458 promissam
2187 1371 2473 1439 adirent:

538 1463 722 1532 ouius
755 1482 912 1546 ergo
944 1459 1377 1545 improbitatis
1417 1472 1515 1526 est
1549 1480 1624 1527 ae
1660 1458 2076 1542 petulantiae,
2113 1478 2315 1543 quum
2350 1456 2477 1524 sibi

539 1548 803 1614 ianuam
839 1545 1212 1627 clauserint,
1255 1543 1336 1611 de
1378 1545 1564 1612 Mose
1604 1544 1931 1628 eonqueri,
1965 1565 2083 1629 per
2117 1564 2307 1628 quem
2345 1562 2479 1608 non

537 1642 817 1700 steterat
857 1630 1207 1716 quominus
1243 1631 1418 1715 agris
1451 1638 1519 1696 et
1550 1628 1800 1695 vitibus
1832 1628 2252 1696 fruerentur?
2325 1628 2480 1695 'l'er-

540 1719 632 1786 tio
677 1717 906 1785 Mosen
953 1715 1309 1803 suggillant
1349 1714 1519 1800 quod
1562 1712 2070 1781 dominationem
2105 1721 2368 1798 appetat
2408 1713 2477 1778 in

537 1803 746 1871 libero
788 1803 1048 1889 populo.
1116 1801 1432 1867 Praeerat
1473 1798 1764 1884 quidem:
1809 1798 1922 1866 sed
1967 1800 2160 1885 longe
2203 1818 2241 1864 a
2277 1818 2480 1884 regno

538 1888 822 1957 distabat
855 1884 1190 1954 moderata
1222 1886 1338 1953 illa
1372 1885 1790 1972 gubernatio,
1823 1906 1987 1971 quae
2029 1894 2163 1951 tam
2208 1903 2481 1950 onerosa

539 1986 682 2043 erat
741 1972 903 2040 Mosi
959 1993 1152 2057 quam
1209 1972 1329 2038 toti
1385 1970 1625 2057 populo
1682 1971 1883 2038 utilis.
1971 1970 2105 2038 Sed
2168 1970 2328 2037 haee
2381 1977 2482 2036 est

538 2079 884 2126 servorum
924 2057 1052 2124 Dei
1087 2055 1389 2138 eonditio,
1425 2066 1502 2124 ut
1534 2064 1710 2124 reete
1743 2078 1814 2124 se
1849 2055 2135 2142 gerendo
2168 2076 2286 2141 per
2328 2073 2481 2121 oon-

541 2144 847 2212 tumelias
896 2143 1220 2210 incedant.

716 2229 816 2296 15.
865 2230 1085 2295 Iratus
1127 2233 1217 2294 est
1256 2247 1397 2312 erqo
1440 2225 1666 2293 Moses.
1746 2225 2140 2312 Quanquam
2184 2225 2322 2293 fieri
2367 2245 2483 2309 po-

543 2324 691 2396 test,
734 2322 809 2381 ut
846 2312 1087 2399 aliquid
1124 2313 1488 2380 humanum
1522 2331 1753 2396 passus
1790 2312 2009 2391 fuerit,
2048 2313 2228 2379 zelus
2262 2321 2483 2379 tamen

550 2399 685 2467 Dei
729 2400 1015 2485 palmam
1058 2397 1344 2464 obtinuit
1384 2398 1457 2463 in
1501 2397 1642 2464 eius
1685 2398 1922 2476 animo,
1962 2419 2169 2483 neque
2210 2396 2483 2464 effeetus

542 2484 1088 2569 intemperantiae
1105 2535 1122 2566 ,
1193 2484 1251 2551 si
1316 2505 1445 2569 qua
1516 2490 1808 2550 tentatus
1864 2491 2008 2550 erat
2025 2536 2041 2564 ,
2097 2482 2480 2567 praevaluit.

545 2570 740 2638 Certe
798 2591 882 2636 ex
938 2577 1252 2637 oontoxtu
1311 2568 1644 2652 probabile
1686 2577 1786 2637 est
1828 2578 2056 2636 saneto
2099 2567 2330 2635 ardore
2364 2588 2484 2635 ex·

544 2655 920 2724 eanduisse:
967 2656 1118 2739 quia
1161 2657 1538 2738 exsequitur
1560 2653 1687 2720 Dei
1731 2654 2110 2735 vindictam,
2152 2662 2225 2721 ut
2267 2651 2484 2738 legiti-

544 2761 694 2809 mus
728 2741 1060 2807 minister:
1097 2749 1173 2807 ut
1206 2750 1517 2825 appareat
1551 2739 1720 2806 nihil
1755 2740 1887 2808 nisi
1921 2740 2155 2825 spiritu
2199 2737 2482 2806 dietante

543 2827 746 2894 fuisse
782 2827 1145 2910 loquutum,
1190 2826 1294 2892 vel
1332 2826 1567 2909 egisse.
1634 2825 1772 2891 Imo
1814 2825 2007 2911 paulo
2049 2833 2195 2910 post
2241 2823 2481 2890 videbi·

544 2933 692 2979 mus
752 2932 952 2997 quum
1010 2911 1249 2977 anxius
1302 2919 1477 2978 esset
1535 2909 1614 2978 de
1671 2910 1882 2978 salute
1924 2909 2200 2996 publiea,
2242 2929 2483 2993 paueos

547 2997 779 3065 noxios
822 2996 904 3063 ad
947 3017 1226 3081 poenam
1271 2995 1650 3082 postulasse,
1699 3017 1784 3064 ne
1828 2998 2071 3081 periret
2112 2994 2479 3061 multitudo.

545 3083 694 3150 Iam
748 3083 850 3149 ira
906 3083 1049 3151 eius
1107 3103 1239 3149 non
1298 3082 1528 3150 ebullit
1578 3083 1649 3149 in
1704 3083 2029 3149 eonvieia:
2082 3090 2161 3147 ut
2210 3081 2324 3165 qui
2368 3100 2482 3146 ex·

546 3189 732 3237 eessu
789 3168 1122 3250 feruntur,
1170 3167 1401 3253 lingua
1443 3179 1512 3233 et
1554 3168 1859 3235 manibus
1901 3167 2123 3234 hostes
2166 3187 2206 3232 a
2246 3166 2482 3250 quibus

548 3254 709 3320 laesi
765 3262 953 3334 sunt,
1012 3254 1324 3337 impetere
1373 3254 1620 3319 solent:
1663 3252 1777 3319 sed
1822 3252 1903 3319 ad
1949 3251 2165 3319 Deum
2211 3273 2284 3317 se
2326 3271 2482 3317 eon·

548 3339 779 3406 vertit:
847 3360 968 3407 nee
1003 3338 1180 3405 aliud
1217 3338 1504 3424 postulat
1546 3359 1739 3424 quam
1785 3347 1860 3404 ut
1899 3338 1971 3404 in
2013 3358 2136 3404 sua
2178 3334 2483 3420 superbia

547 3421 900 3510 pudefiant.
967 3424 1381 3491 Generaliter
1404 3422 1664 3509 quidem
1696 3425 1818 3490 hoe
1861 3444 1901 3489 a
1943 3422 2169 3490 multis
2211 3443 2292 3489 ex
2377 3421 2480 3488 ni-

549 3522 688 3591 tur,
746 3529 821 3576 ao
876 3511 930 3576 si
990 3519 1248 3595 optaret
1291 3509 1508 3576 Moses
1550 3509 1769 3575 Deum
1812 3508 1941 3575 illis
1983 3531 2125 3576 esse
2168 3509 2302 3592 imp
2330 3528 2477 3574 aea-

548 3593 773 3661 bilem:
834 3594 947 3661 sed
989 3596 1143 3680 quia
1185 3596 1316 3661 litis
1361 3595 1464 3661 vel
1508 3595 1707 3679 iurgii
1753 3594 1991 3661 deoisio
2031 3590 2354 3679 pendebat
2395 3614 2480 3660 ex

544 3680 673 3747 Dei
717 3701 757 3746 a
801 3681 1196 3765 probatione,
1259 3680 1364 3746 vel
1407 3678 1687 3764 repulsa,
1748 3701 1946 3779 quum
1992 3700 2230 3746 munus
2273 3679 2355 3745 ab
2396 3679 2478 3745 il-

543 3765 626 3832 lis
682 3767 764 3832 ob
792 3775 975 3832 atum
1029 3767 1225 3846 foret,
1281 3785 1415 3831 non
1471 3762 1648 3830 aliud
1704 3764 1869 3830 m1hi
1919 3765 2180 3832 videtur
2220 3764 2479 3848 preeari

544 3870 739 3937 quam
799 3862 874 3917 ut
944 3872 1189 3917 munus
1254 3850 1573 3935 pollutum
1644 3850 1993 3917 reiieiendo
2058 3848 2478 3916 ambitionem

544 3958 770 4004 eorum
816 3936 978 4004 easti
1027 3948 1092 4002 et
1135 3937 1334 4003 Deus.
1416 3934 1629 4001 Simul
1674 3937 1873 4002 etiam
1916 3935 2204 4003 ostendit
2246 3947 2477 4002 votum

543 4044 741 4089 suum
798 4043 880 4089 ex
922 4023 969 4088 fi
1015 4023 1162 4087 uoia
1202 4020 1410 4088 bonae
1452 4021 1884 4088 conscientiae
1928 4022 2127 4102 nasei,
2172 4021 2330 4088 dum
2372 4042 2476 4088 eo-

545 4129 687 4174 ram
744 4109 888 4175 Deo
950 4107 1176 4174 testari
1237 4103 1433 4172 audet
1489 4127 1559 4172 se
1602 4107 1855 4173 nemini
1897 4107 2097 4174 fuisse
2139 4107 2476 4173 iniurium.

544 4192 730 4261 Haeo
796 4211 953 4260 vero
1023 4210 1284 4260 summa
1351 4191 1478 4257 fuit
1535 4192 1883 4277 integritas
1942 4200 2008 4259 et
2064 4191 2479 4275 abstinentia,

544 4299 748 4363 quum
804 4280 863 4344 ei
917 4278 1137 4343 omnia
1192 4277 1471 4361 populus
1516 4276 1816 4359 deberet,
1873 4299 1955 4344 ne
1998 4277 2170 4345 asini
2211 4278 2479 4363 quidem

544 4366 825 4448 pretium
870 4383 986 4447 pro
1031 4371 1128 4429 tot
1169 4361 1466 4428 laborum
1513 4362 1808 4430 mereede
1850 4364 2223 4450 sumpsisse.

1058 4700 1190 4767 EX
1231 4700 1562 4770 EODEM
1605 4703 1961 4771 OAPI'PE.

722 4871 821 4937 16.
871 4870 1094 4972 postea
1130 4874 1297 4940 dixit
1318 4874 1528 4941 Moses
1569 4874 1656 4941 ad
1681 4873 1914 4941 Gorah:
1956 4875 2055 4941 Ta
2093 4879 2147 4940 et
2188 4873 2485 4943 universa

544 4964 930 5044 eonyreyatoo
963 4962 1073 5025 tua
1115 4964 1291 5027 estote
1331 4980 1542 5061 eoram
1576 4960 1822 5061 lebona,
1863 4965 1932 5025 tu
1973 4966 2028 5026 et
2067 4960 2171 5025 illi
2211 4965 2267 5026 et
2306 4960 2484 5029 Aha-

536 5064 879 5231 ,ἒὲξαῖᾝ
934 5044 1448 5215 .{2⁷.÷·.{‘.1522¹35‚25
1492 5066 1936 5199 ρξἐἕέἕωῗῗιέ
1955 5053 2483 5232 aym&

545 5236 806 5297 quaeque
841 5237 1130 5283 acerram
1161 5237 1363 5295 suam,
1396 5219 1689 5318 ducentas
1722 5219 2176 5303 quinquaqinta
2209 5237 2481 5301 acerrae,

545 5305 613 5366 tu
647 5320 882 5385 quoque
914 5309 970 5369 et
992 5302 1272 5384 Aharon,
1315 5324 1580 5388 quasque
1619 5325 1902 5373 acerram
1942 5321 2145 5370 suam.
2215 5304 2314 5370 18.
2357 5306 2483 5373 Tn-

1943 413 2347 487 BEDI'I'US
2395 415 2523 482 AD
2567 417 3108 487 HISTORIAM.

4383 413 4519 483 220

2578 604 2779 706 {erunt
2818 606 3020 690 ὁρίων
3059 606 3322 689 quisque
3360 626 3648 673 aeerrant
3685 624 3901 683 maon,
3957 609 4016 670 et
4438 602 4514 669 in

2578 710 3029 845 mmm'
3075 713 3109 775 ²
3202 698 3728 857 ῑωηᾚῗῗεοηεέ,
3768 781 3836 876 ‚a
3876 694 4088 843 Μυῖα
4126 778 4184 843 α
4224 686 4512 872 Δια-,5.

2583 861 2685 929 19.
2726 860 3216 947 Gonqreqaverat
3255 867 3462 930 anatem
3501 866 3714 929 eontra
3753 880 3929 946 ῳεοε
3975 859 4180 929 Gor-ah
4193 910 4210 939 ,
4266 878 4515 925 mmer-

2578 968 2722 1015 eam
2776 949 3296 1032 oonyreyationem
3347 948 3437 1014 ad
3477 949 3704 1014 ostium
3741 946 4128 1014 tabernaculi
4168 945 4511 1011 ementio-

2579 1034 2720 1099 nie:
2781 1037 2839 1099 ά
2893 1033 3034 1100 visa
3087 1037 3177 1101 est
3220 1033 3428 1118 ρῖονὸα
3486 1032 3756 1101 ΙεΙιουαο
3812 1053 3856 1099 a
3916 1036 4044 1097 tota
4095 1029 4510 1097 multitudine.

2579 1118 2680 1186 20.
2746 1114 4512 1202 TuneloqtmtuseetIehooaadMooenetAbao-on,

2578 1204 2866 1272 dicendo.-
2948 1203 3053 1271 21.
3115 1201 4515 1287 8οραναέευοεοηωᾶὸοωνόαοοωε,ά

2576 1308 3079 1358 οοπειιηιαηοοοε
3131 1293 3444 1356 momento.
3530 1288 3635 1355 22.
3698 1288 3875 1356 Tune
3927 1287 4514 1368 oeeidmntsuper

2574 1374 2772 1458 faeie-3
2810 1394 2998 1455 enas,
3049 1394 3126 1445 ao
3164 1371 4004 1461 diaemntst1)Dm
4057 1372 4402 1456 ερὸνὸωωοιι
4441 1371 4514 1436 in

2579 1461 2882 1527 univorsa
2912 1480 3115 1540 earne,
3157 1480 3308 1526 num
3339 1480 3534 1543 qaum
3565 1460 3667 1526 vir
3696 1479 3867 1527 nnus
3893 1457 4258 1541 peccaverit,
4291 1461 4515 1523 eontra

2580 1544 3529 1613 totumooetnmooeoandesees?
3615 1544 3720 1612 23.
3780 1543 4107 1626 Leonam
4159 1546 4249 1610 est
4303 1546 4515 1609 andem

2585 1630 2819 1697 Iehova
2858 1631 2946 1697 ad
2987 1628 3241 1708 Mosen,
3296 1631 3582 1698 dicendo.-
3663 1629 3769 1697 24.
3812 1629 4147 1712 Alloquor-e
4186 1647 4516 1712 eonon-eoa-

2580 1718 2823 1794 tionem,
2856 1716 3146 1783 dicendo.-
3177 1714 3497 1783 Discedite
3530 1736 3563 1781 e
3596 1715 3868 1784 οίναιὸω
3886 1713 4275 1783 tabernacutis·
4298 1711 4513 1792 Come,

2581 1801 2844 1870 Dathan
2885 1806 2943 1866 et
2962 1801 3253 1868 Abiram.
3306 1801 3410 1868 25.
3456 1799 3751 1868 Surrexit
3789 1820 3933 1886 erqo
3975 1798 4206 1881 Moses,
4248 1803 4307 1866 et
4344 1796 4516 1864 vonit

2580 1888 2670 1954 ad
2708 1885 2972 1955 Dathan
3011 1893 3068 1954 et
3106 1886 3410 1955 Abiram:
3459 1891 3517 1953 et
3568 1887 3815 1970 sequenti
3860 1891 4010 1953 eunt
4061 1904 4204 1953 eum
4242 1884 4516 1953 seniores

2586 1972 2813 2039 Israel.
2915 1973 3019 2039 26.
3091 1973 3266 2039 Tunc
3327 1972 3617 2056 loquum
3679 1977 3771 2038 est
3836 1973 3924 2039 ad
3976 1971 4512 2056 oonyreyationem.

2581 2058 2828 2125 dicens.-
2864 2057 3149 2126 Reoedite
3186 2078 3352 2125 nuno
3391 2079 3436 2124 a
3841 2058 3855 2072 ”
3927 2057 4211 2124 virorum
4250 2056 4517 2123 istorum

2581 2140 4519 2227 mm,nequeadin9atisquidquameormnquaead

2584 2228 3096 2312 alospes‘tinent,
3159 2225 4519 2311 nefortepereatisinomnibuepeooatis

2584 2313 2858 2381 illormn.
2959 2313 3067 2380 27.
3132 2313 3223 2380 Et
3282 2319 3664 2383 rooesserunt
3731 2334 3774 2380 a
3835 2311 4226 2381 tabernaculo
4292 2310 4521 2379 Corae.-

2583 2398 2848 2467 Dathan
2885 2404 2943 2467 et
2984 2398 3284 2478 Abiram,
3333 2419 3366 2465 e
3406 2399 3679 2467 circuito.
3761 2397 4024 2465 Dathan
4076 2415 4220 2464 vero
4261 2400 4319 2465 et
4362 2395 4521 2462 Abs·-

2584 2504 2729 2549 ram
2770 2484 2999 2569 egressi
3037 2489 3213 2564 m,
3261 2491 3338 2551 a‘o
3377 2488 3671 2552 steterunt
3709 2483 3797 2551 ad
3838 2485 4066 2551 ostium
4105 2480 4523 2550 tabemaondo-

2585 2568 4521 2651 rumsnorum,etnxoroseormn,etfiliieonnn,etpar-

2586 2655 3001 2724 aulicorum.
3100 2654 3204 2722 28.
3264 2653 3952 2725 TunedioeitMoeee:
4015 2653 4523 2721 Inhoeeeietis

2584 2739 3438 2824 qaodlehovamiseritme,
3479 2737 4519 2824 tdfaoormomniaopoeahaeo,

2584 2827 3187 2978 523⁰&ssaeae
3194 2827 3677 2981 Wei-
3723 2824 3829 2977 ²0⁹5
3890 2824 4522 2977 &AEm'mm'
4307 2825 4522 2923 Μ’

3121 2959 3138 2990 2
3687 2961 3705 2991 2
3849 2932 3889 2977 θ

2583 2996 2902 3063 hominnm
2940 2996 3299 3065 visitabam
3338 3016 3530 3081 snper
3571 3016 3691 3076 eoa,
3735 3016 3860 3065 non
3891 2996 4078 3062 misit
4114 3015 4213 3063 me
4255 2993 4521 3063 lebona.-

2585 3082 2687 3149 30.
2737 3082 2858 3148 Sin
2897 3087 3104 3150 autem
3142 3083 3508 3151 creationem
3544 3082 3842 3149 creaverit
3876 3081 4125 3160 Iehooa,
4166 3086 4225 3148 et
4262 3099 4521 3163 apane-

2582 3168 2670 3233 rit
2699 3173 2871 3235 terra
2902 3188 2973 3235 os
3003 3188 3208 3249 sumn,
3244 3173 3302 3235 et
3332 3168 3720 3254 deylntiverit
3751 3186 3872 3244 eos,
3907 3171 4088 3250 atque
4118 3166 4330 3234 monia
4361 3185 4522 3249 quae

2591 3253 2842 3321 adiaos
2872 3254 3204 3337 pertinent,
3239 3259 3297 3320 et
3326 3253 3746 3322 desoenden’nt
3777 3253 4047 3319 viventes
4078 3253 4199 3318 ini
4269 3271 4520 3320 ornum·

2581 3338 4164 3424 tumeoqmsoetisquodirritaoermntvffiisti
4247 3336 4516 3405 chonans.

2582 3425 2686 3491 31.
2725 3423 4049 3510 Fuitiyiturquumoomummassetloqui
4087 3423 4521 3490 omniaoerba

2580 3513 2738 3590 ista,
2803 3512 2980 3594 rupit
3033 3530 3162 3578 sese
3215 3515 3388 3576 terra
3426 3530 3586 3593 quae
3625 3513 3761 3577 erat
3796 3508 3914 3575 sub
3955 3507 4121 3577 illis:
4203 3508 4306 3576 32.
4350 3509 4520 3592 Ape-

2581 3594 4522 3679 mitqmterroossuum‚eta092utiviteos,etdomoe

2584 3702 2816 3765 eornm,
2858 3688 3045 3765 atque
3085 3701 3293 3748 omnes
3336 3680 3614 3749 homines
3646 3680 3760 3763 qm·
3800 3685 3979 3747 erant
4016 3679 4150 3762 ipsi
4196 3678 4419 3758 Gorah,
4461 3684 4521 3746 d

2581 3787 2818 3834 omnem
2892 3766 3337 3834 mmmmm.-
3443 3766 3548 3833 33.
3626 3766 3862 3833 Deseen
4271 3767 4403 3849 ipsi
4462 3771 4525 3832 et

2582 3857 2867 3936 quotquot
2907 3853 2993 3920 ad
3034 3872 3134 3920 eos
3163 3851 3558 3934 pertinebant
3596 3851 3892 3928 υὸυαιωε,
3948 3852 4018 3916 in
4058 3850 4403 3933 inferum.-
4442 3869 4521 3919 ao

2581 3939 2825 4022 operuit
2864 3958 2965 4006 eos
3007 3943 3192 4019 terra,
3234 3937 3649 4019 aperierunt
3691 3957 3724 4002 e
3766 3935 3967 4003 medio
4007 3937 4516 4021 ommreyata'onis.

2584 4023 2687 4090 34.
2741 4023 3454 4091 ΟωπὸεαωέεωΙεναεῑ
3496 4022 4517 4105 quierantinoirmaaeoma,

2580 4110 2875 4194 fnyerunt
2903 4109 2993 4175 ad
3023 4109 3353 4176 clamorem
3382 4106 3948 4176 eomm:‘dioebant
3984 4108 4180 4174 em'm:
4225 4108 4326 4175 Ne
4361 4108 4524 4191 forte

2584 4195 2882 4281 deqlutiat
2920 4215 3032 4260 nos
3074 4199 3259 4261 terra.

2760 4366 2860 4432 16.
2921 4363 3147 4431 Postea
3187 4363 3354 4430 dixit
3396 4361 3608 4431 Moses
3647 4364 3737 4430 ad
3779 4362 3998 4431 Corah.
4084 4363 4238 4429 Non
4279 4365 4522 4450 eogitat

2584 4451 2804 4518 Moses
2846 4449 3208 4534 perieulum
3249 4449 3461 4517 faeere
3502 4450 3687 4533 quasi
3724 4448 3805 4517 de
3840 4470 3911 4517 re
3953 4447 4186 4517 dubia:
4228 4449 4342 4518 sed
4383 4451 4520 4536 spi-

2585 4538 2719 4603 ritu
2773 4535 3152 4620 prophetieo
3206 4536 3441 4602 eertior
3493 4535 3703 4602 faetus
3743 4534 3824 4603 de
3867 4536 4088 4602 futuro
4129 4544 4393 4614 eventu,
4435 4537 4523 4604 oi·

2587 4630 2686 4688 tat
2718 4622 2940 4688 Corah
2971 4619 3055 4687 ad
3092 4619 3220 4686 Dei
3262 4620 3571 4699 tribunal,
3615 4630 3691 4687 ut
3730 4641 3926 4705 quam
3961 4630 4248 4688 meretur
4289 4623 4524 4691 subeat

2590 4707 3026 4774 damnationis
3076 4707 3489 4773 sententiam.
3575 4705 3639 4772 N
3643 4727 3716 4774 eo
3773 4726 3930 4773 vero
3983 4706 4199 4790 ipsum
4242 4708 4521 4775 oireum·

2587 4795 2801 4874 venit,
2861 4801 2934 4858 ut
2981 4793 3322 4859 incautum
3365 4793 3716 4877 opprimat:
3780 4791 3896 4859 sed
3938 4791 4155 4875 potius
4196 4795 4522 4879 eorrigere

2588 4878 2801 4945 adhue
2841 4878 3063 4945 studet
3105 4877 3244 4945 eius
3286 4878 3629 4958 insaniam,
3673 4878 3730 4942 si
3774 4876 3967 4944 modo
3998 4878 4228 4945 fuisset
4268 4878 4523 4947 sanabi-

2587 4965 2686 5031 lis.
2775 4963 2980 5031 Saoer
3036 4964 3212 5030 enim
3253 4964 3515 5031 suffitus
3561 4963 3835 5029 debebat
3874 4970 4190 5044 terrorem
4233 4965 4522 5044 iniicere,

2588 5071 2672 5117 ne
2735 5055 2981 5115 temere
3045 5049 3192 5133 plus
3247 5070 3442 5133 quam
3499 5050 3598 5114 fas
3652 5056 3796 5117 erat
3838 5047 4183 5130 tentando,
4246 5052 4524 5119 exitium

2761 5325 2817 5394 1)
2853 5324 2925 5378 In
2960 5324 3238 5394 mat-qino.-
3274 5322 3399 5390 Vel,
3433 5320 3606 5376 fortis.
