5017 6142
568 456 698 525 263

570 642 1023 713 resistendum
1066 643 1202 709 fore
1246 639 1530 706 duxerit.
1576 638 1725 722 Quo
1770 639 2017 708 factum
2063 649 2180 721 est,
2221 647 2301 707 ut
2341 639 2531 705 illus-

577 732 746 798 trior
802 729 1087 814 fulgeret
1129 727 1257 793 Dei
1314 727 1546 811 gratia.
1650 726 1742 791 Et
1784 734 1960 793 certe
2002 735 2079 793 ut
2121 728 2261 793 eius
2304 725 2535 809 ampli·

579 817 877 884 tudinem
924 814 1136 899 magis
1187 813 1475 878 illustret
1516 811 1766 891 Moses,
1824 820 2054 896 postea
2096 813 2296 878 etiam
2340 832 2530 878 sexa-

579 903 769 990 ginta
809 901 1006 967 urbes
1044 908 1267 984 captas
1310 898 1510 963 fuisse
1553 906 2039 965 commemorat.

757 987 859 1053 34.
933 986 1108 1052 Tunc
1162 984 1331 1051 dixit
1395 982 1626 1049 Iehova
1689 983 1775 1049 ad
1832 982 2070 1050 Mosen.
2159 981 2384 1048 Primo
2448 982 2534 1047 ad

582 1073 892 1140 fiduciam
972 1071 1277 1137 hortatur
1343 1070 1523 1135 Deus
1599 1070 1910 1154 populum
1992 1087 2214 1135 suum:
2297 1066 2533 1133 deinde

579 1159 763 1226 iubet
818 1167 949 1224 tam
998 1156 1295 1222 homines
1337 1176 1529 1238 quam
1576 1155 1769 1222 urbes
1813 1164 1879 1221 et
1924 1176 2123 1239 pagos
2168 1153 2366 1219 deleri
2387 1204 2404 1233 ,
2456 1161 2535 1219 ut

584 1244 755 1313 nihil
831 1252 1092 1309 maneat
1169 1240 1535 1322 residuum,
1612 1250 1883 1322 excepta
1947 1240 2209 1325 praeda.
2298 1239 2534 1305 Mosen

584 1330 847 1416 quidem
891 1328 1097 1395 solum
1143 1326 1510 1412 compellat,
1556 1325 1668 1392 sed
1714 1325 1796 1391 ad
1841 1346 2068 1392 omnes
2113 1345 2329 1392 sermo
2374 1323 2534 1389 diri-

582 1418 798 1503 gitur:
862 1415 1017 1498 quia
1069 1413 1319 1492 Moses,
1383 1433 1503 1495 per
1558 1434 1628 1478 se
1687 1412 1928 1495 alioqui
1987 1412 2149 1478 satis
2205 1420 2533 1490 strenuus,

585 1523 718 1569 non
806 1508 940 1566 tam
1032 1519 1196 1582 opus
1284 1496 1563 1563 habebat
1648 1498 1934 1564 stimulis
2011 1518 2205 1582 quam
2278 1497 2533 1580 reliqui.

585 1587 978 1670 Quanquam
1036 1584 1224 1651 Deus
1282 1585 1351 1648 in
1408 1584 1699 1649 futurum
1759 1604 2011 1667 quoque
2067 1594 2325 1668 tempus
2383 1604 2535 1667 pro·

586 1672 838 1755 spexit,
896 1692 981 1736 ne
1025 1669 1253 1754 populi
1295 1668 1772 1754 ingratitudine
1826 1670 2073 1753 periret
2126 1669 2535 1735 beneficium.

584 1758 948 1825 Victoriam
1017 1776 1173 1841 ergo
1232 1754 1623 1840 promittens
1686 1755 1946 1820 laudem
2015 1755 2138 1820 sibi
2203 1762 2535 1839 acceptam

585 1844 820 1910 referri
888 1843 1116 1909 voluit.
1218 1842 1426 1907 Porro
1490 1847 1646 1906 ante
1711 1839 2023 1906 admonui
2087 1862 2207 1908 cur
2271 1840 2538 1906 iusserit

585 1929 783 1995 urbes
828 1928 1141 2005 exscindi,
1186 1936 1254 1992 et
1286 1926 1586 1991 funditus
1631 1927 1836 1992 everti
1881 1947 2110 1992 omnes
2155 1924 2405 1991 domos:
2453 1946 2536 1991 ne

584 2014 834 2083 scilicet
875 2012 1213 2079 habitandi
1258 2012 1680 2079 commoditas
1723 2013 2035 2095 populum
2081 2010 2163 2077 ad
2205 2019 2536 2095 torporem

584 2099 958 2176 induceret,
1025 2119 1226 2182 quum
1286 2097 1367 2163 ad
1427 2098 1710 2180 quietem
1771 2099 2155 2181 promissam
2220 2098 2535 2163 festinan-

586 2184 746 2251 dum
828 2193 1018 2251 esset.
1105 2184 1276 2249 Nam
1342 2186 1451 2267 qui
1520 2186 1588 2248 in
1670 2183 1927 2249 deserto
2000 2184 2208 2268 parati
2275 2184 2539 2249 fuerant

584 2278 775 2356 terga
833 2271 1020 2349 dare,
1087 2281 1153 2335 et
1214 2281 1389 2335 retro
1454 2270 1633 2335 abire
1698 2269 1767 2334 in
1829 2273 2237 2356 Aegyptum,
2303 2270 2538 2352 cupide

586 2355 876 2440 amplexi
932 2354 1210 2422 fuissent
1265 2366 1508 2422 terram
1552 2354 1867 2436 fertilem,
1924 2366 1991 2421 et
2054 2356 2123 2419 in
2171 2353 2282 2420 illo
2327 2355 2538 2420 delec-

586 2442 775 2509 tabili
813 2441 965 2507 nido
1001 2441 1461 2508 substitissent.
1521 2442 1701 2525 Ergo
1745 2443 1882 2507 eius
1924 2442 2231 2507 vastitate
2263 2439 2540 2526 cogendi

583 2527 858 2594 fuerunt
912 2526 993 2593 ad
1048 2526 1490 2611 migrandum.
1577 2527 1806 2593 Tribui
1865 2527 2128 2610 quidem
2174 2525 2409 2592 Ruben
2471 2536 2540 2591 et

589 2611 776 2692 Gad,
841 2622 909 2678 et
962 2610 1269 2677 dimidiae
1329 2613 1529 2678 tribui
1590 2614 1898 2679 Manasse
1957 2622 2177 2697 postea
2234 2631 2540 2678 concessa

588 2696 713 2763 fuit
769 2698 911 2763 eius
969 2698 1319 2781 possessio:
1377 2699 1489 2764 sed
1536 2719 1613 2764 ea
1657 2698 1832 2782 lege,
1887 2708 1962 2764 ut
2021 2697 2362 2784 pecoribus
2406 2698 2540 2764 illic

587 2783 833 2850 relictis
853 2835 870 2863 ,
913 2782 1231 2849 fratribus
1274 2784 1412 2851 suis
1459 2784 1727 2850 comites
1773 2792 1991 2850 essent
2034 2783 2115 2849 ad
2177 2791 2378 2849 totam
2426 2805 2541 2849 ex-

590 2867 1006 3022 poefilitionem,
1052 2889 1170 2935 nec
1213 2889 1323 2934 eos
1368 2868 1754 2936 desererent·
1786 2870 1913 2936 nisi
1957 2868 2188 2936 deletis
2231 2869 2543 2954 gentibus

702 2975 938 3020 anaan.

763 3041 962 3108 Dent.
998 3040 1060 3118 3,
1095 3040 1157 3107 4.
1197 3039 1489 3123 Cepimus
1521 3060 1759 3124 quoque
1789 3040 1991 3106 urbas.
2050 3040 2182 3106 Hic
2224 3041 2544 3123 prolixius

591 3138 890 3193 recenset
931 3125 1104 3210 quod
1149 3127 1439 3192 breviter
1473 3128 1544 3191 in
1587 3126 1653 3191 N
1654 3126 1902 3192 umeris
1945 3126 2273 3211 attigerat.
2364 3125 2546 3193 Dicit

592 3213 935 3296 sexaginta
984 3211 1181 3277 urbes
1240 3213 1405 3278 bene
1446 3213 1739 3277 munit-as
1785 3218 2050 3295 praet-'er
2093 3231 2297 3312 pagos
2339 3211 2544 3278 fuisse

592 3311 837 3381 captas.
922 3297 1118 3365 Unde
1173 3310 1241 3363 et
1299 3298 1584 3382 regionis
1637 3298 1999 3382 amplitudo
2055 3297 2418 3383 colhgitur,
2478 3308 2545 3364 et

592 3384 951 3468 singularis
1006 3384 1130 3449 Dei
1196 3384 1489 3468 potentia
1552 3384 1620 3448 in
1688 3382 1956 3450 ferendo
2021 3384 2299 3468 auxilio,
2368 3383 2545 3468 quod

594 3468 835 3553 exiguo
891 3478 1186 3553 tempore
1239 3478 1338 3535 tot
1392 3469 1586 3536 urbes
1644 3469 1847 3553 probe
1887 3468 2140 3536 clausas
2183 3481 2251 3535 et
2293 3469 2545 3536 cinctas

592 3555 745 3620 altis
802 3557 1008 3620 muris
1066 3555 1384 3638 ceperint:
1446 3577 1520 3621 ac
1564 3556 1618 3621 si
1666 3567 1908 3621 terram
1968 3564 2269 3640 pacatam
2327 3557 2544 3622 securi

595 3650 661 3705 et
739 3640 1043 3706 omnibus
1116 3642 1399 3727 negotiis
1480 3641 1673 3706 soluti
1754 3643 2132 3707 lustrarent.
2224 3646 2281 3706 A
2350 3664 2542 3708 versu

594 3737 827 3791 octavo
872 3726 1267 3792 coniunctim
1313 3728 1549 3811 repetit
1590 3726 1760 3810 quod
1808 3748 2099 3793 seorsum
2150 3737 2545 3793 narraverat

596 3810 677 3876 de
757 3810 1008 3878 duobus
1083 3815 1322 3898 regnis.
1410 3814 1502 3879 Et
1575 3833 1702 3897 quo
1782 3814 2021 3879 certior
2101 3814 2189 3878 sit
2253 3813 2544 3880 locorum

595 3897 857 3978 notitia,
924 3899 1155 3963 inserit
1218 3899 1344 3964 alia
1402 3898 1531 3964 duo
1596 3899 1862 3963 nomina
1925 3899 2169 3964 montis
2226 3899 2545 3980 Hermon,

601 3983 760 4049 dicit
794 3985 970 4049 enim
1007 4006 1046 4050 a
1085 3982 1373 4050 Sidoniis
1410 3986 1630 4050 vocari
1677 3984 1930 4061 Sirion,
1975 3984 2056 4049 ab
2114 3985 2544 4051 Emorrhaeis

602 4089 759 4134 vero
820 4070 1035 4135 Senir.
1126 4069 1416 4136 Tandem
1484 4070 1780 4137 subiicit:
1854 4069 1963 4155 Og
2028 4090 2250 4153 regem
2319 4070 2544 4136 Basan

598 4156 932 4239 gigantem
993 4157 1222 4236 fuisse,
1275 4165 1342 4221 et
1400 4177 1599 4222 unum
1662 4166 1821 4221 tunc
1868 4155 2066 4221 fuisse
2111 4176 2193 4220 ex
2236 4154 2351 4221 illa
2393 4176 2546 4240 pro-

598 4240 791 4325 genie
867 4241 1225 4308 residuum.
1316 4243 1816 4308 Monumentum
1885 4261 2192 4326 procerae
2256 4250 2547 4308 staturae

597 4325 901 4478 {goducit
943 4328 1222 4393 ferreum
1269 4328 1408 4394 eius
1452 4328 1717 4409 lectum,
1762 4328 1948 4393 cuius
1992 4327 2331 4412 longitudo
2362 4338 2546 4412 pate-

684 4420 711 4476 t
749 4433 957 4497 usqne
1001 4414 1083 4479 ad
1129 4434 1365 4479 novem
1409 4414 1679 4492 cubitos,
1726 4413 2083 4480 secundum
2130 4434 2545 4480 communem

599 4499 739 4565 eius
797 4498 1110 4583 temporis
1155 4520 1546 4566 mensuram.
1636 4500 1784 4565 Hac
1829 4520 1989 4566 vero
2049 4498 2547 4567 circumstantia

596 4586 836 4649 iterum
884 4586 1300 4651 commendat
1341 4587 1691 4651 mirificum
1737 4585 1863 4651 Dei
1908 4585 2245 4662 auxilium,
2291 4587 2461 4669 quod
2507 4609 2549 4652 a

595 4670 751 4735 filiis
784 4670 991 4736 Israel
1028 4680 1393 4754 prostratus
1430 4671 1629 4736 fuerit
1671 4671 1779 4754 qui
1815 4672 1995 4737 solus
2039 4692 2160 4737 sua
2203 4672 2548 4738 altitudine

596 4765 850 4821 terrere
927 4765 1135 4822 totum
1219 4756 1578 4823 exercitum
1662 4765 1937 4840 poterat.
2026 4757 2232 4822 Porro
2304 4766 2549 4841 quanta

596 4841 799 4907 fuerit
871 4843 1214 4928 gigantum
1293 4844 1654 4925 proceritas
1718 4853 1990 4925 apparet
2052 4864 2135 4908 ex
2201 4842 2324 4910 hoc
2389 4844 2546 4910 loco.

596 4926 856 4994 Orestis
899 4948 1154 5011 corpus,
1199 4928 1378 4993 iussu
1423 4927 1666 4992 oraculi
1713 4927 2036 5007 effossum,
2081 4938 2332 5011 septem
2373 4929 2550 4995 cubi·

600 5022 700 5080 tos
743 5014 1012 5099 longum
1042 5014 1257 5079 ¹fuisse
1300 5013 1504 5077 tradit
1548 5012 1957 5080 Herodotus:
2018 5015 2274 5081 Plinius
2322 5036 2549 5099 quam-

600 5098 701 5164 vis
745 5109 1038 5165 autorem
1086 5120 1218 5165 non
1262 5100 1447 5174 citet,
1506 5097 1855 5165 subscribit
1896 5108 2119 5165 tamen
2163 5100 2305 5168 eius
2364 5101 2550 5166 testi·

600 5185 852 5250 monio:
914 5184 1171 5251 Gellius
1229 5182 1625 5249 fabulosum.
1658 5206 1799 5251 esse
1843 5193 2063 5268 putat,
2122 5185 2314 5253 sicuti
2373 5185 2549 5270 quod

599 5270 929 5336 Homerus
965 5270 1191 5336 scribit
1224 5272 1538 5353 temporis
1581 5291 1929 5355 progressu
1965 5272 2171 5336 minui
2210 5270 2550 5337 hominum

596 5376 897 5440 corpora:
958 5355 1068 5421 sed
1129 5355 1388 5440 publico
1446 5355 1583 5423 fere
1635 5357 1931 5422 omnium
1988 5378 2308 5424 consensu
2368 5378 2551 5423 coar-

1977 451 2334 521 REDI‘EU
2334 450 2388 518 S
2430 451 2560 518 AD
2603 449 3150 519 HISTORIAM.

4446 447 4578 516 264

2633 641 2860 724 guitur
2916 640 3055 705 eius
3112 638 3393 705 inscitia.
3478 636 3871 704 Incredibile
3929 637 4188 722 quidem
4249 645 4351 704 est
4406 639 4576 723 quod

2633 726 2896 792 Plinius
2937 725 3079 809 ipse
3121 733 3616 805 commemorat,
3658 725 3726 789 in
3764 723 3960 789 Creta
4007 724 4335 790 detectum
4378 725 4579 792 fuisse

2634 809 2912 879 cadaver
2980 820 3197 877 terrae
3261 811 3447 877 hiatu
3513 809 3947 895 quadraginta
4009 832 4124 875 sex
4189 808 4576 891 cubitorum,

2677 897 2806 963 uod
2883 898 2992 963 alii
3059 894 3357 976 Orionis,
3438 896 3551 963 alii
3625 896 3883 961 Etionis
3962 896 4163 961 fuisse
4237 904 4577 980 putarunt.

2704 1004 2885 1048 erum
2919 984 2988 1048 si
3032 985 3329 1067 gigantes
3372 983 3573 1048 fuisse
3616 982 3944 1048 credimus
4000 981 4199 1069 (quod
4254 1003 4387 1047 non
4430 994 4577 1049 tan-

2638 1076 2779 1135 tum
2847 1069 3047 1134 sacris
3111 1068 3388 1134 oraculis
3464 1076 3774 1133 testatum
3842 1076 3971 1145 est,
4050 1066 4163 1132 sed
4231 1068 4427 1133 etiam
4497 1071 4581 1136 ab

2637 1154 2941 1220 omnibus
3001 1154 3138 1219 fere
3195 1154 3476 1219 vetustis
3532 1154 3955 1237 scriptoribus
4012 1152 4368 1240 proditum)
4414 1156 4582 1222 nihil

2637 1241 2877 1305 mirum
2924 1248 3026 1305 est
3068 1241 3120 1305 si
3167 1246 3309 1305 octo
3352 1240 3603 1306 cubitos
3652 1239 4104 1324 magnitudine
4162 1243 4577 1310 excesserint.

2638 1326 2848 1391 Porro
2877 1326 3180 1409 quamvis
3224 1335 3436 1391 aetate
3459 1326 3667 1392 Mosis
3710 1324 4039 1409 exstingui
4069 1326 4317 1409 ceperit
4350 1328 4580 1412 gigan-

2640 1417 2780 1477 tum
2824 1412 3093 1490 soboles,
3141 1411 3287 1477 aliis
3333 1422 3550 1477 tamen
3597 1412 3874 1476 saeculis
3916 1420 4144 1495 postea
4186 1416 4584 1480 exstiterunt

2638 1497 2749 1581 qui
2808 1497 2889 1562 ad
2947 1506 3235 1562 veterem
3295 1497 3476 1562 illam
3530 1507 3850 1563 staturam
3909 1497 4325 1564 accederent:
4380 1501 4582 1582 velut,

2638 1584 2759 1649 sub
2804 1585 3106 1668 Augusto
3151 1593 3217 1648 et
3261 1581 3539 1650 Claudio
3584 1604 3758 1649 unus
3792 1583 4052 1649 circiter
4099 1583 4320 1649 decem
4368 1584 4584 1668 pedes,

2639 1668 2805 1733 alter
2849 1690 3086 1734 novem
3133 1677 3201 1734 et
3244 1668 3517 1734 totidem
3561 1670 3791 1737 uncias
3832 1670 4072 1754 longus
4116 1669 4262 1734 fuit.
4350 1671 4585 1758 Itaque

2639 1774 2769 1819 non
2812 1753 2988 1820 aliud
3032 1755 3343 1841 intelligit
3386 1754 3605 1821 Moses
3647 1775 3842 1840 qnam
3888 1755 4052 1820 illud
4099 1771 4587 1825 monstruosum

2639 1838 2981 1906 hominum
3107 1863 3269 1908 enus
3349 1841 3659 1924 paulatim
3744 1840 3949 1908 fuisse
4021 1851 4431 1924 emortuum,
4511 1853 4588 1911 ut

2640 1926 2998 2075 procfritas
3054 1863 3164 2012 ὃς
3228 1928 3401 2012 regis
3458 1927 3679 1993 Basan
3749 1928 4083 2013 singulare
4149 1929 4346 1994 fuerit
4403 1952 4587 2015 spec-

2640 2022 2788 2079 tacu
2818 2033 2950 2078 um.

3177 2353 3529 2421 NUMER.
3571 2353 3770 2422 OAP.
3815 2352 4049 2421 XXII.

2816 2526 2873 2590 1.
2943 2524 3102 2591 Inde
3132 2525 3406 2608 profecti
3446 2530 3596 2591 suut
3631 2525 3761 2609 filii
3806 2525 4028 2608 Israel,
4073 2531 4129 2592 et
4169 2533 4593 2598 castrametati

2643 2615 2789 2677 sunt
2843 2612 2913 2676 in
2962 2611 3411 2693 campestribus
3452 2610 3644 2677 Moab
3703 2616 3883 2678 trans
3944 2612 4282 2680 Iordanem
4324 2614 4591 2683 Iericho.

2644 2697 2704 2763 2.
2779 2697 2982 2779 Quum
3015 2701 3221 2762 autem
3260 2697 3518 2763 vidisset
3559 2697 3764 2765 Balac
3799 2698 3977 2780 filius
4015 2698 4247 2781 Sippar
4286 2721 4591 2783 quaeeun-

2644 2804 2763 2867 que
2782 2783 3009 2866 fecerat
3031 2784 3243 2848 Israel
3273 2782 3682 2850 Emorrhaeo:
3743 2782 3802 2848 3.
3845 2784 4090 2851 Timuit
4117 2784 4308 2852 Moab
4334 2795 4594 2872 propter

2633 2869 2945 2954 populum
2985 2868 3181 2948 valde,
3216 2869 3379 2951 quod
3411 2868 3644 2935 multus
3670 2876 3821 2935 esset
3834 2894 3854 2934 .-
3894 2875 3952 2935 et
3983 2873 4216 2936 anxius
4244 2875 4370 2954 fuit
4402 2873 4594 2942 Moab

2633 2959 2893 3039 propter
2928 2954 3096 3037 filios
3139 2955 3370 3021 Israel.
3438 2954 3498 3020 4.
3555 2954 3754 3021 Dixit
3792 2956 3986 3039 iyitur
4029 2956 4220 3023 Moab
4264 2961 4350 3026 ad
4389 2964 4591 3028 senio·

2647 3062 2749 3107 res
2813 3039 3122 3106 Madian.-
3202 3040 3390 3106 Nunc
3451 3039 3674 3106 lambet
3735 3042 4119 3126 conyreqatio
4181 3042 4331 3110 haec
4386 3067 4594 3113 omnes

2646 3128 2946 3193 circuitus
2999 3131 3240 3192 nostros
3256 3178 3270 3203 ,
3337 3127 3854 3209 quemadmodum
3910 3127 4127 3194 lambit
4180 3128 4286 3196 bos
4332 3153 4594 3215 ⁴oramen

2646 3214 2808 3297 ayri.
2902 3212 3103 3278 Porro
3147 3211 3354 3278 Balac
3381 3213 3561 3294 filius
3596 3211 3831 3293 Sippar
3877 3219 4012 3279 erat
4050 3234 4166 3279 rex
4208 3215 4402 3283 Moab
4442 3223 4592 3285 tem-

2636 3318 2794 3379 pore
2835 3298 2961 3364 2110.
3051 3296 3111 3363 5.
3180 3296 3370 3364 Misit
3414 3299 3613 3383 iyitur
3666 3298 3893 3381 leqatos
3932 3301 4019 3366 ad
4059 3299 4347 3368 Balaam
4383 3304 4593 3386 filium

2650 3383 2818 3450 Beor
2859 3385 2931 3450 iu
2989 3382 3248 3461 Pethor,
3310 3405 3471 3466 quae
3512 3388 3650 3450 erat
3688 3385 3874 3451 iuxta
3923 3386 4156 3465 flumen
4195 3392 4398 3455 terrae
4433 3390 4595 3473 filio-

2647 3489 2790 3535 rum
2819 3469 3047 3552 populi
3087 3470 3210 3547 sui,
3255 3475 3325 3535 ut
3364 3473 3604 3535 vocaret
3646 3490 3802 3549 eum,
3844 3471 4133 3538 diceudo:
4176 3473 4284 3539 En
4312 3477 4594 3558 populus

2648 3575 2929 3639 opressus
2964 3561 3054 3621 est
3081 3575 3159 3620 ex
3185 3557 3476 3640 Aeyypto,
3514 3575 3657 3636 eece,
3695 3557 3938 3639 operuit
3966 3560 4353 3641 superficiem
4375 3567 4593 3642 terrae,

2647 3647 2705 3707 et
2765 3640 3004 3706 habitat
3064 3645 3274 3708 contra
3336 3662 3449 3706 me.
3539 3641 3598 3706 6.
3663 3642 3849 3707 Nunc
3910 3663 4054 3727 erqo
4093 3647 4265 3726 veni,
4336 3645 4591 3730 obsecro,

2646 3726 2908 3793 maledic
2939 3726 3099 3793 mihi
3118 3727 3426 3809 populum
3467 3725 3646 3807 hunc,
3691 3728 3842 3810 quia
3874 3727 4098 3811 fortior
4138 3750 4234 3796 me
4275 3737 4397 3797 est.-
4433 3733 4596 3816 forte

2638 3819 2880 3897 potero,
2926 3818 2984 3878 et
3011 3814 3366 3895 percutiam
3399 3832 3567 3891 euin,
3617 3813 4036 3897 exponamque
4077 3836 4110 3882 e
4149 3821 4337 3883 terra.
4428 3819 4593 3885 Novi

2648 3901 2812 3965 euim
2854 3900 3020 3982 quod
3060 3899 3166 3964 oui
3203 3898 3588 3964 benedixeris
3629 3897 3975 3965 benedictus
4015 3904 4150 3983 erit,
4185 3907 4243 3968 et
4274 3905 4378 3969 oui
4410 3906 4597 3972 male-

2646 3985 2893 4052 dioeeiis
2931 3984 3296 4051 maledictus
3335 3985 3468 4050 erit.
3537 3984 3592 4049 7.
3655 3983 3924 4066 Profecti
3963 4007 4106 4071 erqo
4141 3994 4289 4054 sunt
4326 3992 4596 4058 seniores

2650 4070 2945 4151 Madian,
2971 4076 3027 4135 et
3052 4071 3462 4137 divinationes
3493 4071 3567 4135 in
3599 4090 3795 4136 manu
3828 4093 4073 4138 eorum.-
4105 4078 4162 4140 et
4181 4083 4599 4157 pervenerunt

2651 4157 2738 4224 ad
2792 4156 3105 4233 Balaam,
3165 4161 3224 4222 et
3262 4155 3606 4221 retulerunt
3658 4158 3718 4222 ei
3771 4158 3956 4224 verba
4013 4157 4236 4227 Balac.
4348 4163 4407 4229 8.
4477 4159 4599 4229 Ille

2648 4262 2792 4309 vero
2837 4242 3005 4308 dixit
3060 4244 3184 4308 eis.-
3237 4241 3595 4308 Pernoctate
3648 4242 3749 4308 liic
3801 4249 3965 4310 noete
4013 4246 4170 4328 ista,
4231 4252 4288 4313 et
4333 4249 4596 4316 reddam

2648 4329 2822 4395 vobis
2875 4347 3270 4411 responsum,
3329 4327 3842 4410 quemadmodum
3900 4331 4179 4413 loquetur
4237 4331 4466 4399 Iehova
4512 4334 4597 4401 ad

2649 4435 2778 4479 me:
2857 4412 3350 4495 Manseruntque
3411 4414 3741 4495 principes
3816 4415 4010 4481 Moab
4076 4437 4218 4482 oum
4293 4419 4589 4486 Balaam.

2652 4500 2710 4566 9.
2778 4498 2864 4565 Et
2915 4500 3078 4564 venit
3131 4498 3312 4565 Deus
3378 4499 3465 4565 ad
3515 4499 3824 4580 Balaam,
3882 4523 3958 4568 ac
4013 4503 4209 4569 dixit:
4275 4505 4398 4587 Qui
4453 4510 4596 4572 sunt

2651 4587 2781 4652 viri
2830 4585 2941 4651 isti
2986 4586 3100 4667 qui
3139 4589 3289 4650 sunt
3347 4584 3523 4665 apud
3585 4585 3686 4651 te?
3767 4586 3866 4653 10.
3926 4587 4274 4671 Respondit
4314 4590 4592 4658 Balaam

2653 4671 2818 4750 Deo,
2887 4670 3095 4736 Balac
3152 4670 3329 4752 filius
3394 4668 3625 4753 Sippar
3687 4692 3798 4737 rex
3860 4673 4051 4741 Moab
4110 4676 4285 4741 misit
4337 4677 4424 4743 ad
4472 4698 4592 4743 me.-

2655 4757 2755 4822 11.
2802 4756 2910 4823 Eu
2960 4757 3247 4840 populus
3307 4757 3424 4821 iste
3485 4758 3597 4838 qui
3663 4777 3947 4841 eyressus
4008 4764 4100 4826 est
4178 4782 4254 4826 ez·
4316 4763 4589 4847 Aeyypto

2652 4845 2892 4925 operuit
2950 4843 3336 4926 superficiem
3391 4848 3621 4908 terrae:
3682 4863 3845 4913 nuno
3899 4866 4040 4931 erqo
4103 4849 4271 4926 veni,
4334 4850 4596 4916 maledic

2652 4929 2811 4993 mihi
2850 4928 2986 4994 illi.-
3023 4929 3183 5012 forte
3215 4934 3436 5012 potero
3465 4949 3759 5013 puqnare
3789 4952 3928 4998 oum
3958 4952 4025 4998 eo
4047 4938 4103 4998 et
4120 4932 4416 5015 expellere
4434 4955 4587 5001 eum.

2655 5015 2755 5080 12.
2814 5013 2903 5078 Et
2964 5014 3130 5081 dixit
3184 5014 3364 5081 Deus
3425 5015 3514 5082 ad
3564 5014 3879 5083 Balaam.-
3947 5018 4047 5083 Ne
4103 5039 4213 5084 eas
4252 5039 4395 5085 oum
4445 5020 4589 5102 illis,

2651 5122 2847 5183 neque
2877 5101 3217 5167 maledicas
3252 5101 3495 5184 populo
3540 5103 3656 5185 qui
3698 5101 4046 5170 benedictus
4084 5108 4190 5170 est.
4281 5104 4381 5171 13.
4444 5106 4591 5172 Sur-

2651 5189 2816 5252 rexit
2869 5188 3079 5269 itaque
3142 5187 3422 5254 Balaam
3485 5208 3694 5267 mane,
3771 5194 3828 5255 et
3890 5191 4059 5256 dixit
4134 5190 4221 5256 ad
4269 5193 4593 5274 principes

2653 5272 2863 5338 Balao
2877 5298 2897 5339 :
2958 5273 3369 5340 Revertimini
3425 5275 3512 5341 ad
3552 5279 3786 5341 terram
3828 5281 4129 5343 vestram.-
4181 5277 4335 5358 quia
4395 5279 4594 5343 renuit

2655 5357 2884 5426 Iebova
2958 5360 3275 5426 concedere
3349 5359 3534 5440 mihi,
3599 5365 3667 5424 ut
3727 5380 3863 5426 eam
3926 5362 4247 5429 vobiscum.
4341 5363 4441 5430 14.
4509 5361 4594 5428 Et
