5017 6142
453 433 580 501 529

450 621 684 688 inscite
729 639 799 685 se
845 626 1151 704 torquent
1196 620 1510 700 nonnulli,
1555 620 1871 704 quomodo
1906 630 2169 706 neptem
2218 641 2400 688 suam

453 705 772 773 Othoniel
817 705 1081 772 duxerit
1122 725 1430 772 uxorem:
1476 708 1629 791 quia
1662 707 1802 795 ‚iam
1850 708 1981 773 tale
2026 708 2403 793 coniugium

449 791 596 877 lege
639 791 1043 875 prohibitum
1106 792 1337 858 fuerat.
1426 793 1629 877 Atqui
1685 793 1988 878 colligere
2030 803 2402 877 promptum

451 890 552 945 est
595 900 727 944 non
763 889 1071 961 patruum
1117 878 1335 956 fuisse,
1382 878 1494 944 sed
1542 889 1794 945 tantum
1842 879 2221 962 patruelem.
2269 880 2404 944 Ve-

448 985 601 1031 rum
667 965 773 1030 hic
840 964 1176 1047 quaerit-ur
1241 963 1557 1048 quomodo
1625 964 1705 1031 de
1781 964 1918 1030 filia
1981 985 2099 1031 sua
2164 964 2402 1049 pacisci

452 1072 651 1117 ausus
695 1049 894 1115 fuerit
937 1050 1161 1129 Caleb,
1213 1048 1420 1117 donec
1463 1049 1706 1118 certior
1749 1050 1831 1116 de
1875 1051 2016 1118 eius
2062 1049 2402 1118 voluntate

449 1136 662 1203 factus
705 1143 895 1202 esset.
968 1134 1361 1219 Quanquam
1408 1136 1584 1201 enim
1629 1145 1977 1220 parentum
2024 1157 2266 1202 munus
2303 1144 2402 1203 est

448 1222 625 1289 filias
669 1241 819 1288 suas
864 1221 1145 1288 elocare:
1208 1242 1343 1288 non
1408 1232 1626 1287 tamen
1675 1222 1806 1288 illis
1848 1222 2253 1306 permittitur
2298 1230 2402 1307 ty-

449 1309 794 1374 rannicum
860 1307 1211 1392 imperium
1236 1359 1252 1389 ,
1319 1317 1393 1372 ut
1458 1329 1569 1374 eas
1625 1308 2025 1374 inconsultas
2093 1307 2401 1374 addicant

448 1393 966 1478 quibuscumque
1012 1394 1224 1459 visum
1267 1392 1468 1458 fuerit
1510 1395 1783 1460 maritis.
1828 1394 2000 1460 Nam
2041 1414 2242 1477 quum
2290 1415 2402 1459 vo·

449 1480 719 1546 luntarii
761 1500 902 1545 esse
945 1479 1225 1546 debeant
1259 1499 1485 1545 omnes
1520 1490 1922 1546 contractus:
1968 1481 2038 1545 in
2082 1480 2271 1547 coniu
2325 1479 2402 1544 'is

450 1566 741 1632 maxime
783 1565 1010 1650 vigere
1056 1564 1249 1632 debet
1284 1564 1566 1645 libertas,
1615 1587 1697 1632 ne
1732 1565 1876 1649 quis
1911 1564 2164 1633 invitus
2205 1566 2247 1631 fi
2296 1585 2400 1629 em

448 1672 638 1719 suam
681 1651 1064 1737 obstringat.
1120 1650 1370 1716 Verum
1418 1651 1736 1734 probabili
1779 1652 2034 1718 ratione
2081 1650 2401 1717 adductus

447 1738 576 1804 fuit
635 1737 869 1818 Caleb,
937 1759 1020 1803 ne
1086 1736 1166 1803 de
1222 1736 1400 1803 filiae
1463 1758 1619 1803 suae
1675 1758 1995 1804 consensu
2053 1736 2400 1815 dubitaret,

450 1824 601 1908 quia
659 1823 1028 1890 verecunde
1086 1821 1418 1906 repudiari
1473 1843 1606 1887 non
1708 1832 1921 1889 oterat
1965 1832 2100 1888 tam
2143 1822 2402 1888 honori·

454 1912 579 1977 fica
621 1908 924 1976 conditio.
1011 1909 1295 1975 Maritus
1341 1909 1514 1974 enim
1577 1907 1659 1974 da
1704 1918 1884 1990 atur,
1952 1929 2085 1974 non
2129 1907 2402 1992 quilibet

452 2017 537 2062 ex
582 1995 819 2080 vulgo:
866 1994 979 2062 sed
1026 1995 1138 2079 qui
1184 1993 1416 2061 bellica
1459 1996 1705 2060 virtute
1749 1995 1909 2060 alios
1953 2015 2180 2060 omnes
2216 2003 2398 2060 ante-

449 2082 733 2149 celleret.
844 2079 1239 2165 Quanquam
1313 2081 1459 2147 fieri
1523 2088 1770 2164 potest,
1851 2090 1925 2147 ut
2001 2081 2070 2145 in
2140 2081 2399 2146 fervore

446 2187 707 2253 pugnae
749 2165 1231 2234 inconsiderate
1274 2166 1646 2252 promiserit
1691 2166 1925 2247 Caleb,
1992 2165 2162 2250 quod
2208 2186 2397 2249 prae·

447 2262 625 2320 stare
666 2274 798 2319 non
836 2260 977 2319 erat
1018 2253 1088 2318 in
1133 2254 1274 2320 eius
1319 2251 1604 2319 arbitrio.
1667 2252 1839 2319 Mihi
1881 2261 2104 2318 tamen
2144 2251 2399 2318 videtur

447 2339 838 2423 exponenda
879 2339 1081 2406 fuisse
1124 2340 1338 2424 pactio
1383 2361 1465 2405 ex
1509 2340 1655 2405 iure
1699 2339 2061 2420 communi,
2119 2338 2174 2404 si
2220 2358 2397 2404 aece-

448 2425 632 2492 deret
687 2424 942 2510 puellae
996 2425 1319 2492 voluntas.
1424 2425 1609 2491 Deus
1668 2438 1843 2492 certe
1907 2433 2141 2490 votum
2196 2422 2398 2490 Galeb

447 2510 807 2588 exaudivit,
854 2510 1011 2577 dum
1053 2531 1375 2596 generum
1421 2510 1658 2577 obtulit
1691 2533 1770 2576 ex
1810 2510 2016 2577 animi
2049 2511 2393 2577 sententia.

446 2598 619 2663 Nam
676 2598 731 2663 si
790 2596 1030 2681 alioqui
1091 2596 1244 2663 data
1294 2596 1523 2663 fuisset
1564 2596 1763 2681 optio,
1809 2597 2141 2661 neminem
2183 2597 2397 2681 magis

442 2704 484 2750 o
532 2693 756 2750 tasset.

485 2705 527 2769 p
623 2770 718 2835 18.
765 2767 1042 2852 Fuitque
1097 2788 1289 2852 quum
1345 2768 1595 2835 veniret.
1683 2766 1833 2833 Etsi
1879 2767 2200 2834 coniicere
2243 2767 2399 2833 licet

446 2854 622 2922 Acsa
654 2854 938 2940 puellam
976 2854 1180 2922 fuisse
1215 2853 1497 2941 egregiis
1533 2853 1840 2935 moribus,
1875 2867 1943 2919 et
2021 2853 2175 2920 robe
2210 2854 2396 2919 insti·

444 2948 677 3020 tutam,
724 2942 910 3007 cuius
950 2942 1223 3025 nuptiae
1274 2940 1626 3026 singularis
1671 2939 1946 3024 praemii
2006 2960 2123 3007 oco
2166 2939 2399 3006 victori

447 3027 804 3111 promissae
866 3027 1145 3093 fuerint:
1221 3026 1330 3093 hic
1406 3036 1630 3092 tamen
1696 3025 2023 3110 detegitur
2087 3046 2399 3110 perversa

446 3114 587 3179 eius
632 3112 970 3197 cupiditas.
1062 3112 1327 3180 Sciebat
1369 3112 1679 3178 mulieres
1723 3111 1853 3177 Dei
1900 3110 2045 3197 lege
2094 3132 2133 3177 a
2177 3111 2398 3178 fundis

445 3197 900 3265 haereditariis
967 3198 1260 3265 excludi:
1343 3209 1412 3263 at
1476 3197 1908 3263 nihilominus
1973 3219 2055 3281 ap
2103 3197 2254 3279 etit,
2332 3205 2400 3263 et

443 3285 757 3350 maritum
812 3284 1037 3368 iniqua
1094 3283 1615 3368 expostulatione
1658 3282 1974 3349 stimulat.
2119 3283 2177 3350 ic
2220 3284 2392 3350 enim

444 3371 830 3437 ambitiosae
894 3384 960 3437 et
1024 3370 1296 3455 cupidae
1353 3391 1596 3436 uxores
1650 3370 1810 3435 viris
1876 3369 2187 3435 molestae
2253 3389 2397 3436 esse

444 3478 577 3522 non
617 3456 941 3538 desinunt,
985 3455 1192 3524 donec
1226 3456 1512 3541 pudoris,
1552 3454 1912 3521 modestiae
1948 3462 2014 3520 et
2049 3455 2397 3539 aequitatis

445 3563 556 3609 eos
601 3541 894 3610 oblivisci
938 3551 1194 3627 cogant.
1284 3542 1456 3609 Nam
1499 3542 1621 3608 etsi
1666 3541 1955 3607 virorum
2002 3560 2256 3625 quoque
2299 3542 2398 3606 in-

443 3627 790 3711 explebilis
833 3635 934 3694 est
988 3629 1292 3694 avaritia:
1352 3629 1633 3695 feminae
1685 3637 1907 3692 tamen
1952 3628 2163 3711 magis
2207 3648 2393 3711 prae-

442 3714 673 3799 cipites
717 3714 1038 3781 feruntur.
1129 3713 1278 3797 Quo
1321 3715 1637 3781 attentius
1692 3733 1922 3779 cavere
1967 3712 2206 3779 debent
2248 3713 2394 3794 viri,

443 3818 528 3866 ne
571 3800 962 3884 importunis
1007 3820 1232 3867 earum
1283 3799 1570 3866 consiliis
1611 3808 1921 3882 tanquam
1965 3799 2242 3866 flabellis
2289 3819 2394 3865 ac-

440 3884 831 3953 cendantur.
922 3884 1057 3953 Sed
1102 3886 1310 3952 maior
1352 3885 1774 3969 intemperies
1818 3906 1889 3952 se
1933 3885 2181 3969 prodit,
2237 3884 2394 3950 dum

443 3973 666 4037 mariti
709 3971 1020 4039 facilitate
1086 3982 1152 4037 et
1195 3972 1402 4055 patris
1446 3971 1859 4056 indulgentia
1903 3970 2210 4045 audacior
2253 3969 2396 4037 red-

441 4056 643 4124 ditur.
731 4058 905 4124 Nam
948 4077 1108 4143 agro
1153 4057 1277 4124 sibi
1321 4056 1475 4124 dato
1518 4078 1652 4123 non
1692 4063 2016 4137 contenta,
2059 4058 2394 4141 regionem

440 4144 757 4228 irriguam
804 4142 926 4209 sibi
970 4144 1197 4228 poscit.
1285 4143 1393 4209 Ita
1427 4143 1539 4210 ubi
1584 4143 1727 4227 quis
1770 4142 1972 4210 semel
2008 4143 2397 4209 transsilivit

442 4230 605 4295 recti
648 4238 715 4295 et
759 4230 1017 4297 honesti
1061 4229 1358 4310 modum,
1417 4231 1649 4295 vitium
1710 4228 1876 4295 illud
1936 4230 2232 4313 protinus
2291 4249 2393 4295 se-

439 4315 668 4398 quitur
710 4314 1138 4399 impudentia.
1197 4316 1407 4382 Porro
1446 4314 1620 4399 quod
1658 4325 1849 4401 pater
1890 4315 2061 4380 nihil
2104 4316 2392 4401 negavit,

441 4401 707 4485 signum
763 4402 888 4467 fuit
942 4401 1077 4468 rari
1131 4402 1390 4467 amoris.
1481 4400 1615 4468 Sed
1683 4422 1812 4467 non
1867 4398 2014 4467 ideo
2078 4401 2393 4485 sequitur,

438 4487 605 4571 quin
646 4488 883 4553 merito
928 4508 1128 4553 exosa
1162 4489 1250 4553 sit
1292 4486 1589 4571 improba
1631 4485 1795 4552 lucri
1840 4486 2180 4570 cupiditas,
2225 4506 2393 4571 quae

438 4581 697 4639 mentes
775 4580 1110 4652 excaecat,
1194 4579 1576 4656 rectumque
1660 4573 1976 4638 iudicium
2055 4574 2389 4656 pervertit.

439 4656 632 4741 Quod
677 4658 916 4725 dicitur
955 4660 1130 4725 Acsa
1172 4657 1583 4726 descendisse
1627 4679 1710 4724 ex
1754 4658 1955 4738 asino,
2004 4658 2268 4743 quidam
2308 4658 2391 4724 ad

436 4744 929 4810 simulationem
995 4752 1061 4810 et
1121 4745 1431 4810 astutiam
1478 4745 1799 4824 referunt,
1859 4746 2040 4828 quasi
2097 4765 2390 4811 moerore

438 4828 841 4899 concideret:
899 4841 1096 4914 atque
1151 4831 1245 4895 ita
1300 4830 1521 4913 lapsus
1578 4829 1892 4896 indicium
1941 4851 2082 4897 esse
2128 4828 2392 4914 deliquii

438 4915 543 4983 vel
591 4914 971 4983 defectionis
1031 4915 1251 4982 animi.
1338 4915 1591 4982 Verum
1652 4915 2013 4999 simplicius
2072 4924 2204 4997 est,
2261 4936 2387 5000 quo

434 5001 820 5085 suppliciter
860 5010 1118 5086 patrem
1163 5009 1456 5087 rogaret,
1503 5001 1911 5069 descendisse
1955 5000 2037 5066 ad
2089 5003 2227 5067 eius
2276 5022 2387 5085 pe-

438 5087 572 5153 des.
644 5085 977 5172 Quidquid
1023 5088 1129 5167 sit,
1172 5098 1318 5153 astu
1362 5097 1429 5153 et
1471 5087 1807 5154 blanditiis
1849 5087 1972 5153 sibi
2017 5087 2391 5154 conciliavit

433 5173 677 5241 mulier
717 5175 823 5240 ius
865 5172 1180 5240 alienum:
1250 5174 1426 5239 unde
1472 5172 1858 5241 tantundem
1898 5173 2222 5239 diminuta
2266 5173 2391 5240 fuit

431 5258 716 5326 fratrum
759 5259 990 5343 portio.

432 5406 439 5411 .
611 5345 715 5411 20.
784 5345 926 5411 Ista
984 5348 1073 5412 est
1132 5344 1499 5413 haereditas.
1610 5348 1829 5411 Antea
1893 5334 2155 5430 quidem
2222 5347 2387 5412 fines

612 5446 835 5504 Calcim'
864 5463 1047 5518 opera.
1126 5448 1242 5505 Vol.
1277 5446 1465 5503 XXV.

1611 430 2349 503 COMMENTARIUS
2394 434 2494 501 IN
2539 433 2820 502 IOSUE
2866 435 3063 502 CAP.
3110 436 3300 503 XVI.

4320 438 4456 504 530

2505 622 2937 690 circumdedit
2980 623 3130 691 filiis
3152 623 3355 691 Iuda:
3402 625 3513 691 sed
3553 648 3729 693 nunc
3772 626 3898 692 alia
3942 627 4196 693 ratione
4240 633 4456 694 osten-

2506 709 2702 791 ditur,
2760 730 2955 792 quam
3000 710 3218 794 ampla
3262 720 3325 776 et
3369 712 3601 778 fertilis
3643 712 3775 778 illis
3809 711 4120 798 obtigerit
4162 711 4341 792 ditio,
4384 714 4457 780 in

2505 816 2634 878 quo
2678 796 2870 861 etiam
2934 797 3220 881 refulget
3262 817 3521 864 summa
3564 798 3691 864 Dei
3747 798 4119 866 liberalitas.
4204 799 4456 864 Nume-

2506 890 2739 947 rantur
2792 890 3055 948 ceutum
3112 891 3179 947 et
3236 882 3546 950 tredecim
3605 883 3800 950 urbes
3857 906 4004 951 cum
4065 883 4319 968 oppidis
4388 893 4457 950 et

2507 967 2704 1047 villis,
2768 968 2880 1051 qui
2923 988 3236 1033 numerus
3281 990 3411 1034 non
3459 978 3714 1034 tantum
3763 972 4197 1054 frequentiam
4243 970 4456 1036 homi-

2508 1074 2668 1118 num
2715 1060 3013 1131 testatur,
3052 1053 3166 1119 sed
3212 1065 3426 1121 terrae
3469 1075 3727 1138 quoque
3772 1056 4159 1123 ubertatem.
4224 1057 4458 1141 Neque

2507 1151 2730 1204 tamen
2776 1136 3043 1205 dubium
3091 1149 3207 1218 est,
3274 1142 3430 1225 quin
3475 1140 3604 1207 Dei
3649 1140 4092 1208 benedictione
4135 1162 4308 1210 nova
4350 1144 4456 1208 in·

2509 1224 2648 1289 dita
2682 1225 2882 1291 fuerit
2927 1225 3251 1291 fertilitas.
3341 1225 3628 1311 Fulgere
3672 1238 3892 1292 tamen
3937 1229 4003 1294 in
4051 1230 4195 1312 ipsa
4239 1238 4455 1294 terrae

2508 1319 2748 1375 natura
2792 1311 2919 1376 Dei
2975 1311 3254 1395 gratiam
3314 1314 3634 1396 oportuit,
3702 1312 3854 1378 dum
3915 1317 4090 1380 omni
4138 1314 4454 1380 bonorum

2505 1396 2691 1478 copia
2732 1396 3043 1462 refertam
3090 1396 3327 1481 populo
3371 1419 3489 1464 suo
3525 1398 3785 1484 delegit.
3832 1398 4027 1465 Nunc
4060 1399 4115 1465 si
4153 1400 4453 1466 homines

2505 1482 2717 1549 tribus
2785 1480 3207 1569 respicimus,
3287 1483 3557 1549 dimidia
3626 1505 3782 1568 pars
3847 1486 4134 1570 regionis
4197 1485 4455 1552 abunde

2505 1568 2805 1633 sufficere
2849 1568 2980 1635 illis
3024 1570 3235 1652 potuit
3279 1568 3358 1633 ad
3405 1568 3854 1644 habitandum.
3917 1571 4087 1637 Nam
4133 1588 4208 1636 ut
4247 1573 4453 1638 octin-

2500 1653 2686 1736 genti
2739 1653 3072 1720 distributi
3131 1666 3351 1721 essent
3406 1656 3474 1720 in
3519 1656 3814 1741 singulas
3859 1657 4086 1724 urbes:
4149 1657 4453 1724 residuae

2505 1738 2910 1805 multitudini
2977 1740 3333 1806 manebant
3395 1740 3634 1826 oppida
3699 1750 3763 1808 et
3828 1742 4043 1808 villae.
4131 1743 4222 1808 Et
4275 1752 4454 1810 certe

2504 1824 2700 1908 paulo
2744 1835 2892 1909 post
2937 1825 3230 1893 detracta
3273 1827 3398 1892 fuit
3441 1828 3674 1911 portio,
3739 1848 3905 1913 quae
3939 1828 4139 1894 tribui
4183 1829 4454 1895 Simeon

2506 1909 2788 1977 daretur.
2877 1911 3048 1977 Nam
3108 1913 3205 1978 ita
3260 1932 3402 1978 com
3454 1913 3583 1979 leta
3637 1915 3764 1979 fuit
3819 1913 4131 1998 dispersio
4191 1914 4270 1980 de
4326 1934 4453 1998 qua

2504 1995 2897 2064 vaticinatus
2955 2006 3098 2063 erat
3153 1998 3348 2065 Iacob
3434 1998 3603 2065 Gen.
3663 1999 3767 2079 49,
3829 1999 3928 2086 7),
3996 2010 4069 2066 ut
4111 2001 4457 2083 posteritas

2504 2079 2798 2159 Simeon,
2850 2085 3032 2167 quasi
3078 2085 3150 2148 in
3194 2084 3410 2150 alieno
3453 2086 3589 2150 solo
3633 2088 4185 2170 peregrinaretur.
4275 2087 4457 2171 Ergo

2505 2189 2546 2234 a
2588 2165 2744 2233 filiis
2787 2168 2955 2235 Iuda
2999 2169 3265 2236 admissi
3309 2178 3466 2237 sunt
3508 2180 3821 2254 tanquam
3868 2171 4176 2255 hospites.

2679 2255 2780 2320 63.
2832 2254 3035 2322 Porro
3075 2255 3423 2322 leba-saeos.
3463 2256 3608 2322 Hoc
3642 2256 3725 2322 ad
3769 2257 4214 2324 excusandum
4250 2279 4456 2343 popu·

2502 2339 2642 2406 lum
2690 2340 2860 2406 nihil
2904 2341 3077 2420 facit,
3135 2362 3348 2426 neque
3390 2342 3461 2407 in
3507 2363 3658 2408 eum
3702 2343 3899 2407 finem
3945 2344 4240 2427 ponitur:
4304 2346 4457 2429 quia

2503 2427 2560 2492 si
2620 2447 2736 2510 pro
2797 2426 2975 2493 virili
3030 2426 3512 2509 incubuissent,
3564 2437 3630 2494 ct
3688 2427 3989 2495 destituti
4043 2437 4263 2495 essent
4306 2451 4455 2498 suc·

2503 2533 2709 2592 cessu,
2774 2511 3103 2580 recidebat
3153 2512 3431 2581 dedecus
3485 2515 3551 2578 in
3588 2516 3802 2598 ipsum
3848 2513 4085 2593 Deum,
4146 2516 4258 2600 qui
4304 2538 4454 2600 pro-

2502 2599 2774 2665 miserat
2807 2620 2877 2665 se
2899 2598 3033 2665 illis
3066 2607 3454 2683 perpetuum
3491 2599 3633 2666 fore
3669 2599 3922 2680 ducem,
3969 2599 4175 2666 donec
4208 2608 4452 2667 terram

2502 2684 2636 2751 illis
2682 2705 2959 2751 vacuam
3001 2684 3317 2751 traderet:
3379 2706 3456 2752 ac
3498 2686 3855 2752 missurum
3899 2686 4246 2754 crabrones
4265 2737 4281 2764 ,
4340 2687 4451 2770 qui

2498 2770 2745 2837 incolas
2805 2770 3145 2856 abigerent
3199 2769 3424 2858 (Deut.
3468 2772 3526 2852 7,
3572 2771 3701 2858 20).
3787 2772 3885 2839 Er
3930 2794 3967 2838 o
4026 2771 4289 2839 nonnisi
4332 2793 4454 2856 per

2499 2855 2766 2923 illorum
2802 2857 3136 2941 ignaviam
3180 2857 3361 2924 stetit
3397 2859 3748 2943 quominus
3787 2858 3975 2942 potiti
4010 2856 4259 2924 fuerint
4291 2857 4453 2925 urbe

2501 2942 2876 3009 Ierusalem.
2966 2942 3199 3025 Itaque
3261 2964 3392 3009 non
3460 2952 3848 3027 potuerunt,
3907 2945 4064 3029 quia
4119 2943 4451 3011 obstaculo

2501 3027 2633 3095 illis
2698 3027 2826 3094 fuit
2886 3050 3046 3096 suus
3103 3038 3358 3114 torpor,
3424 3029 3581 3096 dum
3640 3031 3877 3114 quietis
3944 3028 4268 3096 desiderio
4323 3030 4454 3096 Dei

2502 3114 2883 3181 mandatum
2942 3114 3395 3200 neglexerunt.
3484 3116 3706 3183 Locus
3760 3121 3988 3181 notatu
4050 3115 4316 3200 dignus:
4380 3122 4453 3182 ut

2503 3199 2829 3267 discamus
2873 3201 3175 3268 alacriter
3229 3201 3403 3269 vires
3457 3212 3714 3269 nostras
3773 3201 4058 3285 experiri
4101 3202 4171 3267 in
4218 3222 4454 3287 aggre-

2500 3284 2758 3352 diendis
2832 3286 2960 3352 Dei
3029 3289 3424 3372 praeceptis:
3499 3308 3620 3354 nec
3684 3287 4089 3354 occasionem
4154 3299 4453 3373 praeter·

2501 3371 2764 3438 mittere
2783 3423 2798 3451 ,
2871 3394 2953 3439 ne
3013 3373 3418 3441 cessantibus
3475 3372 3821 3439 claudatur
3878 3374 4092 3439 ianua.
4196 3373 4449 3457 Repre-

2499 3457 2811 3525 hensione
2874 3467 3170 3527 vacasset
3225 3459 3480 3526 modica
3544 3456 3800 3525 dilatio:
3866 3459 3979 3525 sed
4045 3458 4223 3543 longi
4284 3468 4448 3526 tem·

2499 3543 2710 3695 porisll
2758 3545 3067 3613 mollities
3153 3546 3286 3613 Dei
3369 3544 3887 3613 benedictionem
3975 3542 4449 3630 quodammodo

2497 3650 2661 3714 repu
2693 3629 2757 3697 ‘t

3199 3919 3508 3988 CAPUT
3548 3919 3741 3986 XVI.

2673 4060 2729 4124 1.
2777 4058 3055 4142 Eme-ssa
3112 4061 3202 4124 est
3257 4063 3463 4124 autem
3519 4078 3659 4124 sors
3719 4056 3878 4140 filiis
3936 4056 4161 4139 Ioseph
4206 4079 4249 4124 a
4307 4058 4450 4127 Ior-

2497 4144 2661 4211 dane
2706 4143 2983 4223 Iericho,
3039 4144 3127 4211 ad
3169 4164 3373 4227 aquas
3417 4143 3680 4224 Iericho,
3736 4142 4173 4223 adorientem,
4219 4146 4307 4212 ad
4348 4147 4449 4213 de-

2497 4235 2730 4297 sertum
2780 4230 2944 4313 quod
3001 4230 3278 4296 ascendit
3331 4251 3374 4296 a
3418 4229 3662 4295 Iem'oho
3715 4231 3786 4296 in
3841 4233 4106 4295 montem
4163 4228 4447 4301 Beth-ez.

2497 4318 2559 4381 2.
2599 4315 3065 4401 Eyreditmquo
3108 4336 3150 4382 a
3192 4314 3438 4381 Beth-ez
3478 4317 3551 4381 in
3595 4316 3764 4396 Luc,
3826 4320 3882 4382 et
3923 4314 4066 4382 hino
4098 4321 4449 4399 pertransit

2497 4404 2585 4469 ad
2645 4403 2977 4468 terminum
3031 4400 3235 4467 Archi
3246 4436 3274 4450 -
3291 4399 3576 4466 Ataroth.
3666 4401 3727 4467 3.
3778 4400 4003 4466 Postea
4045 4405 4321 4469 ascendit
4361 4406 4449 4472 ad

2495 4508 2689 4568 mare,
2735 4488 2821 4554 ad
2851 4487 3187 4554 terminum
3221 4485 3514 4569 Iaphleti,
3559 4506 3755 4569 usque
3789 4487 3875 4553 ad
3907 4488 4237 4553 terminum
4260 4488 4447 4555 Bothe

2496 4575 2686 4641 horon
2729 4574 3114 4658 inferiorem,
3158 4578 3214 4639 et
3252 4593 3453 4656 usque
3507 4573 3594 4638 ad
3642 4571 3872 4651 Gazer,
3936 4576 4199 4654 suntque
4237 4575 4448 4643 exitus

2495 4660 2637 4727 eius
2676 4659 2763 4726 ad
2801 4679 2994 4726 mare.
3083 4659 3145 4724 4.
3189 4657 3418 4742 Itaque
3456 4657 3898 4726 haereditatem
3930 4663 4292 4739 aeceperunt
4319 4661 4448 4742 filii

2496 4744 2744 4830 Ioseph,
2787 4744 3131 4812 Manassae
3168 4749 3224 4810 et
3265 4742 3600 4826 Ephraim.
3684 4744 3746 4812 5.
3793 4743 3949 4809 Fu&
3989 4747 4192 4809 autem
4232 4748 4444 4813 termi-

2493 4852 2615 4898 nas
2652 4831 2932 4913 filiorum
2953 4829 3270 4914 Ephraim
3300 4851 3425 4912 per
3454 4829 3746 4913 familias
3777 4848 3948 4910 suaa
3988 4828 4118 4911 fuit
4160 4829 4443 4913 inquam,

2492 4918 2797 4984 terminus
2848 4916 3259 4984 haereditatis
3326 4936 3537 4982 eorum
3595 4917 3682 4983 ad
3734 4917 4028 4982 orientem
4087 4914 4165 4980 ab
4216 4916 4446 4984 Atroh-

2493 5003 2755 5084 Addar‚
2810 5022 3006 5086 usque
3048 5002 3133 5066 ad
3173 5001 3551 5068 Beth-horon
3591 5003 3991 5084 superiorem.
4079 5001 4139 5066 6.
4185 5000 4277 5067 Et
4316 5006 4447 5071 exit

2489 5090 2798 5155 termvlnus
2840 5088 2949 5155 ille
2991 5088 3078 5155 ad
3117 5108 3294 5155 mare
3309 5139 3325 5167 ,
3384 5089 3471 5154 ad
3513 5086 3932 5153 Miohmetkah
3989 5083 4069 5151 ab
4123 5087 4445 5168 aquilone:

2490 5180 2550 5242 et
2589 5175 2875 5242 circumit·
2927 5174 3235 5241 terminus
3276 5174 3363 5241 ad
3403 5174 3698 5239 orientem
3711 5223 3726 5253 ,
3773 5173 3857 5238 ad
3906 5170 4443 5259 Thaanath-siloh,

2489 5266 2546 5328 et
2587 5261 2818 5328 transit
2857 5260 3036 5327 illam
3077 5261 3155 5327 ab
3198 5261 3426 5326 oriente
3475 5258 3560 5324 ad
3602 5257 3867 5323 Ianoah.
3959 5257 4017 5323 7.
4063 5256 4152 5323 Et
4192 5258 4443 5329 descen-

2490 5347 2585 5414 dit
2627 5368 2670 5413 a
2721 5346 2967 5413 Ianoah
3010 5346 3082 5413 in
3125 5343 3426 5422 Ataroth,
3491 5347 3548 5408 et
3591 5341 3916 5422 Mam-ath,
3958 5347 4015 5409 et
4050 5347 4330 5428 pervenit
4369 5351 4443 5416 in
