5017 6142
580 449 720 516 207

596 635 765 723 quod
808 635 1147 720 pepigerat
1189 654 1338 700 cum
1386 631 1720 699 Abraham
1759 632 2003 701 faceret
2046 634 2324 699 irritum.
2413 633 2543 699 De-

596 724 864 789 nunciat
908 742 1062 805 ergo
1100 718 1503 786 haereditate
1539 740 1734 803 quam
1777 728 2169 804 spreverunt
2202 739 2540 803 nunquam

595 809 920 893 potituros
955 829 967 870 τ
1007 828 1078 873 se
1114 804 1543 871 nihilominus
1582 825 1885 872 veracem
1924 805 2084 885 fore,
2123 813 2195 870 ut
2220 804 2543 887 compleat

598 893 768 979 quod
813 893 1136 977 pollicitus
1179 901 1297 969 est,
1342 899 1410 956 et
1450 892 1663 958 locum
1708 891 1818 958 det
1861 911 2017 957 suae
2062 889 2544 957 misericordiae

596 1001 758 1064 erga
798 980 985 1060 filios,
1028 999 1189 1062 quos
1232 998 1351 1042 sna
1395 974 1851 1062 desperatione
1894 976 2193 1043 hostibus
2235 977 2308 1041 in
2352 996 2539 1059 prae-

596 1065 748 1132 dam
796 1064 1200 1130 addixerant.
1266 1063 1472 1128 Porro
1508 1061 1679 1147 quod
1722 1062 1893 1130 hanc
1936 1062 2213 1148 gratiam
2262 1061 2343 1127 ad
2387 1082 2540 1146 par-

605 1150 797 1218 vulos
834 1151 1190 1234 restringit,
1227 1150 1340 1232 qui
1378 1149 1663 1214 nondum
1703 1169 1821 1231 per
1853 1157 2133 1214 aetatem
2171 1146 2541 1215 discernere

603 1245 905 1323 poterant
938 1236 1111 1301 inter
1148 1235 1387 1301 bonum
1424 1243 1490 1299 et
1526 1233 1788 1314 malum,
1833 1255 1909 1300 eo
1943 1233 2268 1318 significat
2311 1253 2541 1298 omnes

602 1324 715 1407 qui
760 1322 890 1387 iam
936 1320 1209 1386 rationis
1277 1330 1464 1386 erant
1518 1329 1875 1402 compotes.
1937 1340 1975 1385 a
2020 1319 2291 1384 minimo
2333 1340 2542 1401 usque

607 1409 689 1476 ad
731 1408 1121 1485 maximum,
1176 1404 1401 1471 eodem
1460 1404 1701 1470 scelere
1756 1425 1896 1471 esse
1954 1404 2334 1489 implicitos,
2390 1404 2541 1487 quia

600 1494 904 1576 contagio
942 1513 1057 1575 per
1092 1502 1297 1557 totum
1335 1511 1568 1574 corpus
1603 1507 1899 1575 grassata
1933 1504 2091 1556 orat.
2148 1489 2542 1557 Incredibile

607 1588 781 1647 certe
803 1579 1194 1662 prodigium,
1232 1577 1324 1644 sic
1362 1575 1673 1642 diabolico
1708 1576 1926 1642 furore
1948 1585 2315 1659 correptam
2340 1576 2541 1641 fuisse

604 1674 857 1731 tantam
894 1662 1402 1741 multitudinem,
1451 1670 1523 1726 ut
1566 1662 1735 1727 nihil
1778 1661 2036 1729 salvum
2073 1662 2179 1728 vcl
2214 1662 2544 1727 sincerum

605 1759 911 1816 restaret:
981 1751 1110 1815 nisi
1174 1749 1342 1815 forte
1408 1769 1598 1813 senes
1664 1746 1977 1831 quosdam
2041 1757 2303 1814 matura
2367 1767 2545 1812 mors

605 1836 882 1903 abstulit
926 1835 1206 1901 aliorum
1253 1834 1462 1918 magis
1507 1854 1704 1917 quam
1747 1854 1866 1899 suo
1923 1834 2103 1899 vitio.
2194 1831 2547 1899 Caeterum

605 1923 664 1988 si
721 1942 761 1986 a
817 1920 1062 1987 scelere
1120 1920 1432 1985 immunis
1489 1920 1715 1985 fuisset
1785 1921 1885 1985 vel
1954 1939 2108 2003 pars
2172 1919 2544 1997 centesima,

606 2008 994 2090 superstites
1038 2006 1290 2089 aliquos
1332 2016 1658 2071 servasset
1697 2003 1901 2070 Deus.
1991 2005 2257 2070 Nescire
2301 2002 2545 2069 bonum

608 2094 715 2159 vel
798 2093 1040 2157 malum
1121 2090 1506 2157 tantundem
1586 2090 1760 2156 valet
1830 2111 1903 2157 ac
1971 2110 2104 2155 non
2176 2088 2547 2156 discernere

607 2179 782 2243 inter
834 2177 1131 2243 dextram
1195 2185 1259 2242 et
1314 2177 1667 2242 sinistram.
1759 2175 1908 2257 Qua
1971 2174 2277 2260 loquendi
2337 2175 2547 2240 forma

609 2263 783 2347 apud
819 2263 1047 2328 Ionam
1086 2263 1267 2328 Deus
1312 2261 1621 2346 parvulos
1665 2262 1775 2344 qui
1823 2261 2002 2326 nullo
2046 2261 2261 2328 adbuc
2304 2260 2543 2326 iudicio

606 2349 859 2434 pollent
904 2369 943 2413 a
986 2347 1408 2413 damnatione
1460 2347 1709 2413 eximit.
1789 2347 1982 2414 Unde
2036 2361 2256 2412 tamen
2312 2347 2546 2411 inscite

609 2434 872 2519 quidam
926 2434 1201 2518 probare
1258 2433 1471 2500 conati
1531 2444 1716 2511 sunt,
1774 2452 2011 2518 pueros
2069 2432 2356 2498 infantes
2415 2453 2544 2498 non

611 2542 753 2586 esse
796 2519 1169 2603 inquinatos
1212 2519 1518 2603 originali
1554 2529 1844 2602 peccato:
1895 2540 2014 2586 nec
2050 2528 2236 2585 reatu
2272 2518 2546 2584 obstric-

611 2618 712 2671 tos
756 2606 967 2671 teneri
1010 2604 1340 2684 homines,
1398 2605 1529 2670 nisi
1571 2625 1763 2689 quem
1808 2605 1934 2672 sibi
1973 2605 2246 2688 quisque
2286 2603 2549 2688 proprio

609 2690 881 2759 arbitrio
925 2692 1275 2756 contraxit.
1358 2689 1588 2775 Neque
1646 2691 1821 2756 enim
1880 2691 1986 2758 hic
2046 2690 2260 2775 agitur
2307 2688 2387 2755 de
2430 2710 2548 2755 na·

609 2787 761 2843 tura
847 2777 1123 2845 humani
1207 2776 1493 2860 generis:
1583 2774 1698 2843 sed
1784 2787 2038 2843 tantum
2115 2785 2553 2860 segregantur

610 2863 798 2946 pueri
859 2863 941 2929 ab
996 2882 1225 2930 eorum
1288 2882 1557 2928 numero
1615 2863 1724 2945 qui
1783 2863 2063 2931 scientes
2120 2869 2188 2928 et
2251 2862 2552 2929 volentes

611 2950 779 3015 iram
820 2948 947 3014 Dei
976 2963 1446 3033 provocarunt:
1486 2946 1745 3031 quando
1781 2950 2127 3033 corruptio,
2163 2967 2328 3033 quae
2364 2946 2555 3012 radix

610 3044 742 3114 est,
804 3033 1100 3117 quamvis
1154 3053 1288 3099 non
1346 3033 1568 3098 statim
1627 3034 1879 3102 fructus
1936 3056 2087 3101 suos
2140 3035 2208 3099 in
2268 3033 2554 3119 peccatis

611 3119 975 3188 actualibus
1019 3118 1329 3204 proferat,
1373 3140 1504 3186 non
1548 3119 1695 3187 ideo
1740 3119 1926 3186 nulla
1968 3130 2084 3187 est.

1076 3410 1209 3477 EX
1254 3411 1604 3478 NUMER.
1653 3413 1854 3479 CAP.
1897 3411 2090 3479 XIV.

782 3546 885 3613 39.
933 3547 1257 3631 Loquutus
1290 3553 1379 3614 est
1411 3548 1606 3633 ὁρίων
1629 3546 1846 3615 Moses
1876 3548 2061 3614 verba
2101 3547 2228 3617 ista
2269 3548 2556 3617 omnibus

608 3633 771 3716 filiis
816 3633 1053 3713 Israel,
1113 3638 1169 3698 et
1221 3634 1515 3701 Iuverunt
1556 3634 1839 3715 populus
1892 3633 2090 3701 valde.
2177 3634 2282 3701 40.
2334 3635 2559 3701 Surre-

609 3724 956 3802 xeruntque
1009 3739 1221 3800 mane,
1285 3725 1341 3786 et
1395 3720 1801 3787 ascenderunt
1854 3721 1924 3786 in
1975 3720 2258 3786 verticem
2310 3722 2553 3800 mentia,

609 3805 897 3872 dicendo:
955 3802 1116 3871 Ecce
1173 3825 1317 3883 nos,
1379 3811 1449 3870 ut
1505 3807 1915 3874 ascendamus
1954 3806 2040 3873 ad
2078 3805 2277 3872 locum
2317 3808 2393 3873 de
2434 3826 2555 3889 quc

611 3891 898 3973 loquutus
941 3895 1030 3957 est
1073 3890 1334 3958 Iekova:
1388 3892 1544 3974 quia
1591 3893 2006 3972 peccavimus.
2095 3889 2198 3959 41.
2258 3891 2348 3958 Et
2387 3893 2557 3959 dixit

613 3976 859 4043 Moses.-
931 3976 1010 4044 Ut
1066 3977 1220 4058 quid
1269 3977 1788 4062 transyrcdimini
1842 3996 2179 4045 sermonem
2234 3977 2501 4044 Iehcvae
2515 3978 2553 4043 ἓ

613 4062 703 4128 Et
740 4063 850 4129 hcc
876 4061 922 4148 ¹)
956 4083 1080 4129 uon
1112 4083 1412 4146 prospere
1446 4063 1625 4129 cedet.
1690 4063 1794 4133 42.
1843 4062 1943 4129 Ne
1972 4065 2358 4133 accendatis.-
2400 4065 2555 4147 quia

611 4168 736 4214 nou
770 4152 861 4213 est
886 4147 1119 4213 Iehova
1152 4149 1225 4213 in
1256 4148 1459 4214 mdiv
1496 4150 1714 4215 vestri.-
1757 4170 1836 4216 ue
1863 4149 2313 4231 percutiamini
2346 4169 2555 4217 coram

611 4235 889 4301 inimicis
931 4234 1172 4299 cestrie.
1258 4233 1364 4299 43.
1410 4233 1669 4302 Amalec
1709 4236 1877 4302 enim
1916 4239 1974 4300 et
2008 4234 2422 4303 Chananaeus
2465 4235 2557 4301 ibi

614 4324 706 4387 est
747 4326 888 4386 ante
928 4340 1067 4397 voc,
1117 4325 1174 4384 et
1213 4321 1446 4387 cadetis
1484 4319 1715 4403 yladio.
1810 4320 1984 4388 Nam
2015 4327 2350 4404 propterea
2392 4322 2557 4404 quod

612 4407 821 4473 aversi
890 4407 1039 4471 estis
1095 4426 1136 4470 a
1191 4405 1495 4488 sequendo
1552 4405 1813 4488 Iehova,
1879 4426 2073 4488 neque
2135 4409 2253 4474 erit
2319 4406 2555 4474 Iehova

611 4491 937 4558 vobiscum.
986 4491 1091 4555 44.
1135 4490 1549 4573 Sumpserunt
1582 4496 1787 4558 tamen
1809 4493 2052 4558 aniaenos
2072 4498 2143 4558 ut
2162 4494 2558 4559 ascenderent

612 4579 687 4643 ‘in
738 4578 1020 4644 verticem
1062 4578 1307 4642 monus.
1396 4576 1571 4642 Arca
1617 4583 1825 4643 autem
1874 4579 2149 4661 foederis
2195 4578 2456 4646 Iehcvae
2497 4583 2555 4644 et

614 4662 825 4730 Moses
856 4681 978 4726 non
1010 4667 1393 4728 recesserunt
1415 4682 1445 4726 e
1466 4662 1666 4727 medio
1688 4669 2052 4731 castrorum.
2091 4664 2193 4732 45.
2218 4664 2553 4732 Descendit

608 4750 819 4831 itaque
851 4745 1109 4811 Amalec
1141 4751 1197 4812 et
1236 4745 1667 4829 chananaeus,
1707 4750 1819 4831 qui
1860 4748 2219 4817 habitabant
2253 4751 2321 4816 in
2353 4755 2553 4816 monte

607 4834 733 4913 illo,
766 4837 1325 4914 percusseruntque
1356 4853 1471 4914 ece,
1517 4839 1574 4899 et
1614 4836 2012 4903 contuderunt
2046 4857 2240 4919 usque
2284 4836 2548 4903 Horma.

780 5001 882 5068 39.
942 5001 1268 5085 Loquutus
1323 5010 1412 5071 est
1463 5006 1659 5090 iyitur
1712 5006 1941 5073 Moses,
2045 5007 2233 5074 Iusta
2288 5006 2549 5092 quidem

608 5087 877 5171 lugendi
938 5108 1133 5155 causa
1200 5087 1356 5169 fuit,
1420 5113 1620 5175 quum
1682 5091 1989 5159 audirent
2042 5094 2291 5169 Deum,
2361 5096 2549 5160 cuius

608 5173 958 5240 tolerantia
994 5174 1193 5242 nimis
1228 5189 1531 5259 proterve
1571 5179 1756 5245 abusi
1794 5180 2071 5259 fuerant,
2108 5179 2375 5263 posthac
2413 5178 2551 5246 fore

783 5363 842 5433 1)
879 5363 951 5419 In
987 5368 1262 5435 maraine.-
1299 5367 1414 5433 Vel,
1454 5368 1686 5437 qnando.

2004 443 2410 513 REDI'I'US
2456 445 2585 511 AD
2628 443 3174 517 HISTORIAM.

4459 443 4592 513 208

2644 632 3144 716 implacabilem.
3235 631 3372 699 Sed
3414 633 3522 700 hic
3566 632 3755 700 nobis
3809 642 3963 699 ante
4005 632 4226 700 oculos
4270 633 4593 700 statuitur

2647 718 2921 785 tristitia
2965 716 3324 786 secundum
3369 718 3720 800 mundum,
3764 738 3929 804 quae
3971 728 4250 786 mortem
4292 730 4589 804 generat,

2646 814 2724 870 ιιι
2768 805 2982 890 inquit
3023 804 3278 871 Paulus
3314 803 3402 892 (2.
3446 804 3596 871 Cor.
3644 806 3704 887 7,
3751 803 3891 893 10),
3938 804 4099 871 dum
4141 805 4328 888 impii
4370 804 4589 872 flendo

2647 902 2711 955 et
2756 889 3178 974 querulando,
3223 912 3360 955 non
3404 891 3717 957 desinunt
3763 901 3983 957 tamen
4027 889 4342 957 adversus
4363 889 4587 957 Deum

2647 976 2957 1056 fremere,
3024 977 3155 1042 imo
3199 976 3441 1043 maiore
3484 976 3852 1060 pervicacia
3895 977 4194 1042 fraenum
4239 975 4587 1043 arrodunt:

2646 1072 2713 1127 et
2755 1064 2848 1127 ita
2893 1071 3200 1147 tanquam
3257 1063 3438 1129 ferae
3478 1071 3546 1127 et
3590 1060 4020 1128 indomabiles
4063 1062 4341 1139 bestiae,
4395 1082 4590 1129 caeca

2647 1148 3100 1230 desperatione
3179 1156 3383 1214 ruunt
3461 1147 3544 1214 ad
3625 1157 3914 1215 mortem.
4024 1147 4246 1215 Nullis
4324 1146 4588 1231 quidem

2644 1234 2955 1317 lacrymis
3019 1233 3251 1299 redimi
3308 1244 3563 1316 poterat
3620 1232 3998 1317 temporalis
4052 1251 4295 1316 poena:
4351 1254 4589 1300 verum

2646 1320 2702 1385 si
2755 1317 3178 1403 resipiscendi
3239 1320 3498 1386 animus
3563 1319 3823 1396 fuisset.
3891 1320 4157 1385 unicum
4222 1318 4590 1385 remedium

2645 1410 2788 1470 erat
2830 1415 3061 1489 sponte
3120 1425 3192 1470 se
3249 1404 3519 1481 dedere,
3577 1411 3644 1470 et
3686 1404 3940 1489 placide
3995 1403 4215 1472 subire
4273 1403 4588 1488 quidquid

2644 1491 3088 1575 castigationis
3132 1490 3430 1575 infligere
3475 1488 3619 1558 Deo
3661 1489 3967 1574 placeret.
4059 1492 4264 1574 Atqui
4301 1491 4588 1575 primum

2644 1576 2922 1659 superbe
2964 1574 3397 1655 obluctantur,
3444 1585 3520 1641 ut
3561 1597 3840 1660 poenam
3887 1577 4009 1643 sibi
4052 1576 4425 1660 impositam
4470 1596 4587 1642 ex-

2645 1663 2917 1740 cutiant,
2973 1670 3042 1727 et
3083 1662 3543 1745 poenitentiam
3590 1661 3960 1728 simulando
4004 1663 4215 1747 magis
4258 1682 4332 1728 ac
4378 1661 4590 1746 magis

2649 1747 2964 1814 adversus
3022 1748 3237 1813 Deum
3294 1747 3632 1814 ferociunt.
3723 1748 4018 1815 Dubium
4074 1749 4251 1813 enim
4304 1766 4439 1812 non
4485 1756 4590 1814 est

2649 1834 2809 1917 quin
2870 1833 3161 1917 obsequii
3214 1843 3564 1917 praetextu
3620 1854 3812 1899 mane
3866 1834 4113 1899 fuerint
4166 1832 4441 1899 accincti
4502 1831 4590 1899 ad

2645 1918 3071 2003 pergendum.
3177 1917 3312 1984 Sed
3368 1939 3679 2003 quorsum
3740 1918 3806 1983 id
3824 1968 3841 1998 ,
3898 1920 4025 1987 nisi
4080 1927 4157 1984 ut
4209 1918 4591 1986 inviolabile

2646 2006 2777 2072 Dei
2821 2004 3152 2071 decretum
3184 2003 3600 2072 everterent?
3647 2004 3910 2070 Interea
3951 2005 4137 2089 quasi
4180 2005 4322 2087 ipso
4354 2003 4590 2084 invite,

2651 2111 3073 2175 perrumpere
3126 2098 3471 2156 tentarunt
3525 2111 3654 2174 quo
3716 2090 3996 2156 vetabat.
4084 2091 4256 2157 Ecce
4300 2111 4416 2156 nos
4460 2087 4591 2176 (in-

2649 2174 2910 2262 quiunt)
2953 2176 3166 2260 parati
3210 2198 3467 2242 sumus:
3524 2196 3698 2256 sero,
3758 2178 3913 2260 quia
3963 2176 4304 2260 praeteriit
4355 2195 4592 2260 oppor-

2650 2262 2914 2329 tunitas.
2960 2261 3134 2328 Nam
3156 2263 3324 2328 sicut
3357 2263 3659 2329 hortatur
3699 2281 3817 2328 nos
3840 2260 4335 2348 propheta(1sa.
4372 2260 4478 2341 55,
4501 2261 4593 2349 6),

2650 2356 2725 2414 ιιι
2767 2368 3158 2431 quaeramus
3181 2348 3398 2414 Deum
3444 2347 3598 2413 dum
3644 2348 3928 2414 inveniri
3971 2356 4207 2432 potest,
4252 2348 4348 2414 sio
4391 2349 4595 2415 etiam

2650 2434 2834 2517 sequi
2890 2442 3147 2517 oportet
3204 2432 3464 2516 quando
3521 2454 3640 2499 nos
3688 2442 3888 2501 vocat.
3977 2432 4314 2515 Quorsum
4367 2443 4593 2500 autem

2649 2528 3069 2605 praepostera
3149 2521 3311 2586 haec
3389 2519 3613 2670 P⁰S¹¹¹i
3680 2518 4026 2586 alacritas?
4115 2518 4341 2602 Quum
4404 2517 4593 2586 Deus

2653 2603 3060 2671 retrocedere
3116 2606 3289 2688 ipsos
3346 2606 3416 2670 in
3518 2613 3806 2672 esertum
3867 2603 4058 2684 velit,
4125 2605 4401 2671 ulterius
4445 2626 4593 2689 per-

2654 2689 2866 2775 gendo
2929 2691 3202 2773 parendi
3269 2690 3562 2759 studium
3630 2710 3787 2775 prae
3839 2712 3910 2757 se
3969 2692 4206 2759 ferunt.
4309 2690 4595 2759 Perinde

2653 2788 2875 2843 tamen
2921 2776 2988 2842 id
3033 2776 3269 2843 volunt
3313 2777 3518 2860 accipi
3562 2784 3755 2861 atque
3791 2778 4025 2849 iustam
4066 2774 4596 2860 satisfactionem,

2657 2862 2813 2929 dum
2857 2883 2927 2928 se
2973 2861 3265 2928 fatentur
3309 2882 3624 2946 peccasse.

2827 2947 2932 3014 41.
3009 2947 3089 3016 Ut
3144 2949 3300 3032 quid
3352 2948 3890 3033 trmzsyredimini.
3980 2947 4316 3032 Repudiat
4372 2950 4595 3016 fictam

2656 3033 3123 3119 poenitentiam
3143 3085 3159 3113 ,
3217 3054 3344 3119 qua
3394 3044 3691 3118 peccator
3744 3033 3871 3100 huc
3913 3033 4070 3100 illuc
4112 3034 4599 3121 circumagitur,

2658 3128 2732 3189 ut
2775 3141 2844 3186 se
2881 3121 3022 3187 Deo
3066 3141 3196 3186 non
3243 3119 3517 3188 addicat.
3608 3118 3683 3187 Si
3725 3120 4073 3187 reverteris
4113 3120 4340 3201 Israel,
4382 3121 4601 3205 inquit

2657 3207 2842 3272 Deus
2877 3205 3051 3290 apud
3074 3206 3423 3272 Ieremiam
3456 3204 3543 3292 (4,
3590 3204 3674 3293 1),
3720 3205 3803 3273 ad
3847 3226 3952 3273 me
3994 3215 4347 3273 revertere.
4413 3207 4596 3291 Ergo

2658 3291 3024 3445 stifft?
3041 3291 3517 3462 assssffiidffi
3561 3299 3702 3445 0⁴3?ss
3742 3290 4256 3462 {atet-‘¹213
4295 3292 4597 3445 Joeffl‘*

2660 3463 2896 3531 dictos:
2976 3463 3183 3531 Porro
3261 3473 3335 3531 ut
3410 3464 3845 3530 temeritatem
3924 3472 4293 3549 compescat
4355 3465 4597 3545 Moses,

2657 3549 2907 3616 frustra
2947 3570 3334 3634 prosperum
3377 3557 3686 3616 eventum
3733 3550 3983 3634 sperari
4029 3549 4355 3628 admonet,
4399 3551 4510 3618 ubi
4555 3571 4598 3617 a

2661 3635 2786 3703 Dei
2823 3635 3133 3702 mandato
3170 3636 3514 3707 receditur.
3580 3639 3803 3720 Atque
3843 3635 4003 3702 haec
4049 3636 4237 3705 valde
4282 3636 4466 3703 utilis
4498 3643 4602 3704 est

2658 3721 3006 3802 doctrina,‘
3030 3722 3313 3807 gratiam
3355 3722 3481 3788 Dei
3524 3741 3857 3805 nunquam
3904 3722 4157 3803 defore,
4207 3721 4396 3791 modo
4439 3721 4596 3789 sim-

2657 3805 2915 3892 pliciter
2958 3806 3334 3876 obediamus
3377 3808 3516 3875 eius
3564 3807 3790 3874 verbo:
3845 3806 3960 3874 sed
4003 3808 4162 3874 dum
4204 3809 4441 3893 spretis
4482 3807 4598 3875 vel

2657 3893 2971 3979 neglectis
3039 3893 3177 3960 eius
3243 3894 3607 3977 praeceptis
3672 3893 3930 3977 proprio
4010 3916 4204 3961 sensu
4277 3895 4594 3978 rapimur,

2656 4000 2991 4064 nunquam
3038 3978 3285 4046 laetum
3322 4002 3442 4046 nec
3487 3979 3736 4046 felicem
3781 3981 3919 4045 fore
3961 3979 4235 4046 exitum.
4323 3979 4401 4046 Si
4449 3981 4595 4064 quis

2657 4065 2949 4144 obiiciat,
3019 4088 3151 4132 non
3205 4065 3382 4137 aliud
3439 4065 3694 4137 miseris
3746 4064 3947 4131 fuisse
4002 4065 4397 4135 remedium:
4464 4067 4602 4140 iam,

2657 4150 2797 4217 dixi
2842 4151 3139 4219 debuisse
3183 4152 3306 4218 hoc
3347 4151 3580 4218 solatio
3623 4172 3767 4218 esse
3823 4159 4165 4218 contentos
4208 4152 4375 4236 quod
4421 4153 4595 4219 exsi-

2656 4237 2817 4303 lium
2864 4259 2903 4303 a
2947 4248 3124 4304 terra
3167 4236 3483 4304 chanaan
3541 4260 3674 4306 non
3726 4247 3900 4304 esset
3951 4246 4218 4304 aeterna
4275 4236 4598 4305 abdicatio

2657 4343 2700 4390 a
2742 4344 2857 4408 spe
2900 4324 3076 4390 vitae
3119 4322 3447 4391 coelestis:
3494 4325 3627 4389 imo
3671 4323 3726 4390 si
3770 4343 3985 4390 coram
4032 4322 4177 4389 Deo
4221 4344 4291 4391 se
4329 4323 4596 4390 humili·

2656 4418 2910 4486 assent.
2970 4431 3234 4493 sperare
3294 4418 3592 4492 poterant
3646 4428 3919 4493 poenam
3977 4407 4159 4475 illam
4216 4409 4598 4479 adiumento

2656 4493 2780 4560 sibi
2848 4495 2982 4561 fore
3045 4496 3113 4561 in
3181 4495 3445 4561 bonum.
3558 4494 3753 4561 Nunc
3817 4516 4161 4579 perperam
4239 4496 4598 4581 satagendo

2659 4580 2901 4646 malum
2950 4580 3298 4664 duplicant.
3388 4582 3744 4665 Postquam
3789 4589 4004 4647 autem
4060 4582 4419 4664 periculum
4463 4581 4597 4650 illis

2656 4666 2940 4732 ostendit
2996 4667 3249 4747 Moses,
3315 4669 3554 4733 iterum
3621 4666 3909 4735 inculcat
3972 4667 4189 4735 Deum
4253 4688 4372 4752 pro
4438 4669 4597 4751 ipsis

2658 4773 2785 4817 non
2832 4761 3023 4831 stare,
3069 4755 3222 4836 quia
3256 4773 3404 4818 eum
3443 4751 3878 4820 deseruerint:
3924 4774 4044 4819 nec
4077 4751 4598 4821 benedictionem

2656 4837 2796 4903 eius
2840 4847 3100 4921 praesto
3143 4838 3309 4916 fore,
3351 4838 3508 4922 quia
3550 4839 3769 4922 ipsum
3815 4838 3885 4902 in
3927 4846 4222 4923 tempore
4264 4842 4446 4925 sequi
4492 4862 4599 4907 re-

2656 4925 3048 4990 cusaverint.

2824 5008 2930 5076 44.
2979 5009 3394 5093 Sumpserunt
3424 5015 3629 5077 tamen
3661 5010 3922 5077 animoa.
3985 5011 4135 5079 Non
4171 5012 4300 5076 fuit
4332 5011 4601 5096 quidem

2656 5094 2788 5159 illis
2831 5096 3088 5162 animus
3133 5118 3202 5162 se
3248 5096 3400 5163 data
3446 5117 3638 5181 opera
3685 5096 3936 5177 efferre,
3979 5104 4055 5162 ut
4091 5097 4233 5163 Deo
4269 5120 4601 5184 repugna-

2657 5192 2824 5258 rent,
2872 5182 3029 5265 quin
3077 5183 3293 5265 potins
3341 5183 3464 5248 hoc
3507 5181 3746 5266 piaculi
3792 5202 4033 5266 genere
4076 5183 4334 5265 placare
4377 5186 4598 5269 ipsum

2655 5265 3023 5333 studebant.
3114 5267 3249 5336 Nec
3295 5267 3501 5334 defuit
3544 5268 3717 5335 color
3760 5267 3843 5332 ad
3889 5267 4281 5351 fallendum,
4338 5270 4602 5354 quando

2655 5356 2864 5437 parati
2911 5363 3095 5420 erant
3139 5352 3220 5420 ad
3258 5360 3537 5420 mortem
3583 5352 3883 5420 alacriter
3927 5375 4297 5440 properare,
4346 5367 4420 5422 ut
4454 5358 4602 5425 ani-
