5017 6142
510 471 641 538 103

514 677 651 724 non
720 657 1106 741 simpliciter
1171 658 1191 722 i
1242 657 1478 737 noscit,
1538 664 1806 742 gustum
1873 657 2155 741 aliquem
2223 660 2478 725 miseri-

516 743 779 812 cordiae
838 764 995 810 suae
1055 743 1185 810 dan
1233 765 1304 821 o,
1359 745 1518 809 satis
1578 742 1660 809 ad
1714 744 1882 810 bene
1924 743 2323 829 sperandum
2369 765 2481 811 eos

519 830 789 897 animat.
880 830 1054 896 Nam
1120 829 1292 912 quod
1349 828 1615 895 videtur
1678 850 2027 915 suspensos
2092 831 2482 914 relinquere,

516 937 653 983 non
698 914 856 980 facit
900 936 977 981 eo
1019 916 1293 982 consilio
1337 923 1413 980 ut
1456 914 1832 981 dubitanter
1873 916 1955 981 ad
2001 914 2482 1000 deprecandum

522 1001 871 1069 accedant:
946 999 1062 1067 sed
1147 1010 1217 1067 ut
1297 1000 1600 1067 anxietas
1661 1003 1870 1086 magis
1954 1024 2029 1069 ac
2100 1005 2309 1087 magis
2375 1024 2484 1069 eos

519 1088 830 1155 sollicitet
910 1087 992 1152 ad
1059 1086 1368 1171 precandi
1435 1085 1760 1169 studium,
1846 1094 1913 1154 et
1977 1090 2046 1154 in
2111 1089 2486 1155 humilitate

520 1175 876 1240 contineat.

1055 1515 1192 1582 EX
1235 1513 1566 1583 EODEM
1613 1515 1967 1584 OAPITE.

698 1690 756 1754 7.
815 1688 1025 1755 Moses
1066 1692 1271 1754 autem
1312 1689 1546 1770 accepit
1588 1688 2078 1770 tabernaculum,
2122 1695 2177 1755 et
2217 1690 2491 1757 extendit

523 1776 689 1844 illud
745 1776 870 1841 sibi
923 1780 1101 1840 extra
1156 1779 1401 1855 castra,
1444 1776 1673 1856 procul
1728 1797 1770 1841 a
1825 1778 2086 1841 castris:
2144 1775 2490 1863 (vocaverat

525 1868 736 1930 autem
792 1861 958 1926 illud
1014 1859 1482 1927 tabernaculum
1536 1862 1979 1943 conventionis)
2036 1866 2092 1927 et
2145 1864 2493 1945 quicunque

526 1948 882 2031 requirebat
917 1945 1229 2024 lehovam,
1272 1946 1698 2031 eqrediebatur
1730 1949 1818 2014 ad
1849 1948 2313 2014 tabernaculum
2356 1969 2492 2015 con-

526 2035 841 2102 ventionis
884 2033 1048 2115 quod
1080 2038 1211 2098 erat
1245 2038 1424 2098 extra
1458 2038 1685 2100 castra.
1755 2033 1814 2100 8.
1865 2033 2203 2099 Praeterea
2243 2035 2493 2116 quando

528 2120 956 2206 eqrediebatur
999 2117 1210 2185 Moses
1251 2119 1340 2184 ad
1380 2119 1871 2197 tabernaculum,
1933 2120 2300 2204 assurqebat
2351 2123 2494 2187 uni-

526 2226 748 2273 versus
778 2204 1090 2288 populus.-
1140 2203 1507 2287 stabantque
1559 2206 1797 2289 sinyuli
1850 2205 1935 2271 ad
1975 2207 2205 2272 ostium
2248 2208 2495 2273 tentorii

528 2294 666 2372 sui,
733 2297 789 2356 et
847 2290 1228 2373 aspiciebant
1277 2297 1427 2371 post
1486 2289 1741 2372 Mosen,
1815 2293 2005 2358 donec
2068 2293 2493 2374 iuqrederetur

529 2377 1011 2444 tabernaculum.
1123 2377 1183 2442 9.
1242 2375 1410 2442 Erat
1470 2383 1681 2442 autem
1751 2379 2003 2460 quando
2066 2379 2496 2461 eqrediebatur

538 2463 752 2531 Moses
776 2463 1260 2543 tabernaculum,
1295 2462 1686 2529 descendebat
1706 2463 1989 2529 columna
2014 2462 2216 2541 nubta,
2257 2464 2492 2530 stabat-

529 2570 649 2633 que
694 2550 781 2615 ad
840 2550 1068 2614 ostium
1125 2548 1540 2628 tabernaculi,
1596 2554 1654 2615 et
1706 2548 2065 2630 loquebatur
2113 2570 2254 2615 cum
2299 2549 2492 2616 Mose.

538 2637 641 2702 10.
709 2634 943 2701 Videus
994 2655 1136 2700 vero
1188 2635 1520 2701 universus
1564 2634 1850 2717 populus
1902 2635 2251 2702 columnam
2306 2635 2493 2702 nubis

528 2727 795 2790 stantem
850 2722 936 2787 ad
991 2722 1221 2786 ostium
1276 2720 1680 2800 tabernaculi,
1749 2721 2112 2805 assumebat
2159 2723 2496 2789 universus

520 2808 835 2891 populuS,
895 2811 953 2871 et
993 2806 1293 2872 adorabat
1348 2808 1608 2888 quisque
1662 2807 1751 2872 ad
1789 2808 2016 2873 ostium
2072 2808 2320 2874 tentorii
2367 2808 2492 2873 sui.

540 2894 641 2959 11.
702 2893 789 2958 Et
846 2893 1208 2975 loquebatur
1253 2890 1482 2958 Iehova
1530 2892 1696 2974 facie
1751 2893 1839 2958 ad
1886 2894 2145 2974 faciem,
2199 2895 2495 2976 quemad-

529 2981 785 3047 modum
857 2979 1202 3060 alloquitur
1269 2978 1591 3061 quispiam
1652 2980 1928 3045 amicum
1987 2999 2175 3046 suum
2190 3004 2210 3044 .-
2271 2984 2495 3060 postea

531 3065 948 3133 revertebatur
988 3065 1076 3131 ad
1118 3067 1344 3142 castra,
1390 3069 1457 3129 at
1496 3065 1782 3130 minister
1824 3065 1963 3131 eius
2006 3064 2277 3131 Iehosua
2316 3065 2496 3147 filius

536 3152 695 3220 Nun
736 3150 985 3217 iuvenis
1026 3170 1148 3216 uon
1189 3149 1501 3218 recedebat
1540 3171 1573 3217 e
1610 3152 1813 3217 medio
1852 3151 2252 3218 tabernaculi.

717 3323 773 3387 7.
845 3321 1052 3387 Moses
1095 3327 1302 3389 autem
1343 3322 1577 3406 accepit
1622 3322 2106 3390 tabernaculum.
2164 3322 2326 3388 Fuit
2369 3323 2494 3390 hoc

536 3407 807 3475 divortii
855 3408 1114 3493 signum
1177 3409 1351 3473 inter
1399 3409 1617 3474 Deum
1653 3418 1721 3475 et
1766 3408 2136 3490 Israelitas,
2179 3430 2216 3475 e
2259 3410 2493 3476 castris

536 3493 882 3561 transferri
919 3492 1423 3575 tabernaculum,
1458 3504 1526 3559 et
1549 3495 1777 3578 procul
1806 3495 2038 3561 locari:
2082 3515 2157 3561 ac
2189 3495 2247 3561 si
2275 3493 2491 3561 Deum

535 3581 762 3666 ipsum
807 3600 962 3645 suae
1006 3598 1155 3643 cum
1202 3578 1327 3644 illis
1363 3581 1843 3647 coniunctionis
1878 3582 2186 3647 taederet.
2234 3581 2490 3647 Promi-

535 3675 716 3735 serat
759 3665 1114 3748 singularis
1173 3664 1466 3730 beneficii
1509 3666 1686 3749 loce,
1744 3689 1814 3732 se
1870 3669 1938 3731 in
1994 3667 2205 3732 medio
2264 3667 2493 3751 populi

535 3751 1026 3820 habitaturum:
1075 3771 1252 3816 nunc
1302 3750 1432 3816 alio
1497 3752 1791 3835 migrans
1847 3752 2127 3838 pollutos
2181 3775 2324 3819 esse
2383 3752 2492 3819 de-

538 3840 767 3907 clarat.
859 3839 1161 3921 Denique
1220 3837 1621 3903 tabernaculi
1676 3836 1980 3905 abductio
2039 3839 2309 3921 perinde
2367 3840 2493 3904 fuit

542 3945 621 3990 ac
683 3925 1050 3992 tabularum
1107 3923 1443 3989 fractura:
1503 3924 1654 4006 quia
1709 3925 1901 3990 sicuti
1958 3924 2178 3989 Moses
2234 3923 2492 3992 tabulas

537 4011 905 4097 frangendo
946 4008 1176 4076 foedus
1218 4008 1349 4074 Dei
1395 4010 1688 4092 abrupit,
1745 4010 1838 4076 sic
1881 4012 2024 4077 eius
2067 4012 2491 4076 contubernio

540 4112 609 4164 et
650 4098 1021 4182 praesentia
1076 4095 1366 4181 privavit
1409 4096 1492 4160 ad
1539 4106 1796 4179 tempus
1851 4094 2205 4162 Israelitas.
2296 4095 2487 4176 Quod

541 4193 880 4268 exponunt
935 4183 1199 4267 quidam
1255 4181 1335 4246 de
1394 4182 1590 4248 Mosis
1658 4182 2105 4259 tabernaculo,
2172 4182 2493 4248 refellitur

539 4270 769 4336 multis
833 4278 900 4333 et
962 4269 1171 4334 firmis
1249 4268 1629 4334 rationibus.
1715 4270 1974 4349 Prim0,
2051 4290 2186 4334 non
2253 4266 2493 4334 dicitur

536 4378 733 4425 suum
769 4356 975 4439 ipsius
1018 4352 1511 4419 tabernaculum
1556 4356 1916 4436 abstulisse,
1961 4354 2073 4422 sed
2109 4355 2495 4438 simpliciter

540 4456 608 4511 et
690 4443 933 4525 absque
1013 4439 1377 4505 adiectione
1448 4440 1715 4523 ponitur
1783 4462 2020 4507 nomen
2087 4441 2492 4508 tabernaculi

541 4528 672 4596 κατ’
709 4526 932 4609 ἐξοχῆν.
1022 4526 1278 4591 Deinde
1322 4548 1455 4591 non
1523 4529 1805 4592 mutavit
1866 4529 2009 4612 ipse
2072 4527 2493 4593 habitationis

542 4619 785 4683 locum:
831 4612 948 4678 sed
983 4612 1272 4677 interdiu
1317 4621 1575 4677 tantum
1621 4611 1777 4679 illuc
1819 4614 2137 4679 concessit
2179 4612 2495 4680 adorandi

541 4723 757 4781 causa,
795 4700 900 4765 vel
937 4707 1112 4765 certe
1139 4711 1212 4763 ut
1248 4696 1464 4763 Deum
1503 4699 1887 4765 consuleret.
1943 4700 2184 4779 TertiO,
2220 4700 2493 4765 minimo

545 4791 644 4855 fas
682 4788 913 4854 fuisset
936 4806 1195 4852 sacrum
1219 4805 1457 4850 nomen
1479 4787 1737 4867 privato
1776 4785 2193 4852 tabernaculo
2225 4787 2493 4871 imponi,

543 4874 714 4959 quod
780 4874 966 4939 Deus
1023 4870 1394 4937 sanctuario
1459 4892 1576 4936 suo
1657 4871 2116 4939 destinaverat.
2221 4871 2492 4954 Quarto,

546 4963 734 5027 Deus
786 4978 974 5024 suam
1031 4957 1166 5022 illic
1223 4957 1499 5040 gloriam
1565 4957 1982 5041 proferende,
2036 4979 2230 5025 suum
2286 4957 2486 5024 domi·

544 5047 768 5114 cilium
814 5066 957 5111 esse
1002 5053 1277 5109 testatus
1315 5052 1432 5108 cst.
1522 5043 1793 5123 Quinte,
1838 5045 2193 5111 absurdum
2241 5044 2493 5122 fuisset,

544 5130 862 5217 populum
921 5151 1148 5197 versus
1203 5150 1349 5195 eam
1395 5140 1646 5212 partem
1704 5130 1924 5195 Deum
1969 5150 2308 5214 quaerere,
2368 5132 2496 5197 nisi

547 5219 729 5283 locus
772 5217 1004 5283 fuisset
1046 5236 1247 5282 sacer.
1340 5213 1578 5295 Sexto,
1635 5214 2145 5282 considerandus
2200 5228 2300 5281 est
2342 5217 2496 5282 finis

549 5324 745 5387 quem
794 5303 1016 5386 attigi:
1065 5324 1274 5386 neque
1333 5302 1509 5365 enim
1571 5300 1788 5367 Moses
1833 5324 1903 5367 se
1946 5324 1986 5367 a
2030 5301 2263 5386 populo
2308 5324 2495 5388 sepa-

544 5391 757 5471 ravit,
817 5389 976 5473 quin
1018 5389 1237 5472 potius
1282 5409 1400 5454 suo
1457 5408 1637 5452 more
1676 5386 1740 5452 in
1787 5390 2020 5456 mediis
2063 5389 2293 5455 castris
2357 5410 2495 5455 ver-

1942 468 2353 538 REDITUS
2399 471 2526 538 AD
2571 468 3117 538 HISTORIAM.

4413 468 4542 534 104

2587 669 2769 726 satus
2814 666 2934 725 est:
2981 658 3095 726 sed
3131 659 3475 726 ostendere
3519 659 3730 728 voluit
3764 660 3983 726 Deum
4017 681 4054 725 e
4087 658 4229 725 loco
4265 657 4539 741 profano

2585 768 2655 812 se
2700 745 3078 829 subducere,
3122 765 3207 811 ne
3246 746 3400 829 quid
3444 746 3851 830 contagionis
3893 744 4050 810 inde
4094 744 4540 812 contraheret:

2585 841 2662 896 ut
2684 839 2857 898 esset
2882 830 3197 915 quaedam
3230 832 3928 899 excommunicationis
3951 831 4217 915 species.
4271 828 4541 895 Dicitur

2585 926 2805 983 autem
2851 917 2976 983 sibi
3011 916 3388 997 tetendisse,
3433 939 3567 983 non
3604 919 3672 982 in
3709 918 4042 1001 privatum
4079 937 4265 983 usum
4314 915 4535 1001 (sicuti

2587 1024 2673 1068 ex
2731 1010 3044 1069 contextu
3095 1002 3311 1155 patet?>
3351 1003 3464 1070 sed
3510 1025 3592 1069 ex
3637 1004 3969 1070 communi
4013 1024 4165 1081 usu,
4223 1001 4336 1067 ubi
4387 1022 4539 1085 par-

2587 1088 2787 1155 ticula
2840 1074 2901 1157 15
2957 1110 3151 1173 saepe
3230 1112 3269 1155 a
3317 1090 3539 1155 undat.
3630 1088 4026 1172 Quanquam
4104 1089 4362 1172 proprie
4443 1088 4539 1152 lo·

2588 1174 2847 1259 quendo
2901 1174 3027 1241 sibi
3071 1173 3383 1241 tetendit:
3436 1175 3591 1260 quia
3634 1175 3899 1241 nonnisi
3937 1175 4062 1258 ipsi
4108 1175 4223 1239 uni
4258 1184 4321 1238 et
4364 1194 4540 1239 seor-

2590 1283 2736 1327 sum
2797 1262 3061 1344 patebat
3114 1280 3430 1327 accessus.
3520 1260 3654 1343 Qui
3710 1262 3791 1326 ad
3848 1261 4182 1346 privatum
4237 1260 4540 1325 taberna-

2591 1348 2810 1412 culum
2865 1347 3189 1424 referunt,
3245 1354 3484 1432 putant
3535 1347 3826 1432 opinioni
3881 1368 4039 1413 suae
4088 1345 4261 1430 quod
4317 1353 4542 1428 postea

2591 1434 2892 1517 sequitur
2970 1433 3347 1517 suffragari,
3431 1433 3663 1499 Mosen
3731 1454 3997 1500 vocasse
4048 1431 4541 1498 tabernaculum

2591 1519 2805 1584 Moed.
2897 1517 3063 1584 Inde
3106 1520 3283 1584 enim
3329 1518 3651 1604 colligunt
3694 1540 3824 1584 non
3864 1519 4066 1585 fuisse
4111 1519 4292 1601 prius
4337 1517 4543 1583 hono-

2590 1605 2772 1671 rifico
2816 1604 2928 1669 illo
2965 1604 3173 1687 elogio
3213 1605 3490 1691 insigne,
3535 1607 3649 1670 sed
3695 1604 3884 1671 facile
3920 1604 4196 1670 diluitur
4229 1603 4540 1669 obiectio:

2588 1692 2742 1775 quia
2804 1692 3015 1774 magis
3080 1701 3593 1757 consentaneum
3659 1700 3760 1757 est
3819 1711 3937 1775 per
3996 1689 4429 1775 parenthesin
4472 1687 4542 1753 id

2590 1777 2798 1843 inseri
2842 1777 2910 1840 in
2956 1785 3284 1842 contextu.
3372 1777 3662 1859 Ideoque
3711 1787 4002 1860 temporo
4047 1777 4547 1860 plusquamper-

2594 1861 2763 1928 fecto
2822 1862 3156 1929 commode
3200 1863 3375 1929 verti
3408 1874 3639 1948 potest.
3728 1863 3900 1929 Nam
3954 1862 4080 1929 hac
4125 1883 4283 1928 voce
4326 1861 4545 1944 expri-

2596 1949 2798 2014 mitur
2841 1948 3042 2028 rati0,
3087 1970 3205 2015 cur
3249 1948 3377 2014 alio
3421 1972 3491 2016 se
3526 1950 3712 2015 Deus
3754 1949 4140 2016 contulerit:
4180 1960 4252 2013 ut
4296 1946 4547 2014 scilicet

2594 2034 2777 2101 locus
2842 2054 3034 2116 quem
3101 2035 3183 2099 ad
3242 2034 3702 2119 paciscendum
3767 2033 4181 2112 condixerat,
4248 2041 4551 2098 maneret

2597 2120 2916 2187 desertus.
3006 2119 3398 2204 Quanquam
3466 2120 3522 2187 si
3583 2120 3662 2186 de
3725 2119 3838 2186 illo
3897 2120 4205 2203 temporis
4273 2118 4548 2186 articulo

2597 2208 2890 2292 accipere
2932 2206 3156 2285 liceat,
3215 2227 3348 2271 non
3394 2207 3562 2271 male
3606 2208 3960 2273 conveniet
3995 2208 4060 2272 in
4104 2229 4174 2272 re
4217 2205 4547 2289 praesenti

2596 2291 3177 2359 commonefactum
3237 2293 3435 2358 fuisse
3490 2292 3803 2378 populum
3870 2292 3953 2358 de
4012 2292 4185 2357 tristi
4247 2289 4545 2357 dissidio:

2596 2388 2664 2445 et
2707 2379 2942 2444 Mosen
2999 2398 3127 2461 quo
3168 2378 3319 2462 plus
3361 2379 3757 2463 ignominiae
3804 2387 3873 2445 et
3914 2378 4184 2464 pudoris
4228 2377 4552 2463 irrogaret

2597 2465 2853 2549 popule,
2901 2484 3164 2530 vocasse
3205 2464 3697 2532 tabernaculum
3742 2474 4104 2530 conventus
4151 2462 4318 2547 quod
4353 2463 4551 2546 longe

2601 2573 2641 2616 a
2706 2549 2940 2616 castris
3008 2549 3306 2615 distabat.
3397 2551 3500 2616 De
3565 2572 3725 2617 voce
3791 2550 3989 2616 Moed
4050 2571 4185 2616 non
4250 2557 4549 2632 repetam

2600 2657 2767 2720 quae
2824 2635 2979 2787 8121ξί
3041 2636 3196 2701 dixi.
3296 2636 3542 2702 Petant
3598 2637 3806 2721 igitur
3890 2636 4164 2703 lectores
4245 2657 4328 2701 ex
4417 2635 4550 2700 fine

2598 2722 2829 2806 capitis
2960 2772 2975 2787 .

2773 2808 2831 2873 7.
2931 2808 3292 2890 Quicunque
3386 2807 3742 2891 requirebat
3843 2807 4157 2874 Iehovam.
4259 2804 4549 2887 Quidam

2599 2895 3121 2978 interpretantur
3177 2893 3550 2960 consulere:
3607 2894 3720 2960 sed
3776 2894 4100 2980 generalis
4157 2892 4550 2978 significatio

2599 2980 2834 3046 melius
2900 2978 3072 3065 (meo
3139 2978 3406 3066 iudicio)
3464 2981 3790 3047 convenit.
3883 2978 4039 3047 Sive
4097 3000 4253 3064 ergo
4320 2978 4553 3043 testari

2602 3066 2843 3133 vellent
2878 3086 3064 3132 suam
3104 3066 3412 3148 pietatem
3449 3067 3518 3131 in
3556 3074 3831 3132 externo
3867 3066 4068 3143 cultu,
4104 3067 4243 3131 sive
4277 3064 4551 3148 precari,

2600 3154 2740 3218 sive
2777 3152 2846 3216 in
2889 3151 3083 3218 rebus
3120 3151 3334 3217 dubiis
3380 3152 3721 3218 consilium
3759 3161 4001 3235 petere,
4046 3151 4552 3236 egrediebantur

2599 3258 2833 3303 versus
2875 3237 3038 3302 illud
3082 3239 3546 3317 sanctuarium,
3589 3249 3662 3302 ut
3697 3238 3921 3304 oculos
3965 3238 4120 3304 illuc
4154 3237 4553 3304 coniicerent

2600 3324 2748 3389 Non
2787 3323 3095 3407 intelligit
3118 3323 3337 3389 Moses
3373 3322 3456 3391 ad
3490 3323 3707 3390 locum
3742 3324 3931 3389 illum
3968 3323 4251 3401 venisse,
4290 3344 4330 3388 a
4365 3323 4551 3388 cuius

2601 3431 2864 3477 accessu
2918 3431 2989 3476 se
3050 3419 3361 3492 tanquam
3419 3409 3701 3494 pollutos
3748 3410 4043 3477 sciebant
4100 3409 4325 3475 arceri.
4413 3405 4551 3475 Sed

2601 3495 2707 3562 hic
2762 3517 3064 3581 egressus
3122 3502 3386 3561 tantum
3451 3495 3533 3561 ad
3593 3495 4042 3564 testimonium
4108 3494 4553 3579 poenitentiae

2599 3580 2888 3648 valebat:
2948 3601 3024 3647 ac
3080 3581 3138 3646 si
3193 3580 3503 3666 indignos
3568 3602 3638 3647 se
3686 3590 4118 3666 agnoscerent
4162 3581 4398 3665 quibus
4448 3601 4552 3644 re·

2599 3667 2951 3752 sponderet
3006 3668 3222 3745 Deus,
3278 3668 3408 3733 nisi
3462 3666 3869 3734 discederent
3925 3668 4007 3734 ab
4051 3688 4130 3733 eo
4171 3667 4313 3734 loeo
4359 3685 4554 3750 quem

2597 3752 2880 3820 nefando
2934 3752 3178 3820 scelere
3233 3753 3674 3820 foedaverant.
3760 3753 3946 3821 Utile
4005 3775 4161 3820 vero
4214 3753 4376 3838 ipsis
4427 3752 4552 3817 fuit

2598 3840 2690 3906 sic
2736 3839 3102 3919 humiliari,
3149 3860 3277 3922 quo
3323 3841 3568 3905 maiore
3626 3840 3697 3904 in
3742 3841 3889 3905 odio
3928 3848 4103 3905 esset
4161 3839 4550 3905 idololatria.

2597 3925 2736 3992 Nec
2784 3936 3113 4010 repugnat
3154 3923 3327 4008 quod
3372 3935 3598 4009 postea
3639 3926 3966 4010 sequitur,
4006 3926 4267 3992 stetisse
4313 3945 4551 3990 unum·

2596 4032 2917 4095 quemque
2953 4011 3034 4076 ad
3071 4013 3308 4076 ostium
3347 4012 3613 4077 tentorii
3649 4015 3770 4090 sui,
3807 4012 4068 4095 quando
4092 4009 4552 4096 egrediebatur

2597 4098 2847 4163 Moses:
2894 4098 3047 4179 quia
3093 4108 3248 4162 tunc
3293 4097 3442 4181 plus
3482 4099 3887 4164 reverentiae
3931 4107 3998 4162 et
4041 4099 4310 4163 terroris
4355 4097 4548 4162 debe-

2597 4185 2708 4250 bat
2787 4203 3014 4248 eorum
3097 4183 3334 4249 animis
3409 4184 3697 4249 incutere
3764 4204 3927 4267 quae
3999 4192 4161 4250 tunc
4223 4183 4549 4248 illustrior

2596 4274 2741 4336 erat
2798 4268 2926 4334 Dei
2984 4268 3213 4353 gloria.
3303 4269 3483 4353 Ergo
3542 4270 3792 4352 quoties
3828 4269 3899 4334 in
3959 4270 4086 4335 Dei
4121 4281 4543 4354 conspectum

2597 4377 2668 4421 se
2711 4355 2986 4422 sistebat
3022 4354 3369 4431 mediator,
3430 4374 3563 4420 non
3609 4356 3756 4438 plus
3800 4356 3929 4422 illis
3989 4356 4377 4439 permissum
4422 4354 4547 4420 fuit

2597 4462 2793 4524 quam
2838 4440 3095 4506 eminus
3139 4442 3430 4523 aspicere
3465 4441 3836 4506 columnam
3881 4442 4094 4520 nubis,
4139 4462 4302 4523 quae
4349 4441 4544 4506 etiam

2598 4528 2833 4605 Mosen
2882 4525 3237 4610 recipiebat
3290 4536 3364 4592 ut
3406 4528 3487 4594 ab
3539 4527 3672 4593 illis
3715 4537 4192 4612 segregaretur.
4282 4527 4550 4591 Interea

2596 4612 2960 4679 notandum
3004 4622 3137 4691 est,
3193 4614 3284 4679 sic
3328 4614 3547 4679 Deum
3593 4615 3673 4679 ab
3718 4614 3849 4679 illis
3887 4623 4041 4679 tunc
4075 4614 4419 4697 migrasse,
4473 4620 4546 4677 ut

2598 4708 2860 4765 tantum
2897 4699 3327 4764 reiicerentur
3363 4721 3401 4764 a
3434 4701 3801 4784 propinquo
3837 4718 4118 4778 accessu,
4155 4719 4287 4764 non
4326 4707 4545 4763 autem

2597 4807 2863 4868 prorsus
2900 4784 3097 4849 alieni
3157 4792 3394 4850 essent.
3486 4784 3766 4869 Signum
3816 4786 3990 4849 enim
4034 4785 4188 4851 fidei
4232 4786 4355 4850 fuit
4397 4784 4546 4850 ado-

2597 4871 2800 4937 ratio:
2847 4870 3033 4937 licuit
3077 4870 3209 4936 illis
3253 4872 3507 4954 precari
3551 4881 3619 4937 et
3664 4870 3789 4936 Dei
3835 4871 4115 4954 gratiam
4161 4870 4547 4953 implorare:

2597 4956 2889 5024 sciebant
2945 4956 3014 5021 in
3071 4976 3352 5039 persona
3404 4958 3609 5024 Mosis
3667 4978 3737 5023 se
3788 4956 4103 5022 exaudiri.
4191 4957 4371 5041 Ergo
4416 4977 4546 5022 non

2599 5054 2740 5109 erat
2794 5042 3137 5111 dissidium
3182 5042 3498 5109 eiusmodi
3543 5043 3714 5128 quod
3771 5063 3955 5126 spem
4015 5042 4245 5108 veniae
4298 5041 4430 5107 illis
4472 5042 4546 5107 in

2596 5137 2810 5196 totum
2855 5128 3293 5195 abscinderet:
3340 5130 3455 5196 sed
3499 5130 3669 5213 quod
3714 5138 3978 5195 acueret
4019 5127 4546 5206 sollicitudinem,

2597 5226 2666 5281 et
2709 5237 2819 5282 eos
2855 5215 2937 5280 ad
2981 5215 3496 5299 resipiscentiam
3553 5223 3905 5282 exerceret.
3978 5215 4083 5281 Ita
4126 5236 4318 5298 saepe
4363 5215 4548 5280 Deus

2602 5324 2683 5367 ex
2743 5301 3057 5386 professio
3106 5302 3337 5368 faciem
3383 5322 3572 5367 suam
3623 5300 3960 5367 abscondit
4002 5322 4040 5365 a
4075 5300 4543 5384 peccatoribus,

2601 5411 2725 5472 quo
2773 5409 2925 5455 vere
2970 5386 3344 5453 humiliatos
3388 5387 3470 5452 ad
3515 5409 3586 5454 se
3627 5387 3881 5455 invitet.
3942 5386 4150 5470 quue
4195 5385 4551 5471 diligenter
