5017 6142
519 450 606 517 23
1526 448 2118 517 SANCTIONES
2155 453 2218 516 A
2249 448 3047 517 PROMISSIONIBUS
3082 450 3202 516 ΕΤ
3235 448 3524 517 MINIS.
4445 450 4532 516 24

536 642 639 709 38.
707 640 799 706 Et
839 639 1138 723 peribitis
1190 641 1354 706 iuter
1413 645 1648 725 gentes,
1705 645 1761 706 et
1816 640 2095 705 absumet
2149 658 2258 705 vos
2313 642 2483 704 terra

536 729 943 795 inimicorum
1004 732 1363 792 vestrorum.
1468 726 1571 792 39.
1628 725 1718 791 Et
1771 727 1883 808 qui
1938 725 2354 791 remanserint
2408 745 2484 790 ex

539 814 727 893 vobis,
774 812 1190 879 dissolventur
1220 818 1482 895 propter
1521 813 1920 895 iniquitatem
1962 832 2147 877 suam
2188 811 2260 875 in
2298 810 2486 876 terris

539 901 940 967 inimicorum
981 904 1339 976 vestrorum,
1386 903 1569 981 atque
1610 900 1798 964 etiam
1829 903 2089 980 propter
2120 897 2489 979 iniquitates

533 990 797 1069 patrum
859 1004 1119 1050 suorum
1134 1034 1149 1062 ,
1216 1004 1356 1049 cum
1423 986 1519 1050 eis
1580 984 2009 1051 dissolventur.
2112 982 2216 1049 40.
2279 981 2489 1048 Donec

542 1072 948 1154 confiteantur
990 1070 1388 1153 iniquitatem
1429 1090 1611 1135 suam
1628 1117 1643 1146 ,
1701 1074 1756 1135 et
1797 1070 2195 1151 iniquitatem
2224 1073 2491 1149 patrum

540 1178 819 1237 suorum,
853 1157 1038 1222 iuoeta
1059 1155 1660 1237 praevaricationem
1693 1175 1877 1221 suam
1911 1175 2038 1236 qua
2064 1154 2492 1237 praevaricati

544 1249 691 1310 sunt
731 1244 803 1308 in
843 1262 939 1307 me
952 1267 971 1305 :
1025 1248 1083 1306 et
1138 1242 1326 1306 etiam
1370 1242 1533 1322 quod
1574 1241 2025 1307 ambulaverint
2078 1261 2317 1307 mecum
2354 1240 2489 1323 for-

546 1330 736 1395 tuito:
820 1327 923 1392 41.
990 1327 1164 1408 Quod
1219 1330 1405 1392 etiam
1469 1348 1575 1409 090
1634 1327 2086 1393 ambulaverim
2149 1346 2289 1391 eum
2351 1326 2491 1391 illis

542 1415 797 1498 fortuito
812 1465 826 1490 ‚
872 1418 930 1478 et
969 1413 1330 1477 induxerim
1371 1433 1472 1479 eos
1513 1414 1583 1477 in
1625 1417 1860 1477 terram
1900 1413 2302 1478 inimicorum
2345 1431 2487 1476 suo-

547 1520 723 1567 rum.-
793 1504 1053 1580 maeque
1119 1498 1483 1564 humilietur
1545 1518 1647 1563 cor
1701 1518 1913 1564 eorum
1968 1498 2490 1575 incircumcisum,

548 1608 623 1654 ac
654 1585 1000 1668 propitient
1030 1604 1154 1666 pro
1195 1585 1528 1666 iniquitate
1559 1604 1697 1650 sua.
1765 1584 1869 1649 42.
1923 1585 2096 1650 Tune
2126 1583 2491 1650 recordabor

535 1673 716 1755 pacti
756 1672 878 1736 mei
921 1691 1059 1736 cum
1105 1669 1322 1749 Iacob,
1376 1675 1433 1735 et
1489 1671 1679 1735 etiam
1711 1671 1890 1751 pacti
1930 1671 2053 1736 mei
2095 1689 2234 1735 oum
2277 1668 2489 1746 Isaac,

547 1763 604 1824 et
642 1759 904 1840 iusuper
936 1758 1116 1837 pacti
1161 1758 1283 1820 mei
1315 1776 1456 1821 cum
1487 1755 1815 1821 Abraham
1845 1754 2242 1834 recordabor,
2294 1760 2493 1819 terrae

589 1863 785 1925 uoque
816 1862 1051 1907 memor
1083 1863 1202 1907 ero.
1267 1842 1371 1907 43.
1417 1843 1615 1906 Terra
1650 1842 1901 1907 interim
1934 1842 2247 1907 deseretur
2281 1839 2359 1905 ab
2381 1840 2490 1919 eis,

546 1934 603 1995 et
612 1929 897 2010 perficiet
923 1927 1231 1993 Sabbatha
1254 1950 1378 1993 sua
1412 1948 1571 2009 quae
1602 1928 1881 1995 desolata
1913 1932 2004 1993 est
2030 1931 2294 2011 propter
2327 1925 2490 2004 illos,

543 2021 601 2081 et
642 2015 772 2097 ipsi
829 2014 1139 2079 exsolvent
1182 2015 1474 2079 muletam
1538 2034 1751 2093 suam,
1815 2033 1882 2078 eo
1948 2013 2141 2096 quod,
2207 2013 2487 2094 inquam,

543 2101 790 2166 iudicia
832 2120 971 2165 mea
1012 2102 1390 2182 spreverint,
1445 2105 1502 2164 et
1542 2099 1792 2165 decrata
1832 2120 1972 2164 mea
2013 2097 2367 2163 abominata
2408 2097 2494 2161 sit

542 2187 763 2252 anima
806 2205 1033 2250 eorum.
1123 2185 1227 2251 44.
1283 2184 1372 2250 Et
1424 2190 1630 2250 tamen
1683 2186 1871 2251 etiam
1927 2184 2035 2250 hoc
2081 2184 2257 2250 modo
2301 2203 2492 2265 quum

543 2273 695 2424 322²}
717 2271 1738 2439 Ctiri”.5.;⁷t.‘⁶ssz²mtlzt²us²&⁶⁶32
1779 2291 1911 2422 ἔξω
1935 2291 2039 2420 ²⁴32
2053 2289 2493 2421 ’tom

546 2464 666 2523 eos,
710 2444 965 2508 irritum
1004 2443 1289 2526 faciendo
1313 2447 1572 2525 pactwm
1605 2462 1811 2507 meum
1842 2463 1982 2509 cum
2015 2442 2141 2507 eis.-
2181 2461 2284 2525 090
2328 2441 2491 2505 enim

549 2529 778 2596 Iebova
821 2527 1002 2593 Deus
1045 2549 1271 2594 eorum.
1360 2528 1465 2594 45.
1517 2527 1638 2593 Sed
1680 2527 2043 2594 recordabor
2087 2532 2351 2610 propter
2392 2547 2493 2591 eos

541 2618 723 2698 pacti
768 2616 1065 2696 priorum
1079 2666 1093 2692 ,
1152 2635 1258 2697 090
1299 2615 1413 2696 qui
1454 2615 1643 2679 eduxi
1682 2633 1781 2680 eos
1821 2635 1853 2677 e
1893 2619 2066 2679 terra
2108 2613 2381 2696 Aeyypti
2422 2613 2495 2677 in

544 2702 749 2768 oculis
785 2702 1062 2785 yentium
1075 2752 1090 2781 ,
1148 2705 1217 2765 ut
1261 2720 1453 2765 essem
1497 2699 1630 2764 ulis
1675 2701 1747 2765 in
1788 2699 2027 2765 Deum:
2093 2720 2197 2782 090
2241 2698 2489 2788 Iehova.

722 2872 822 2938 14.
874 2872 950 2937 Si
991 2876 1199 2937 autem
1239 2892 1381 2937 nou.
1461 2870 1801 2937 Hactenus
1844 2870 1911 2935 in
1958 2869 2493 2953 promissionibus

548 2958 793 3026 blanda
835 2958 1137 3023 invitatio
1181 2957 1520 3040 proposita
1561 2957 1717 3036 fuit,
1776 2966 1851 3020 ut
1896 2955 2131 3038 populo
2175 2955 2340 3040 legis
2383 2954 2493 3020 ob-

548 3045 832 3111 servatio
878 3043 1206 3120 amabilis,
1275 3052 1340 3107 et-
1398 3042 1686 3109 iucunda
1731 3040 2146 3106 redderetur:
2201 3040 2492 3124 quando-

551 3131 815 3215 quidem
862 3139 1012 3195 ante
1061 3129 1268 3194 visum
1315 3130 1471 3206 fuit,
1533 3138 1689 3194 tunc
1734 3128 1998 3193 demum
2042 3127 2304 3211 probari
2350 3127 2494 3192 Deo

551 3226 853 3283 nostrum
898 3215 1278 3298 obsequium
1314 3214 1423 3280 ubi
1469 3215 1745 3281 libent-er
1780 3234 2106 3296 paremus.
2178 3211 2308 3280 Sed
2345 3235 2496 3297 quo-

553 3304 731 3368 niam
790 3302 1074 3367 stimulis
1131 3322 1291 3384 opus
1350 3301 1548 3367 habet
1600 3300 1817 3366 carnis
1874 3299 2201 3384 pigrities,
2274 3300 2495 3365 minae

551 3408 808 3472 quoque
851 3386 1185 3453 adduntur
1228 3386 1310 3451 ad
1354 3398 1702 3465 terrorem,
1770 3406 1936 3469 qnae
1994 3385 2228 3451 saltem
2273 3394 2494 3451 extor-

553 3486 795 3557 queant
830 3473 999 3557 quod
1036 3479 1267 3556 sponte
1301 3472 1767 3556 praestandum
1805 3478 1963 3537 erat.
2023 3470 2305 3537 Videtur
2349 3471 2494 3555 qui-

553 3560 702 3625 dem
748 3561 871 3626 1100
907 3558 1097 3624 1110ᾶο
1133 3579 1321 3641 posse
1364 3558 1600 3643 colligi,
1644 3558 1842 3624 minis
1872 3556 1954 3623 ad
1987 3557 2153 3642 legis
2189 3557 2495 3623 obedien-

555 3647 746 3725 tiam,
807 3667 974 3729 quae
1030 3645 1407 3710 voluntaria
1465 3665 1607 3710 esse
1666 3642 1890 3723 debet,
1950 3642 2227 3709 absurde
2285 3644 2493 3709 trahi:

552 3753 709 3797 nam
774 3731 886 3814 (1111
953 3740 1134 3796 metu
1199 3731 1485 3814 cogitur,
1542 3730 1760 3795 Deum
1825 3749 2166 3812 nunquam
2232 3729 2489 3813 diliget:

552 3816 723 3901 quod
790 3830 1009 3882 tamen
1066 3818 1483 3900 praecipuum
1542 3826 1644 3882 est
1699 3823 1896 3900 caput
1954 3815 2137 3899 legis.
2243 3816 2495 3880 Verum

552 3903 725 3989 quod
764 3911 916 3968 ante
952 3902 1157 3977 docui,
1195 3902 1416 3985 aliqua
1449 3923 1528 3967 ex
1568 3912 1752 3984 parte
1788 3901 1869 3966 ad
1906 3900 2294 3965 solvendum
2318 3902 2496 3967 hunc

551 3990 795 4055 nodum
835 3988 1094 4067 valebit,
1131 3989 1342 4069 legem
1377 3988 1625 4055 scilicet
1662 3986 2061 4052 mortiferam
2102 4008 2245 4053 esse
2278 3995 2496 4052 trans-

554 4074 992 4159 gressoribus,
1053 4074 1208 4157 quia
1261 4072 1675 4138 damnatione
1720 4093 1915 4157 quam
1960 4073 2081 4139 sibi
2125 4094 2242 4157 per
2284 4094 2495 4138 vanas

553 4159 905 4226 blanditias
949 4160 1196 4225 remitti
1239 4170 1568 4242 cuperent,
1615 4181 1724 4224 eos
1768 4159 2177 4243 constringit.
2267 4158 2496 4241 Quan-

552 4268 752 4330 quam
803 4247 871 4311 in
933 4246 1135 4311 alium
1190 4266 1440 4329 quoque
1498 4247 1695 4310 finem
1752 4252 2027 4328 prosunt
2085 4247 2302 4310 minae
2344 4245 2497 4311 filiis

554 4332 711 4410 Dei,
767 4339 907 4395 tum
969 4337 1045 4397 ut
1096 4340 1574 4415 praeparentur
1633 4329 1715 4396 ad
1760 4331 1976 4396 Deum
2022 4352 2106 4395 ex
2151 4332 2368 4396 animo
2412 4332 2496 4396 ti-

553 4416 865 4482 mendum
914 4426 1067 4481 ante
1112 4438 1306 4500 quam
1352 4417 1487 4481 sint
1531 4417 1843 4499 regeniti‚
1901 4429 2039 4481 tum
2089 4425 2163 4480 ut
2204 4427 2351 4500 post
2393 4439 2496 4483 re·

554 4502 1043 4588 generationem
1132 4502 1418 4586 quotidie
1499 4501 1885 4587 subigantur
1971 4502 2190 4568 vitiosi
2269 4524 2497 4568 eorum

554 4590 847 4654 affectus.
935 4587 1257 4670 Quamvis
1311 4590 1485 4654 enim
1546 4590 1799 4654 sincere
1864 4589 2135 4672 cupiant
2199 4610 2268 4655 se
2327 4599 2496 4654 totos

552 4674 700 4739 Deo
744 4673 1061 4754 addicere,
1106 4682 1327 4740 tamen
1368 4696 1515 4740 cum
1560 4674 1851 4759 reliquiis
1887 4677 2101 4742 carnis
2136 4696 2291 4740 suae
2335 4677 2496 4741 assi-

557 4761 686 4826 due
741 4761 873 4826 illis
942 4759 1328 4827 certandum
1395 4769 1515 4827 est.
1618 4760 1852 4845 Itaque
1922 4761 2080 4827 licet
2134 4763 2355 4826 minae
2413 4761 2497 4826 ad

553 4845 864 4930 reprobos
899 4846 1236 4913 terrendos
1271 4848 1533 4931 proprie
1571 4858 1883 4931 spectent,
1929 4846 2233 4913 fidelibus
2277 4858 2495 4912 tamen

555 4955 937 5002 communes
993 4944 1150 4998 sunt
1205 4933 1286 4997 ad
1347 4932 1811 4999 stimulandam
1859 4954 2086 4999 eorum
2132 4934 2501 5018 segnitiem,

555 5029 881 5104 quatenus
918 5018 1205 5083 nondum
1242 5040 1510 5103 prorsus
1547 5027 1703 5084 sunt
1737 5019 2035 5102 regeniti,
2073 5020 2186 5084 sed
2222 5040 2498 5085 oneran-

553 5114 664 5170 tur
707 5106 923 5170 adhuc
962 5105 1209 5187 peccati
1254 5105 1566 5188 reliquiis.

731 5189 830 5257 15.
878 5190 965 5256 Et
1007 5191 1068 5257 si
1111 5191 1349 5256 decreta
1392 5212 1551 5257 mea.
1621 5190 1905 5256 Videtur
1948 5190 2072 5258 1100
2119 5190 2381 5255 1101111181
2416 5190 2498 5255 ad

555 5276 788 5359 impios
855 5288 922 5342 et
987 5277 1334 5342 sceleratos
1400 5285 1731 5361 apostatas
1797 5276 2025 5361 dirigi:
2097 5277 2204 5360 qui
2272 5298 2312 5341 a
2369 5276 2499 5341 Dei

552 5363 737 5429 cultu
781 5374 849 5429 et
894 5364 1134 5447 pietate
1179 5385 1261 5428 ex
1307 5364 1594 5447 professo
1640 5362 1969 5429 deficiunt.
2038 5363 2206 5429 Nam
2253 5364 2308 5428 81
2353 5363 2500 5447 (11118

2583 639 2967 704 infirmitate
3001 638 3245 723 lapsus,
3289 638 3521 704 leviter
3556 647 3623 704 et
3656 638 4133 704 inconsiderate
4169 638 4525 723 delinquat,

2582 746 2718 790 11011
2760 722 3018 790 dicetur
3057 725 3385 808 sprevisse
3430 724 3558 790 Dei
3601 725 3830 804 legem,
3878 732 3945 789 et
3988 724 4247 790 irritum
4292 724 4526 792 fecisse

2586 811 2727 875 eius
2771 810 3013 875 foedus.
3080 811 3174 876 Et
3207 825 3382 876 certe
3425 809 3760 893 probabile
3806 818 3924 889 est,
3972 811 4185 876 Deum
4227 812 4527 877 consulto

2587 894 2668 961 de
2732 916 2949 962 crassa
3013 894 3371 962 defectione
3435 897 3774 979 loquutum
3835 917 4011 976 0880,
4069 917 4234 980 quae
4289 899 4528 963 erroris

2586 990 2934 1066 praetextu
2980 982 3320 1047 extenuari
3363 992 3662 1065 nequeat.
3733 983 3996 1047 Interea
4029 991 4249 1047 tamen
4294 991 4528 1049 tenen·

2591 1069 2745 1133 dum
2790 1078 2890 1133 est
2944 1076 3488 1152 transgressores,
3535 1070 3932 1152 quicunque,
3992 1068 4132 1134 sive
4182 1069 4252 1133 in
4298 1076 4527 1151 totum,

2591 1154 2731 1219 sive
2773 1154 2844 1217 in
2902 1164 3087 1237 parte
3141 1154 3351 1238 legem
3414 1154 3842 1233 violaverint,
3901 1154 4341 1220 maledictioni
4386 1177 4529 1222 esse

2590 1240 2919 1305 obnoxios.
3014 1238 3145 1306 Sed
3191 1240 3579 1323 tempestive
3623 1261 3890 1305 monere
3934 1239 4145 1305 voluit
4190 1239 4369 1306 Deus
4411 1262 4527 1324 po-

2589 1325 2838 1409 pulum,
2883 1346 3193 1409 quorsum
3240 1323 3509 1391 tandem
3553 1326 3897 1410 prosiliant
3929 1327 4038 1409 (1111
4075 1336 4347 1392 sumunt
4381 1349 4529 1410 pec-

2590 1410 2781 1477 candi
2823 1411 3193 1477 licentiam:
3240 1409 3470 1476 deinde
3516 1433 3598 1475 ex
3643 1433 3771 1496 quo
3815 1411 3998 1475 fonte
4042 1410 4357 1495 prodeant
4390 1435 4528 1479 om-

2591 1518 2707 1562 nes
2752 1497 3324 1580 transgressiones.
3391 1498 3536 1563 Etsi
3579 1500 3755 1562 enim
3800 1498 4092 1581 quisquis
4135 1499 4457 1580 peccando
4492 1519 4532 1563 a

2592 1583 2701 1647 via
2746 1581 3025 1660 recedit,
3083 1604 3217 1647 non
3262 1584 3562 1668 protinus
3605 1583 3816 1668 legem
3862 1582 4191 1666 repudiat,
4234 1585 4344 1650 vel
4387 1584 4533 1650 abo-

2592 1668 2914 1733 minatur:
2973 1668 3235 1754 singula
3290 1678 3515 1734 tamen
3571 1677 3837 1753 peccata
3879 1677 4324 1753 contemptum
4370 1670 4532 1755 legis

2592 1762 2984 1839 coarguunt,
3031 1775 3107 1820 ac
3150 1754 3435 1820 tendunt
3478 1755 3558 1820 ad
3605 1754 4052 1838 dissipandum
4098 1754 4226 1820 Dei
4286 1756 4531 1824 foedus.

2590 1840 2798 1905 Recte
2840 1861 2995 1921 ergo
3038 1842 3429 1924 pronunciat
3470 1840 3862 1925 foedifragos
3907 1862 4066 1919 esse,
4110 1852 4176 1906 et
4219 1841 4533 1926 superbos

2592 1933 3089 2009 contemptores,
3127 1927 3255 1991 nisi
3291 1928 3656 2010 praeceptis
3691 1926 4014 1992 obediant.
4065 1927 4287 1993 Primo
4311 1939 4533 1994 autem

2591 2012 2882 2076 minatur
2947 2034 3018 2078 se
3080 2021 3628 2095 consumpturum
3693 2012 3840 2077 11108
3908 2014 4168 2092 timore,
4231 2016 4414 2093 tabe,
4468 2023 4534 2080 et

2593 2097 2737 2161 aliis
2783 2099 3055 2163 morbis:
3123 2097 3355 2163 deinde
3414 2106 3721 2164 externas
3766 2099 4171 2164 calamitates
4215 2100 4533 2185 adiungit,

2591 2183 2938 2266 penuriam
2982 2204 3309 2260 annonae,
3371 2183 3694 2249 violentos
3739 2184 4028 2249 hostium
4073 2186 4408 2267 incursus,
4468 2195 4536 2252 et

2592 2289 2810 2333 rerum
2858 2269 3322 2352 direptionem:
3389 2268 3469 2335 de
3523 2271 3756 2353 quibus
3813 2271 4034 2335 statim
4082 2271 4288 2336 fusius
4334 2270 4534 2338 disse·

2591 2375 2738 2504 fere
2803 2356 3182 2434 conveniet,
3261 2356 3432 2420 inter
3511 2354 3968 2439 exponendum
4039 2356 4534 2424 Deuteronomii

2617 2460 2825 2506 ocum.

2769 2524 2868 2592 18.
2919 2525 3092 2607 Quod
3134 2526 3194 2592 si
3237 2546 3434 2609 usque
3475 2527 3562 2591 ad
3601 2525 3764 2592 haec.
3855 2528 4231 2594 Poenarum
4290 2527 4536 2613 gradus

2595 2632 2874 2696 quarum
2917 2611 3024 2678 hic
3067 2612 3143 2676 fit
3186 2613 3448 2688 mentiO,
3493 2612 3852 2678 ostendunt
3893 2634 4004 2679 eas
4048 2615 4140 2678 ita
4185 2617 4533 2699 temperari

2597 2698 2725 2762 Dei
2768 2697 3149 2776 elementia,
3207 2708 3284 2763 ut
3339 2697 3576 2765 leviter
3619 2708 3883 2764 tantum
3927 2700 4200 2783 castiget
4255 2721 4533 2783 quorum

2598 2783 2893 2848 nondum
2930 2793 3238 2866 expertus
3274 2793 3376 2850 est
3395 2785 3501 2849 vel
3527 2784 3891 2851 socordiam
3914 2785 4019 2850 vel
4044 2784 4381 2852 duritiem:
4421 2809 4536 2853 ve-

2598 2890 2745 2934 rum
2791 2868 2902 2934 ubi
2946 2868 3194 2936 accedit
3233 2871 3625 2953 pertinacia,
3681 2872 3874 2936 simul
3932 2871 4338 2938 atrocitatem
4385 2894 4536 2957 poe-

2598 2975 2837 3020 narum
2881 2975 3186 3022 crescere.
3278 2956 3366 3021 Et
3409 2957 3670 3038 merito,
3728 2958 3883 3041 quia
3940 2955 4184 3022 bellum
4237 2968 4536 3041 apertum

2599 3061 2748 3107 cum
2794 3042 2938 3107 Deo
2982 3049 3225 3126 gerunt
3268 3042 3377 3125 qui
3434 3042 3755 3106 admoniti
3821 3044 4200 3127 resipiscere
4246 3066 4378 3110 11011
4422 3066 4538 3112 cu-

2598 3138 2765 3192 rant.
2867 3128 3097 3211 Itaque
3156 3148 3283 3211 qno
3342 3128 3553 3212 magis
3608 3129 3733 3194 sibi
3799 3127 4204 3211 moderatur,
4272 3152 4348 3197 eo
4418 3152 4539 3197 nos

2597 3213 2981 3279 attentiores
3024 3234 3165 3280 esse
3209 3213 3394 3279 decet
3435 3213 3516 3278 ad
3562 3214 3703 3280 eius
3748 3216 4200 3295 correctiones,
4244 3229 4317 3281 ut
4359 3218 4539 3282 suffi-

2597 3298 2778 3364 ciant
2822 3299 2925 3365 vel
2971 3297 3206 3364 modici
3253 3301 3436 3381 ictus,
3488 3320 3652 3383 quos
3695 3321 3814 3384 pro
3858 3321 3979 3366 sua
4021 3300 4298 3367 lenitate
4343 3304 4538 3368 susti-

2598 3394 2713 3453 net
2756 3406 2831 3451 ac
2875 3385 3130 3451 tolerat.
3218 3385 3473 3452 Paulus
3520 3386 3677 3451 dicit
3719 3386 4098 3471 hypocritas
4152 3408 4538 3455 coacervare

2597 3470 2721 3536 sibi
2765 3471 3147 3537 thesaurum
3204 3473 3470 3537 maioris
3511 3472 3874 3552 vindictae,
3934 3473 3989 3537 si
4049 3494 4131 3537 ex
4175 3473 4316 3540 eius
4370 3475 4538 3558 pati-

2596 3557 2777 3623 entia
2800 3555 3106 3640 torpendi
3128 3559 3531 3624 occasionem
3556 3567 3824 3624 sumunt
3844 3558 4063 3659 (Rom.
4101 3560 4162 3637 2,
4199 3558 4285 3647 5).
4331 3560 4538 3643 Atqui

2595 3643 2819 3708 minus
2840 3654 2997 3708 sunt
3020 3644 3424 3710 excusabiles
3447 3644 3559 3727 qui
3582 3665 3667 3708 ne
3691 3645 3914 3709 ferulis
3936 3645 4197 3727 quidem
4223 3644 4537 3711 admoniti

2595 3729 3007 3811 resipiscunt.
3097 3729 3320 3812 Quare
3380 3751 3499 3794 nos
3556 3730 3866 3797 sollicitet
3923 3730 4038 3795 illa
4082 3730 4364 3796 Davidis
4422 3731 4538 3796 ad-

2595 3816 2867 3880 monitio
2885 3813 3023 3902 (Ps.
3048 3814 3147 3895 32,
3197 3814 3283 3903 9),
3329 3837 3414 3881 110
3457 3817 3662 3891 81111118
3706 3816 3952 3881 similes
3989 3818 4174 3899 equis
4211 3826 4278 3883 et
4314 3817 4531 3895 mulis,

2597 3900 2864 3986 quinon
2898 3901 3296 3988 intelligunt,
3338 3923 3615 3985 quorum
3652 3902 3924 3967 maxilla
3958 3902 4190 3969 chamo
4225 3915 4292 3968 et
4310 3903 4537 3969 fraeno

2595 3988 3098 4071 constringitur:
3137 3990 3290 4072 quia
3312 3988 3502 4053 multi
3526 3987 3779 4054 dolores
3813 3987 4192 4071 impendent
4226 3990 4536 4074 reprobis.

2595 4073 2679 4136 In
2721 4094 2994 4154 summa,
3039 4074 3313 4141 simulac
3357 4076 3627 4139 manum
3670 4095 3857 4140 suam
3902 4074 4254 4140 extendere
4311 4095 4539 4159 coepe-

2596 4158 2685 4223 rit
2708 4158 2890 4224 Deus
2934 4159 3016 4224 ad
3063 4181 3178 4225 nos
3222 4159 3697 4242 percutiendos,
3743 4181 3949 4225 unum
3995 4159 4352 4227 remedium
4398 4162 4539 4228 eius

2597 4245 2897 4328 placandi
2959 4253 3095 4325 est,
3155 4244 3469 4311 docilitas.
3558 4244 3793 4311 Melior
3858 4247 4121 4330 quidem
4166 4255 4339 4315 esset
4359 4268 4538 4331 *pru-

2597 4329 2821 4397 dentia
2842 4339 3274 4411 antevertere,
3310 4340 3378 4397 et
3399 4341 3631 4416 sponte
3667 4330 3750 4397 ad
3784 4332 4002 4417 ipsum
4040 4332 4272 4413 redire,
4310 4354 4539 4416 quam-

2596 4419 2701 4483 vis
2760 4439 2800 4482 a
2856 4418 3085 4500 poenis
3151 4417 3602 4501 supersedeat:
3671 4416 3785 4482 sed
3855 4417 3964 4483 ubi
4027 4421 4315 4500 percussi
4372 4418 4542 4484 nihil

2596 4504 2986 4586 proficimus,
3026 4504 3288 4589 signum
3325 4512 3426 4571 est
3460 4503 3825 4570 obstinatae
3862 4504 4170 4571 malitiae.
4240 4504 4541 4571 Minatur

2599 4610 2785 4673 ergo,
2845 4590 2977 4656 nisi
3034 4590 3265 4656 ferulis
3322 4591 3651 4657 verberati
3707 4590 4124 4673 resipiscant,
4186 4590 4415 4658 baculo
4459 4591 4541 4656 ad

2598 4696 2708 4741 008
2752 4676 3210 4757 percutiendos
3253 4697 3323 4740 se
3370 4697 3661 4742 usurum.
3750 4675 3974 4758 Quum
4021 4675 4212 4742 dicit:
4256 4676 4538 4742 Puniam

2599 4782 2717 4826 vos
2788 4763 3085 4845 septuplo
3144 4762 3447 4846 gravius,
3510 4783 3856 4828 numerum
3915 4783 4048 4827 non
4109 4760 4369 4829 definit:
4428 4764 4540 4830 sed

2599 4868 2718 4931 pro
2785 4848 3116 4913 communi
3182 4850 3544 4933 scripturae
3602 4870 3780 4914 more
3838 4850 4279 4930 septenarium
4339 4850 4541 4932 ponit,

2600 4933 3043 5016 amplificandi
3121 4956 3334 5001 causa.
3445 4936 3754 5000 Proximo
3820 4955 4016 4999 versu
4081 4935 4323 5001 iustam
4402 4956 4544 5001 esse

2601 5040 2866 5085 causam
2912 5021 3096 5086 docet
3158 5044 3274 5087 cur
3339 5021 3628 5104 asperior
3690 5020 3950 5085 futurus
4016 5021 4131 5084 sit:
4201 5023 4355 5104 quia
4418 5022 4542 5085 nisi

2601 5105 2886 5171 violento
2931 5108 3121 5172 modo
3162 5121 3487 5191 nequeant
3533 5106 3800 5172 domari.
3889 5105 4040 5171 Etsi
4083 5107 4258 5171 enim
4303 5128 4544 5191 nomen

2602 5204 2719 5284 11111
2771 5214 2906 5258 11011
2965 5214 3225 5276 semper
3279 5195 3593 5278 accipitur
3648 5193 3718 5256 in
3780 5191 4020 5257 malam
4070 5200 4356 5275 partem,
4423 5194 4544 5259 hoc

2604 5291 2823 5343 tamen
2886 5279 3028 5346 loco
3086 5281 3413 5363 significat
3465 5300 3572 5343 eos
3630 5299 3772 5343 esse
3836 5279 4324 5361 immorigeros,
4393 5280 4545 5363 quia

2607 5364 2857 5431 viribus
2901 5366 3040 5431 suis
3076 5366 3155 5431 ad
3195 5363 3700 5450 superbiendum
3737 5366 4069 5429 inflantur.
4139 5364 4309 5429 Nam
4347 5366 4544 5432 sicuti
