5017 6142
628 467 757 534 479

614 654 1011 737 Quanquam
1045 651 1403 717 multorum
1444 648 1824 734 hypocrisin
1863 647 1975 732 qui
2009 647 2149 714 suis
2183 645 2565 729 ambagibus

616 741 864 808 claram
905 738 1120 806 lucem
1165 735 1584 815 obnubilant,
1629 734 1969 801 damnabit
2010 742 2146 799 tam
2192 739 2417 818 aperta
2461 753 2563 797 re-

613 826 897 911 sponsio.
965 823 1363 908 Emphatica
1403 821 1578 887 enim
1621 819 1916 905 loquutio
1959 828 2077 899 est,
2120 820 2244 886 hoc
2289 826 2357 884 et
2398 816 2565 883 illud

612 912 765 979 feci:
811 932 981 996 quae
1021 909 1350 995 significat
1392 906 1700 975 distincte
1744 916 1812 973 et
1854 904 2082 972 ordine
2125 905 2422 990 singulas
2465 903 2564 970 rei

659 1004 836 1064 estae
887 1006 1107 1083 partes
1166 995 1364 1061 fuisse
1428 995 1778 1077 expositas.
1880 992 2019 1058 Nec
2084 1012 2240 1057 vero
2302 998 2560 1055 tantum

612 1020 870 1151 facinus
922 1081 1249 1166 agnoscit,
1312 1079 1426 1147 sed
1495 1080 1737 1146 omissa
1776 1077 2180 1145 defensione
2244 1096 2321 1142 ac
2384 1078 2564 1142 omni

612 1176 963 1254 praetextu
1007 1168 1269 1247 reiecto,
1314 1187 1385 1233 se
1419 1165 1640 1249 ipsum
1675 1166 1746 1229 in
1782 1163 2093 1249 qualitate
2126 1182 2384 1247 quoque
2418 1162 2565 1246 ipsa

614 1254 1022 1323 condemnat.
1111 1252 1411 1331 Peccavi‚
1456 1251 1674 1334 inquit
1688 1300 1704 1329 ,
1750 1250 1923 1334 quod
1965 1269 2097 1315 non
2146 1248 2390 1314 diceret
2432 1247 2564 1313 nisi

614 1341 939 1425 sacrilegii
980 1338 1310 1406 conscius:
1366 1335 1542 1403 unde
1584 1344 1856 1421 apparet
1900 1355 2189 1402 errorem
2235 1334 2341 1400 vel
2383 1334 2563 1401 inco-

614 1426 959 1513 gitantiam
1005 1446 1134 1491 non
1169 1422 1538 1490 obtendere.

785 1513 889 1578 22.
938 1509 1130 1577 Misit
1171 1511 1381 1593 itaque
1422 1507 1626 1575 Ios-ue.
1706 1506 2105 1592 Quanquam
2148 1525 2395 1572 novum
2430 1525 2564 1570 non

614 1606 747 1678 est,
811 1596 1136 1666 currendo
1194 1603 1262 1662 et
1315 1593 1726 1680 properando
1790 1593 2068 1659 nuncios
2124 1612 2319 1658 suum
2378 1592 2563 1658 obse-

616 1685 845 1769 quium
923 1682 1230 1767 probare:
1308 1681 1643 1747 festinatio
1706 1687 1930 1746 tamen
1992 1679 2181 1746 cuius
2247 1698 2424 1743 nunc
2487 1677 2566 1742 fit

614 1770 891 1850 mentio,
948 1765 1234 1835 ostendit
1287 1765 1542 1850 trepide
1600 1786 1828 1831 omnes
1872 1763 2072 1830 fuisse
2114 1764 2403 1829 intentos
2421 1812 2436 1839 ,
2488 1771 2564 1827 nt

613 1876 813 1940 quam
870 1854 1187 1922 citissime
1242 1852 1574 1936 piaculum
1614 1872 1652 1916 e
1696 1848 1913 1916 medio
1970 1849 2294 1916 tollerent.
2383 1847 2564 1932 Ergo

613 1942 773 2026 quia
829 1961 941 2006 eos
999 1939 1287 2025 angebat
1327 1957 1403 2004 ac
1459 1936 1795 2005 cruciabat
1845 1956 2080 2003 severa
2135 1935 2252 2001 illa
2309 1932 2563 1999 denun-

612 2027 840 2095 ciatio:
906 2025 1057 2091 Non
1115 2045 1227 2091 ero
1282 2024 1620 2091 vobiscum
1687 2022 1894 2089 donec
1957 2022 2224 2107 purgati
2280 2020 2428 2085 sitis
2481 2017 2564 2084 ab

616 2112 1073 2179 anathemate:
1117 2107 1264 2176 ideo
1309 2130 1442 2174 non
1490 2116 1748 2175 tantum
1792 2107 1874 2174 ad
1921 2105 2337 2191 exsequenda
2367 2104 2565 2172 Iosue

612 2197 960 2276 mandata,
1025 2193 1139 2263 sed
1205 2194 1414 2260 multo
1469 2195 1683 2280 magis
1744 2193 1828 2259 ad
1887 2193 2104 2260 Deum
2167 2190 2564 2277 placandum

616 2283 919 2352 celeriter
976 2290 1267 2349 currunt.
1357 2280 1569 2348 Porro
1627 2301 1714 2346 ex
1768 2279 1964 2346 rebus
2003 2280 2181 2345 furto
2206 2277 2256 2366 ¹)
2299 2276 2565 2344 ablatis:

614 2369 731 2436 ubi
772 2377 928 2435 ante
969 2367 1186 2435 oculos
1229 2365 1583 2450 productae
1623 2372 1799 2445 sunt,
1836 2364 1996 2432 satis
2029 2385 2352 2449 superque
2386 2370 2569 2448 pate-

614 2457 789 2522 facta
862 2453 992 2521 fuit
1065 2453 1466 2539 ignominiae
1542 2460 1611 2518 et
1684 2450 1891 2519 cladis
1967 2458 2271 2535 acceptae
2345 2469 2566 2516 causa.

616 2541 891 2609 Dictum
941 2539 1186 2617 fuerat,
1250 2538 1397 2605 ideo
1454 2545 1644 2623 terga
1700 2537 1977 2604 vertisse
2032 2535 2359 2617 hostibus,
2415 2535 2571 2619 quia

617 2627 1035 2693 anathemate
1077 2623 1312 2709 polluti
1356 2623 1872 2691 destituerentur
1904 2622 2095 2689 solito
2119 2620 2249 2687 Dei
2283 2620 2567 2687 anxilio:

615 2731 795 2779 nunc
836 2733 921 2778 ex
964 2719 1318 2793 conspectu
1358 2710 1456 2776 rei
1499 2708 1786 2776 furtivae
1828 2707 2137 2793 colligere
2192 2714 2570 2792 promptum

617 2807 737 2877 est,
784 2797 1004 2863 Deum
1046 2795 1282 2862 merito
1325 2794 1458 2862 illis
1498 2795 1699 2862 fuisse
1742 2795 2070 2861 infestum.
2157 2792 2325 2859 Inde
2368 2792 2571 2858 stiam

619 2883 938 2950 admoniti
1002 2882 1268 2948 fuerunt
1336 2881 1569 2965 quanti
1629 2880 1875 2946 faceret
1930 2878 2116 2946 Deus
2178 2877 2301 2946 sibi
2367 2878 2570 2945 totius

618 2978 838 3036 terrae
893 2966 1215 3035 Ohanaan
1273 2966 1601 3052 primitias
1651 2963 1940 3033 illibatas
1996 2964 2219 3031 offerri
2234 3016 2251 3045 ,
2309 2985 2393 3031 ne
2446 2982 2571 3029 sua

616 3054 973 3124 liberalitas
1011 3072 1298 3137 unquam
1332 3074 1417 3120 ex
1451 3055 1745 3138 ipsorum
1780 3051 2094 3119 memoria
2127 3049 2568 3118 intercideret.

619 3141 839 3209 Simul
899 3138 1305 3219 didicerunt,
1363 3159 1564 3222 quum
1621 3139 1695 3203 in
1747 3137 2221 3205 occultissimos
2278 3156 2570 3221 quosque

617 3246 914 3294 recessus
969 3231 1271 3308 penetret
1312 3224 1440 3290 Dei
1491 3224 1775 3310 cognitio
1792 3272 1808 3301 ‚
1866 3223 2115 3290 frustra
2169 3221 2254 3288 ad
2297 3220 2567 3289 eluden-

619 3313 781 3381 dum
822 3312 965 3379 eius
1007 3307 1326 3376 iudicium
1367 3311 1828 3393 integumenta
1869 3309 2138 3394 captari.

790 3397 895 3464 24.
947 3396 1199 3463 Tollen-9
1238 3397 1451 3479 itaque
1473 3397 1682 3464 Iesus.
1747 3395 1938 3461 Duas
1980 3395 2064 3461 ob
2108 3414 2340 3462 causas
2375 3402 2569 3460 extra

619 3491 837 3552 castra
877 3482 1204 3549 educitur:
1262 3503 1345 3549 ne
1388 3480 1602 3548 labem
1646 3501 1724 3549 ac
1764 3480 2196 3566 pollutionem
2241 3502 2328 3547 ex
2367 3479 2568 3551 caede

618 3568 1013 3638 contrahant
1052 3565 1275 3655 (sicuti
1317 3567 1500 3635 Deus
1541 3587 1799 3650 semper
1839 3568 1912 3633 in
1956 3566 2268 3651 legitimis
2310 3585 2568 3650 quoqne

705 3656 849 3722 enis
883 3673 1153 3720 manere
1187 3651 1396 3720 voluit
1431 3651 1694 3738 aliquod
1725 3652 2163 3720 humanitatis
2185 3650 2568 3753 vestigium)

664 3740 856 3808 einde
898 3760 983 3805 ne
1024 3739 1199 3824 quod
1242 3738 1820 3823 inquinamentum
1862 3739 1932 3805 in
1975 3738 2218 3824 populo
2260 3735 2565 3805 resideat.

615 3828 844 3895 Primo
884 3826 1092 3911 igitur
1134 3832 1326 3891 extra
1369 3831 1586 3891 castra
1625 3845 1902 3909 poenam
1938 3823 2236 3892 sontibus
2267 3823 2568 3908 infligere

618 3913 888 3981 solenne
929 3911 1074 3992 fuit,
1116 3929 1245 3994 quo
1285 3910 1497 3995 magis
1531 3931 1572 3977 a
1605 3909 1940 3977 fundendo
1974 3909 2294 3995 sanguine
2328 3908 2567 3975 abhor-

616 4006 860 4066 rerent.
965 3994 1098 4063 Sed
1152 4014 1329 4061 nunc
1383 3997 1751 4062 membrum
1810 3994 2146 4080 putridum
2204 4017 2244 4063 a
2298 4014 2568 4080 corpore

617 4090 942 4151 resectum
983 4082 1130 4162 fuit,
1170 4087 1239 4148 et
1272 4089 1490 4149 castra
1522 4080 1824 4149 sordibus
1858 4081 2140 4166 expiata.
2205 4083 2308 4148 Ac
2342 4101 2568 4147 exem·

662 4168 802 4234 lum
844 4167 1267 4234 memorabile
1322 4167 1526 4234 fuisse
1583 4168 2001 4252 agnoscimus
2017 4218 2034 4247 ‚
2090 4165 2266 4252 quod
2322 4187 2566 4233 nomen

641 4275 759 4321 oco
801 4253 1183 4337 impositum
1226 4253 1370 4319 fuit.
1458 4252 1537 4320 Si
1577 4274 1771 4338 quem
1813 4254 2166 4321 conturbat
2208 4253 2313 4319 vel
2358 4253 2566 4319 offen-

617 4340 716 4408 dit
772 4358 1018 4423 poenae
1083 4338 1426 4407 atrocitas:
1499 4360 1759 4424 semper
1814 4360 1890 4406 eo
1953 4339 2171 4406 redire
2233 4339 2565 4419 convenit,

618 4424 917 4511 quamvis
959 4445 1001 4492 a
1044 4424 1170 4490 Dei
1213 4423 1472 4492 iudiciis
1527 4426 1693 4492 ratio
1750 4433 1975 4492 nostra
2016 4422 2360 4506 dissideat,
2416 4424 2567 4507 piae

619 4521 844 4578 tamen
900 4509 1256 4577 modestiae
1302 4519 1370 4576 et
1427 4510 1799 4578 sobrietatis
1852 4511 2081 4578 fraeno
2134 4509 2564 4578 cohibendam

620 4619 762 4665 esse
819 4596 1158 4667 audaciam
1216 4617 1301 4663 ne
1355 4595 1799 4680 improbemus
1841 4596 2153 4682 quidquid
2198 4596 2385 4663 nobis
2429 4616 2565 4662 non

619 4685 850 4768 placet.
914 4683 1179 4749 Durum
1219 4681 1504 4767 quidem,
1546 4682 1832 4748 immane
1875 4692 1943 4748 et
1983 4683 2333 4749 barbarum
2381 4682 2566 4749 vide·

621 4778 750 4850 tur,
791 4777 1051 4836 teneros
1095 4789 1332 4852 pueros
1374 4768 1486 4852 qui
1529 4777 1719 4834 extra
1752 4768 2013 4852 culpam
2048 4775 2258 4846 erant,
2303 4768 2386 4836 ad
2420 4789 2567 4834 cru-

620 4854 766 4922 dele
809 4854 1202 4939 supplicium
1262 4854 1436 4938 rapi,
1497 4861 1577 4919 ut
1627 4852 2002 4937 lapidentur
2057 4863 2126 4922 et
2181 4862 2563 4922 exurantur.

620 4939 815 5024 Quod
864 4942 935 5006 in
991 4941 1185 5007 bruta
1228 4937 1537 5005 animalia
1579 4938 1805 5005 eodem
1849 4939 2041 5006 modo
2083 4942 2409 5008 saevitum
2444 4947 2565 5021 est,

621 5048 749 5093 non
786 5027 880 5092 ita
913 5027 1187 5092 mirum:
1235 5025 1387 5111 quia
1420 5032 1496 5091 ut
1530 5033 1751 5091 creata
1783 5035 1940 5092 sunt
1974 5025 2313 5094 hominum
2347 5046 2564 5105 causa,

621 5112 857 5178 merito
919 5134 1073 5179 suos
1140 5110 1434 5179 dominos
1510 5119 1890 5196 sequuntur.
1999 5111 2179 5198 Ergo
2253 5111 2566 5198 quidquid

620 5197 906 5282 possedit
928 5198 1158 5264 Achan
1180 5220 1316 5265 una
1338 5217 1488 5265 cum
1522 5197 1667 5282 ipso
1700 5197 1895 5281 periit
1924 5206 2240 5282 tanquam
2264 5200 2562 5268 accessio.

792 5386 852 5455 1)
888 5386 1153 5456 Princeps
1186 5387 1348 5443 male.-
1381 5386 1538 5442 forte.

1797 454 2543 527 COMMENTARIUS
2588 454 2689 522 IN
2733 455 3015 525 IOSUE
3060 458 3260 525 OAP.
3308 456 3465 523 VII.

4487 460 4614 526 480

2668 647 2924 712 Verum
2967 667 3202 730 pueros
3238 646 3320 713 ob
3356 647 3603 713 crimen
3638 646 3846 730 patris
3881 645 4154 731 lapidari
4199 656 4268 714 et
4300 648 4609 726 comburi,

2667 732 2940 798 immitis
2981 732 3114 798 fuit
3154 732 3463 799 vindicta.
3551 732 3771 817 Atque
3814 732 3921 799 hic
3973 753 4251 816 poenam
4296 732 4377 800 de
4419 733 4617 800 scele-

2667 819 2854 885 ribus
2911 826 3260 902 parentum
3317 817 3534 903 palam
3593 819 3747 885 filiis
3802 817 3987 886 Deus
4043 820 4318 903 infligit,
4383 831 4614 886 contra

2666 925 2863 989 quam
2907 925 3025 989 per
3068 904 3483 971 Ezechielem
3523 904 3927 989 pronunciet.
4005 904 4260 971 Verum
4298 904 4615 989 quomodo

2666 991 2996 1057 neminem
3040 990 3272 1074 perdat
3312 991 3662 1071 insontem,
3702 1000 3769 1057 et
3811 990 4064 1057 reiiciat
4107 999 4327 1057 tamen
4370 991 4617 1058 scelera

2668 1085 2930 1160 patrum
2992 1076 3061 1141 in
3127 1076 3297 1143 filios
3362 1074 3651 1143 breviter
3712 1097 3796 1142 ex
3842 1077 4030 1156 licui,
4106 1076 4219 1143 ubi
4278 1086 4616 1143 narratum

2666 1163 2797 1228 fuit
2839 1161 2921 1228 de
2974 1163 3310 1229 communi
3363 1161 3548 1229 urbis
3606 1161 3863 1230 excidio
3906 1172 3973 1228 et
4019 1163 4392 1246 promiscua
4437 1171 4615 1230 aeta-

2667 1256 2812 1314 tum
2871 1255 3109 1333 strage.
3200 1246 3338 1330 Qui
3395 1257 3552 1315 tunc
3610 1247 3830 1334 gladio
3874 1249 4246 1331 consumpti
4301 1264 4459 1315 sunt
4514 1249 4617 1314 in·

2666 1334 2882 1402 fantes
2946 1343 3014 1399 et
3080 1334 3374 1417 parvuli,
3451 1334 3599 1400 ideo
3662 1341 3976 1418 tanquam
4040 1333 4309 1419 indigne
4372 1334 4617 1402 occisos

2670 1418 3012 1501 deflemus,
3062 1419 3217 1504 quia
3257 1420 3440 1486 nulla
3483 1440 3710 1486 eorum
3751 1419 3944 1503 culpa
3987 1428 4278 1504 apparet.
4363 1420 4618 1486 Verum

2668 1507 2725 1572 si
2792 1512 3174 1590 reputamus
3237 1514 3480 1590 quanto
3536 1504 3730 1573 altius
3785 1513 4090 1589 penetret
4146 1506 4276 1572 Dei
4329 1506 4620 1591 cognitio

2668 1612 2861 1676 quam
2885 1593 3124 1659 mentis
3146 1601 3408 1657 nostrae
3428 1590 3887 1677 intelligentia,
3909 1591 4128 1675 potius
4147 1592 4621 1675 acquiescimus

2668 1679 2809 1744 eius
2871 1676 3132 1745 decreto
3148 1727 3166 1757 ,
3248 1698 3444 1763 quam
3509 1686 3736 1743 nostra
3806 1678 4176 1743 temeritate
4239 1698 4621 1762 vesanaque

2667 1763 2973 1848 superbia
3035 1784 3157 1829 nos
3233 1762 3593 1844 efferendo,
3667 1764 3738 1829 in
3803 1762 4262 1847 praecipitium
4327 1784 4620 1830 ruamus.

2668 1849 2867 1916 Oerte
2899 1847 3380 1916 inconsiderato
3423 1848 3574 1915 odio
3607 1858 3948 1933 correptus
3983 1871 4116 1916 non
4149 1850 4275 1916 fuit
4308 1858 4384 1915 ut
4419 1849 4622 1915 inhu-

2670 1935 2956 2002 maniter
3004 1935 3174 2001 filios
3210 1934 3443 2002 Achan
3503 1934 3845 2003 occideret.
3935 1935 4106 2001 Nam
4153 1956 4356 2020 quum
4401 1942 4623 2002 essent

2666 2022 3056 2106 figmentum
3100 2031 3168 2086 et
3210 2041 3375 2105 opus
3435 2041 3753 2087 manuum
3796 2021 3969 2100 eius,
4035 2021 4233 2088 simul
4291 2020 4625 2105 insculpta

2666 2108 2738 2173 in
2803 2127 3029 2173 eorum
3092 2127 3289 2173 carne
3353 2115 3496 2172 erat
3572 2105 4003 2186 circumcisio,
4084 2107 4356 2174 minime
4419 2107 4625 2172 fallax

2669 2191 3034 2277 adoptionis
3114 2191 3483 2276 symbolum
3501 2244 3516 2271 ,
3606 2213 3719 2259 eos
3799 2203 4018 2259 tamen
4093 2195 4291 2260 morti
4355 2191 4621 2260 addicit.

2669 2278 2849 2361 Quid
2884 2278 3072 2345 nobis
3117 2277 3228 2344 hic
3274 2278 3599 2363 reliquum
3659 2278 3784 2345 nisi
3816 2287 3896 2345 ut
3926 2279 4326 2346 infirmitatis
4359 2286 4626 2346 nostrae

2669 2365 2943 2444 conscii,
3032 2363 3677 2448 incomprehensibili
3743 2365 3884 2431 eius
3944 2364 4216 2431 consilio
4295 2364 4622 2432 cedamus.

2669 2450 2851 2518 Fieri
2894 2456 3146 2535 potest,
3202 2459 3276 2515 ut
3317 2470 3498 2517 mors
3538 2450 3674 2516 illis
3716 2449 3801 2516 ad
3844 2448 4240 2517 medicinam
4282 2449 4625 2536 profuerit.

2671 2536 2865 2619 Quod
2905 2536 2965 2602 si
3017 2536 3278 2621 reprobi
3321 2544 3544 2612 erant,
3611 2557 3744 2602 non
3895 2537 4025 2603 tuit
4075 2537 4428 2604 immatura
4483 2557 4628 2603 esse

2672 2642 2900 2688 eorum
2959 2621 3309 2688 damnatiO.
3398 2621 3589 2688 Adde
3654 2643 3742 2708 qu
3893 2622 4099 2689 vitam
4165 2643 4363 2708 quam
4422 2620 4623 2702 dedit,

2670 2716 2892 2794 potest
2945 2708 3129 2774 Deus
3184 2707 3438 2792 quoties
3491 2708 3711 2775 visum
3761 2716 3893 2789 est,
3957 2729 4092 2774 non
4138 2710 4349 2795 magis
4389 2707 4623 2775 morbo

2673 2814 2870 2879 qnam
2920 2793 3048 2861 alio
3105 2792 3394 2878 quolibet
3447 2793 3642 2861 modo
3713 2794 3989 2861 auferre.
4078 2794 4425 2879 Discerpet
4482 2793 4627 2860 fera

2674 2877 2885 2947 bestia
2970 2877 3294 2946 infantem
3358 2899 3435 2947 ac
3530 2878 3827 2948 laniabit.
3916 2880 4220 2947 Alterum
4297 2880 4627 2947 virulento

2672 2986 2900 3032 morsu
2951 2987 3222 3050 serpens
3273 2965 3671 3051 exstinguet.
3756 2964 3966 3032 Cadet
4015 2988 4188 3032 nnus
4238 2966 4309 3032 in
4366 2985 4624 3051 aquam,

2673 3051 2842 3118 alter
2881 3053 2953 3118 in
2995 3052 3238 3136 ignem,
3284 3051 3488 3117 alium
3532 3050 3763 3117 nutrix
3804 3051 4168 3132 suffocabit,
4224 3051 4429 3118 alium
4472 3072 4627 3119 con·

2673 3145 2842 3204 teret
2897 3136 3083 3223 lapis.
3171 3137 3318 3203 Imo
3374 3137 3711 3207 nonnullis
3772 3158 3860 3203 an

2672 3224 2851 3290 ciant
2904 3232 3133 3290 uterus
3192 3231 3293 3290 est
3363 3224 3759 3306 sepulcrum.
3849 3222 3959 3289 Nu
3986 3224 4088 3290 las
4144 3246 4228 3291 ex
4283 3232 4387 3291 tot
4453 3244 4626 3289 mor·

2672 3310 2854 3376 tibus
2902 3309 3035 3375 nisi
3078 3309 3205 3375 Dei
3261 3309 3534 3376 arbitrio
3587 3307 3881 3376 accidere
3937 3318 4191 3377 certum
4244 3317 4363 3378 est.
4456 3307 4623 3392 Quis

2674 3404 2899 3462 tamen
2940 3403 3285 3480 propterea
3320 3394 3585 3461 audebit
3626 3393 3814 3461 litem
3848 3403 4076 3462 contra
4117 3415 4268 3463 eum
4311 3394 4621 3463 movere?

2670 3480 2865 3563 Quod
2930 3482 2989 3546 si
3044 3481 3190 3565 quis
3253 3500 3332 3547 eo
3396 3501 3602 3565 usque
3664 3480 3988 3560 insaniat,
4062 3480 4218 3566 quid
4280 3479 4621 3567 proficiet?

2671 3565 3059 3633 Tenendum
3101 3566 3367 3651 quidem
3412 3575 3513 3633 est
3526 3617 3543 3645 ,
3598 3568 3814 3634 nullos
3856 3566 3995 3633 eius
4040 3566 4350 3635 mandato
4392 3567 4624 3652 perire,

2670 3654 2799 3720 nisi
2862 3673 3026 3737 quos
3100 3652 3299 3719 morti
3379 3652 3841 3721 destinaverat.
3933 3652 4283 3720 Caeterum
4348 3674 4436 3720 ex
4496 3673 4623 3738 quo

2669 3746 3097 3807 recensentur
3138 3738 3283 3805 eius
3327 3739 3561 3817 boves,
3629 3739 3830 3817 asini,
3897 3745 3965 3804 et
4006 3759 4189 3819 oves,
4257 3737 4622 3824 colligimus

2671 3825 2869 3893 fuisse
2923 3825 3082 3892 satis
3141 3824 3564 3908 locupletem:
3629 3832 3703 3891 ut
3745 3824 4022 3910 penuria
4075 3845 4226 3892 eum
4287 3825 4371 3891 ad
4413 3825 4622 3893 scelus

2670 3932 2806 3978 non
2848 3910 3199 3997 impulerit.
3292 3911 3374 3977 In
3418 3929 3546 3996 quo
3586 3931 3659 3978 se
3705 3908 3993 3995 prodidit
4023 3910 4442 3995 inexplebilis
4483 3911 4622 3977 eius

2670 3996 3026 4149 fupiditas,
3090 3995 3270 4148 quote}i
3315 4018 3441 4149 rest
3478 3996 3764 4064 furtivas
3817 4016 3952 4063 non
4006 3995 4091 4062 ad
4142 4017 4344 4064 usum
4385 3995 4503 4064 sed
4541 3994 4620 4063 ad

2696 4103 3006 4150 uxuriam
3046 4102 3214 4167 appe
3268 4105 3410 4149 veri
3442 4134 3457 4149 .

2840 4168 2946 4235 25.
3015 4168 3210 4235 Dixit
3252 4167 3457 4236 Iosue.
3549 4165 3832 4236 Videtur
3888 4168 4086 4235 nimis
4130 4167 4296 4235 dura
4338 4189 4481 4236 esse
4523 4167 4621 4234 in·

2670 4253 2971 4321 sultatio:
3019 4276 3096 4322 ac
3138 4254 3196 4319 si
3239 4253 3647 4339 propositum
3694 4262 3870 4322 esset
3909 4253 4225 4321 miserum
4265 4254 4618 4331 hominem,

2672 4361 2866 4424 quem
2935 4339 3018 4406 ad
3119 4340 3463 4407 atientiam
3528 4339 3781 4406 hortari
3847 4339 4193 4422 debuerat,
4269 4360 4476 4426 prope
4538 4338 4617 4407 ad

2668 4427 2960 4493 furorem
3036 4362 3321 4512 affigere.
3410 4426 3664 4492 Verum
3728 4426 3897 4493 mihi
3975 4426 4247 4494 dubium
4320 4446 4456 4492 non
4524 4434 4620 4494 est

2671 4513 2831 4597 quin
2873 4512 3099 4596 populi
3141 4533 3340 4579 causa
3382 4512 3478 4579 ita
3510 4512 3817 4597 loquutus
3861 4511 3966 4594 sit,
4009 4519 4087 4578 ut
4118 4512 4427 4580 omnibus
4460 4512 4616 4579 utile

2670 4605 2842 4665 esset
2885 4598 3277 4682 exemplum.
3351 4599 3460 4664 Ita
3501 4604 3737 4678 statuo,
3782 4599 4069 4666 noluisse
4111 4598 4348 4666 Achan
4392 4597 4615 4684 despe-

2668 4684 2924 4750 ratione
2952 4684 3260 4750 0bruere:
3297 4685 3506 4752 sedin
3529 4684 3671 4751 eius
3706 4705 3985 4769 persona
4017 4684 4381 4766 ostendere,
4422 4704 4615 4769 quam

2669 4790 2871 4855 grave
2923 4769 3011 4836 sit
3075 4770 3326 4837 crimen
3341 4820 3359 4850 ,
3424 4771 3762 4838 ecclesiam
3819 4770 3949 4838 Dei
4014 4769 4298 4837 turbare.
4389 4770 4612 4853 Quan-

2670 4875 2867 4941 quam
2931 4857 3076 4922 fieri
3138 4865 3381 4941 potest,
3456 4866 3530 4924 ut
3583 4857 3778 4924 homo
3842 4855 4160 4941 superbus
4224 4865 4612 4941 conquestus

2666 4942 2868 5009 fuerit
2910 4962 3043 5008 non
3086 4955 3421 5026 acceptam
3462 4963 3604 5010 esse
3646 4964 3836 5010 suam
3879 4941 4426 5023 satisfactionem,
4491 4960 4611 5026 qua

2667 5048 2739 5094 se
2791 5027 2992 5110 probe
3045 5026 3423 5095 defunctum
3525 5029 3753 5095 utabat
3766 5079 3782 5108 ,
3848 5028 4121 5113 ideoque
4162 5028 4360 5095 Iosue
4415 5028 4606 5097 corri-

2667 5111 2919 5198 gendae
3005 5113 3109 5180 vel
3187 5113 3470 5200 frangen
3516 5135 3594 5181 ae
3671 5115 3812 5181 eius
3889 5116 4342 5182 contumaciae
4419 5132 4607 5183 causa

2669 5198 2967 5283 asperius
3019 5200 3323 5266 invectus
3374 5202 3476 5269 sit.
3562 5200 3736 5266 Nam
3779 5208 3846 5267 et
3902 5200 4330 5285 interrogatio
4385 5200 4606 5268 subin·

2669 5284 2842 5352 dicat
2883 5284 3071 5351 illum
3114 5286 3589 5370 expostulasse:
3648 5295 3715 5353 et
3757 5288 3869 5353 ubi
3913 5289 4130 5355 Deum
4175 5286 4453 5353 iudicem
4497 5305 4603 5369 ap·

2668 5370 2901 5456 pellat,
2971 5370 3228 5438 videtur
3291 5393 3698 5457 compescere
3762 5373 4093 5440 hominem
4147 5373 4597 5457 praefractum.

3972 3159 4125 3204 uam
4181 3138 4394 3205 lucem
4455 3139 4626 3221 aspi-
