5017 6142
425 429 552 496 525

428 625 617 686 extra
658 617 974 770 οτᾶίῃξω,
1016 626 1085 685 et
1126 617 1473 704 privilegio
1518 617 1670 685 data
1712 618 2071 703 hospitium
2109 619 2363 687 Levitis

428 726 558 772 non
605 725 838 791 negavi
873 756 887 771 .

1147 992 1449 1061 CAPUT
1490 992 1647 1060 XV.

601 1133 658 1199 1.
704 1130 976 1231 Fwitqae
1016 1150 1156 1197 sors
1197 1131 1390 1232 tribui
1423 1130 1704 1212 tiliorum
1739 1122 1983 1191 Iehada
2015 1141 2133 1205 per
2170 1120 2366 1223 fami-

425 1218 555 1285 lias
613 1236 822 1284 eorum
877 1220 1062 1283 menta
1116 1221 1451 1283 temmum
1492 1215 1696 1283 Edom
1711 1263 1727 1293 ‚
1785 1216 1841 1276 et
1894 1210 2201 1276 desertum
2245 1205 2367 1275 Sm

426 1303 512 1370 ad
552 1309 842 1370 austrum
882 1303 963 1370 ab
1004 1307 1272 1368 extremo
1314 1302 1536 1368 austri.
1626 1301 1685 1367 2.
1733 1294 2005 1397 Fuitque
2056 1295 2196 1359 eius
2249 1298 2367 1359 ter-

425 1391 637 1457 minus
690 1389 978 1455 meridiei
1039 1386 1118 1454 ab
1181 1392 1448 1454 extremo
1511 1388 1712 1454 maris
1771 1382 1960 1462 salis,
2022 1379 2131 1446 hoc
2194 1385 2282 1446 est
2322 1401 2367 1445 a

412 1481 606 1558 petra
639 1495 802 1575 quae
832 1474 1086 1557 respicit
1117 1474 1201 1539 ad
1233 1473 1570 1540 meridiem.
1619 1473 1708 1574 .3·.
1747 1471 1837 1538 Et
1869 1466 2187 1567 eyreditwr
2225 1486 2364 1565 ver-

411 1558 1476 1747 ffiffwaffifflsssss
1514 1564 1587 1710 ἓξ.
1606 1550 2366 1743 ‘lfflffimz

419 1731 1109 1888 πως-’.ξπ
1130 1750 1417 1884 m?
1436 1730 1777 1882 ..we
1809 1725 2168 1889 mn
2200 1727 2366 1912 ..ξιξ

420 1902 1446 2057 mquagweyffl
1458 1925 1478 1966 ὀ
1495 1989 1615 2052 erit
1675 1896 2366 2052 egebiseyrteemsnussmgcsl

421 2076 764 2143 meridiem,
853 2073 914 2139 5.
966 2074 1304 2143 Terminus
1358 2091 1501 2138 vero
1556 2072 1643 2137 ad
1685 2072 2002 2150 ονίεηῦεηι,
2060 2075 2149 2134 est
2189 2088 2366 2135 mare

422 2157 2368 2342 zzffiffiwfflwmimwamtam

424 2335 486 2400 6.
533 2332 947 2415 Ascenditque
986 2331 1289 2397 lemtim
1329 2331 1446 2395 isoe
1486 2349 1557 2395 m
1598 2327 1984 2413 Bet-hoylah‚
2027 2331 2082 2392 et
2134 2329 2368 2391 transit

424 2420 504 2486 ab
560 2417 850 2501 aquilone
906 2417 992 2483 ad
1033 2414 1396 2483 Betharaba
1412 2465 1428 2496 ,
1493 2419 1673 2496 atque
1715 2414 1893 2481 illine
1934 2412 2208 2479 aseendit
2248 2415 2366 2476 ter-

422 2506 637 2572 minus
675 2504 795 2570 iste
836 2503 924 2568 ad
962 2503 1235 2585 lapidem
1278 2499 1508 2567 Bohan
1543 2501 1672 2581 filii
1716 2499 1952 2565 Ruben.
2028 2498 2083 2564 7.
2130 2496 2365 2563 Ascen-

422 2592 519 2658 dit
555 2593 874 2672 praeterea
914 2589 1219 2655 terminus
1258 2588 1374 2653 iste
1413 2588 1487 2651 in
1520 2584 1723 2685 Delir
1765 2607 1806 2651 a
1843 2583 2001 2650 valle
2038 2581 2267 2664 Achor,
2310 2586 2368 2648 et

419 2674 1386 2849 ffffifflmmffammwffl,
1409 2670 2004 2840 &mam
2032 2674 2366 2822 ἐῗαῑεῖνῗ

423 2848 680 2915 torrenti
733 2853 789 2913 et
841 2847 1072 2912 transit
1125 2845 1430 2912 terminus
1487 2845 1605 2909 iste
1644 2844 1731 2910 ad
1772 2861 1978 2925 aquas
2019 2840 2363 2918 Eoi-semes,

422 2938 683 3015 suntque
723 2932 929 2999 exime
970 2933 1107 2999 eius
1149 2931 1235 2997 ad
1274 2929 1601 3014 En-royel.
1689 2928 1749 2994 8.
1797 2927 1887 2993 Et
1927 2927 2206 2995 aseendit
2247 2932 2366 2993 ter-

422 3020 639 3084 minus
678 3018 796 3084 iste
838 3017 924 3083 ad
962 3018 1190 3084 vallem
1226 3015 1353 3098 filii
1393 3014 1692 3091 Binum,
1739 3014 1825 3080 ad
1866 3013 2035 3080 latus
2076 3012 2370 3079 Iebusaei

424 3127 466 3172 a
505 3103 797 3183 meridie,
853 3104 999 3184 ipsa
1039 3108 1130 3170 est
1171 3100 1553 3169 Ierusalem:
1611 3101 1887 3167 aseendit
1938 3100 2198 3183 insuper
2253 3104 2369 3164 ter-

423 3191 636 3256 minus
675 3190 792 3255 iste
834 3189 921 3254 ad
961 3190 1244 3256 verticem
1284 3186 1514 3253 montis
1553 3186 1665 3268 qm·
1697 3191 1787 3252 est
1828 3206 1862 3251 e
1900 3186 2147 3269 reyione
2179 3184 2369 3252 vallis

425 3276 712 3342 Hivmom
745 3273 831 3339 ad
869 3274 1246 3352 occidentem,
1278 3292 1442 3373 quae
1475 3271 1726 3353 quidem
1759 3276 1851 3371 est
1885 3272 1957 3370 inp
1991 3272 2370 3337 extremitate

424 3361 638 3523 m
656 3359 978 3512 {m
1010 3358 1514 3529 mm
1558 3355 2373 3543 ..J-mmm&

425 3531 629 3609 thoah,
664 3537 724 3598 et
756 3531 1067 3615 eyreditur
1108 3531 1194 3597 ad
1226 3530 1410 3597 urbes
1448 3533 1675 3595 montis
1709 3527 1991 3611 Ephron,
2034 3533 2372 3610 &remique

427 3619 728 3685 terminus
748 3618 862 3684 iste
901 3617 972 3683 in
995 3616 1233 3696 Baala‚
1278 3617 1427 3698 ipsa
1465 3620 1555 3681 est
1583 3612 2107 3714 Uiriath-iearim.
2158 3613 2259 3679 10.
2284 3611 2372 3676 Et

429 3705 607 3771 illinc
654 3708 842 3787 yyrat
880 3704 1185 3770 terminas
1239 3703 1355 3768 iste
1407 3720 1450 3765 a
1491 3699 1709 3767 Baala
1750 3699 1836 3765 ad
1874 3699 2239 3766 occidentem
2289 3699 2374 3765 ad

430 3794 695 3857 montem
739 3787 884 3855 Seir
923 3795 977 3855 et
1016 3789 1190 3855 illine
1218 3787 1570 3869 pen-transit
1610 3787 1695 3852 ad
1739 3787 1906 3852 latus
1946 3786 2174 3851 montis
2220 3784 2370 3851 Iea-

431 3878 559 3943 rim
617 3874 698 3940 ab
750 3873 1069 3957 aquilone,
1129 3874 1276 3957 ipsa
1317 3875 1405 3939 est
1452 3870 1783 3970 Che-salon,
1841 3871 2262 3970 descenditque
2302 3870 2374 3935 in

433 3961 825 4028 Beth-semes
839 4012 857 4040 ,
919 3965 978 4027 et
1018 3959 1367 4042 pertransit
1404 3959 1477 4024 in
1527 3957 1771 4023 Tmma.
1859 3957 1960 4023 11.
2007 3957 2375 4056 Egredztmj-

432 4042 2373 4131 queterminusadlatusEeronadaqwilonem,etmremt

434 4134 736 4201 ten-nanus
793 4133 909 4198 iste
962 4132 1050 4199 ad
1110 4129 1395 4209 Siehron,
1448 4129 1913 4212 pertransitqw
1970 4129 2056 4195 ad
2110 4133 2373 4194 montem

436 4219 672 4297 Baala,
727 4222 784 4283 et
836 4216 1011 4284 illine
1066 4217 1381 4301 eyn-editur
1421 4215 1494 4280 in
1537 4213 1804 4294 Iabneel,
1870 4220 2128 4296 suntque
2169 4219 2376 4279 witus

434 4304 627 4370 huius
666 4304 918 4369 termini
960 4303 1045 4369 ad
1082 4323 1274 4368 mare.
1367 4300 1468 4366 12.
1516 4299 1721 4365 Porro
1763 4300 2070 4366 terminus
2106 4300 2374 4366 occiden-

435 4389 589 4455 talis
627 4388 712 4454 ad
751 4408 928 4456 mare
960 4407 1273 4475 myrtum,
1314 4391 1370 4452 et
1401 4386 1751 4464 terminum,
1795 4387 1912 4451 iste
1943 4391 2034 4451 est
2073 4386 2376 4451 terminus

431 4475 712 4558 filiorum
775 4473 1024 4541 Ielmda
1081 4497 1194 4556 per
1255 4473 1611 4545 circuitum,
1665 4492 1790 4553 per
1847 4470 2140 4554 familias
2200 4490 2373 4541 suas,

441 4561 542 4626 13.
591 4558 774 4627 Galeb
816 4565 1022 4626 autem
1072 4560 1206 4642 filio
1249 4558 1525 4641 sephane
1567 4557 1736 4623 dedit
1772 4560 2023 4639 partem
2063 4557 2136 4623 in
2175 4556 2380 4622 medio

433 4647 709 4730 filiorum
774 4644 1020 4711 Ielmda
1040 4696 1057 4726 ,
1130 4645 1465 4711 secundm
1540 4663 1879 4710 sermonem
1955 4642 2221 4709 Iehovae
2294 4640 2380 4707 ad

441 4733 647 4811 Iasae,
696 4730 1122 4799 Uiriath-arba
1152 4730 1367 4813 patris
1408 4730 1619 4811 Anac,
1658 4730 1806 4811 ipsa
1847 4732 1938 4795 est
1978 4727 2248 4794 Hebron.

617 4904 676 4968 1.
733 4903 875 4969 Iam
935 4900 1270 4986 praefatus
1327 4921 1473 4966 sum
1525 4901 1597 4966 in
1657 4898 2042 4966 delineando
2092 4899 2382 4965 locorum

444 4992 578 5059 situ
637 4997 707 5055 et
756 4985 1167 5056 excutiendis
1221 4985 1590 5053 nominibus
1648 5005 1780 5051 non
1835 4985 1972 5051 fore
2016 5006 2120 5051 me
2167 4984 2380 5052 curio·

443 5098 623 5156 sum,
681 5076 922 5159 partim
979 5073 1132 5157 quia
1173 5092 1282 5137 me
1325 5074 1394 5137 in
1436 5070 1903 5155 topographica
1946 5070 2221 5137 scientia
2278 5070 2380 5136 vel

443 5159 956 5246 chorographica
1002 5180 1136 5225 non
1193 5178 1332 5225 esse
1376 5157 1807 5223 exercitatum
1850 5155 2084 5222 fateor:
2142 5156 2382 5239 partim

442 5249 597 5332 quia
640 5247 860 5331 magni
902 5245 1144 5310 laboris
1185 5243 1452 5310 nonnisi
1491 5241 1707 5308 tenuis
1748 5242 2005 5309 fructus
2051 5240 2133 5307 ad
2189 5241 2385 5308 lecto·

443 5354 552 5401 res
594 5331 858 5398 rediret.
903 5330 1046 5396 Imo
1080 5330 1245 5397 forte
1288 5329 1577 5395 maxima
1616 5348 1771 5411 pars
1814 5328 2056 5410 absque
2097 5327 2385 5394 utilitate

1575 426 2316 499 COMMENTARIUS
2361 426 2461 495 IN
2511 426 2793 497 IOSUE
2840 429 3040 499 OAP.
3086 432 3240 499 XV.

4271 435 4399 502 526

2464 615 2653 684 valde
2694 616 2975 684 sudaret.
3043 617 3240 701 Quod
3282 618 3364 686 ad
3407 641 3544 687 rem
3580 620 3880 704 pertinet,
3924 621 4402 690 observandum

2464 723 2597 768 non
2662 710 2917 769 tantum
2975 704 3044 768 in
3108 704 3248 772 loco
3301 706 3556 772 excelso
3613 706 3845 773 cadere
3903 715 4142 774 sortem
4189 707 4403 776 tribus

2463 787 2668 867 Iuda,
2724 796 2798 854 ut
2854 790 2997 872 ipsa
3051 790 3336 875 regionis
3372 792 3730 857 eminentia
3774 791 4157 877 dignitatem
4201 796 4405 862 futuri

2466 875 2652 958 regni
2695 875 3136 941 commendet:
3180 875 3294 942 sed
3337 897 3576 943 nomen
3620 880 3760 943 eius
3793 880 4076 962 primum
4113 880 4297 946 exire
4330 880 4405 946 in

2464 958 2756 1026 eiusdem
2799 961 2897 1025 rei
2938 962 3376 1045 praesagium.
3464 962 3658 1044 Quod
3702 963 3835 1030 iam
3896 965 4098 1031 armis
4140 976 4402 1049 partum

2466 1054 2608 1111 erat
2673 1044 2968 1112 dividere
3023 1047 3359 1131 incipiunt.
3463 1049 3782 1115 Trihuum
3849 1049 4070 1117 decem
4135 1053 4408 1118 nomina

2465 1130 2898 1201 coniiciuntur
2938 1132 3005 1197 in
3049 1154 3304 1199 urnam.
3374 1133 3541 1200 Iuda
3585 1135 3886 1203 omnibus
3930 1137 4075 1203 aliis
4116 1137 4405 1220 praefer·

2466 1223 2595 1283 tur.
2686 1215 2855 1298 Quis
2913 1237 3045 1283 non
3094 1219 3277 1284 videt
3333 1219 3544 1285 attolli
3602 1220 3675 1285 in
3731 1242 4062 1288 summum
4104 1223 4403 1306 gradum,

2464 1309 2542 1367 ut
2586 1311 2798 1367 ratum
2844 1302 2933 1368 sit
2974 1304 3357 1370 vaticinium
3401 1304 3640 1373 Iacob?
3700 1307 3841 1372 Iam
3883 1308 4058 1373 intra
4099 1310 4262 1375 fines
4297 1308 4407 1376 hio

2462 1388 2712 1472 positos
2737 1388 2895 1455 satis
2930 1395 3161 1455 notum
3206 1398 3305 1456 est
3346 1390 3544 1457 fuisse
3578 1393 3825 1475 optima
3866 1413 4107 1475 pasena
4138 1402 4207 1459 et
4240 1394 4409 1461 vites

2466 1493 2814 1558 generosas
2857 1493 2934 1539 ac
2973 1474 3414 1542 foecunditate
3448 1475 3751 1544 celebres.
3838 1477 3984 1545 Hoc
4023 1478 4215 1546 modo
4251 1478 4407 1546 dum

2463 1579 2605 1625 sors
2647 1558 2996 1642 respondet
3039 1559 3349 1627 vaticinio
3391 1561 3606 1642 Iacob,
3650 1562 3833 1628 illam
3867 1586 3999 1631 non
4044 1586 4201 1631 casu
4242 1565 4408 1633 ceci-

2466 1644 2640 1711 disse
2682 1644 2875 1727 plane
2918 1644 3154 1730 liquet:
3197 1655 3495 1714 sanctum
3540 1669 3696 1714 vero
3752 1651 4192 1732 patriarcham
4236 1646 4409 1734 quod

2463 1750 2504 1796 a
2546 1731 2784 1814 spiritu
2829 1729 3145 1797 dictatum
3190 1741 3330 1798 erat
3372 1734 3736 1816 protulisse.
3796 1733 3869 1802 Si
3906 1736 4017 1818 qui
4060 1737 4196 1802 sint
4238 1736 4410 1804 loco-

2463 1837 2614 1882 rum
2658 1816 3000 1900 peritiores
3017 1868 3033 1895 ,
3102 1816 3235 1884 illis
3295 1818 3557 1901 quidem
3611 1818 3897 1887 iucunda
3941 1821 4068 1887 erit
4122 1830 4189 1888 et
4231 1822 4411 1889 utilis

2465 1904 2759 1986 argutior
2802 1901 3185 1986 disquisitio.
3274 1902 3526 1969 Verum
3582 1926 3666 1970 ne
3709 1905 4007 1973 rudiores
4050 1907 4269 1991 pigeat
4309 1910 4408 1992 ig-

2465 1995 2624 2053 nota
2667 1988 2932 2053 nomina
2973 1988 3222 2074 legere,
3279 2009 3413 2055 non
3454 1988 3783 2056 mediocre
3839 2012 4074 2075 operae
4118 1994 4407 2076 pretium

2466 2093 2538 2138 se
2607 2072 2838 2138 fecisse
2910 2074 3319 2155 existiment,
3386 2075 3581 2141 modo
3637 2073 3904 2142 brevem
3957 2098 4151 2161 quam
4218 2078 4410 2164 attigi

2466 2178 2789 2224 summam
2845 2166 3131 2237 teneant,
3195 2161 3266 2224 in
3314 2160 3592 2227 sublime
3647 2162 3868 2227 efferri
3920 2164 4167 2230 tribum
4223 2163 4410 2245 Iuda,

2465 2254 2544 2310 ut
2577 2265 2778 2327 supra
2820 2244 2982 2310 alias
3025 2246 3375 2328 conspicua
3417 2247 3729 2326 emineat,
3788 2248 3991 2314 donec
4033 2247 4190 2314 inde
4232 2270 4413 2334 soep-

2468 2338 2643 2395 trum
2688 2338 3034 2414 exsurgat:
3082 2329 3315 2396 deinde
3359 2331 3691 2398 vitiferam
3736 2341 3802 2397 et
3833 2335 4091 2417 pascuis
4125 2334 4410 2401 nobilem

2466 2415 2800 2500 regionem
2843 2416 3163 2500 assignari
3203 2418 3342 2483 eius
3383 2419 3694 2501 posteris:
3761 2417 3844 2485 ad
3888 2417 4070 2497 haec,
4113 2427 4192 2486 ut
4234 2431 4411 2488 totus

2466 2500 2749 2584 populus
2815 2510 3198 2585 agnosceret
3264 2523 3395 2568 non
3459 2503 3804 2570 fortuitum
3881 2504 4081 2571 fuisse
4144 2506 4410 2586 iactum,

2466 2588 2577 2669 qui
2620 2586 2830 2653 tribus
2872 2594 3025 2652 ante
3066 2587 3342 2654 saeculis
3377 2587 3747 2672 praedictus
3780 2588 4015 2655 fuerat.
4060 2590 4413 2658 Praeterea

2466 2670 2745 2738 indoctis
2822 2693 3078 2758 quoque
3167 2694 3251 2740 ex
3336 2673 3683 2757 multiplici
3768 2674 4017 2741 ambitu
4103 2675 4411 2762 colligere

2466 2765 2842 2840 promptum
2887 2769 3019 2823 est:
3079 2760 3432 2842 spatiosam
3471 2758 3679 2826 fuisse
3721 2758 4005 2844 plagam,
4047 2782 4247 2846 quam
4290 2762 4409 2828 tri-

2468 2843 2590 2910 bus
2632 2862 2766 2908 una
2808 2843 3044 2909 sort-ita
3086 2852 3201 2910 est.
3290 2844 3462 2911 Nam
3517 2846 3643 2912 etsi
3703 2855 3931 2930 postea
3973 2847 4253 2933 contigit
4292 2848 4412 2914 ali-

2467 2949 2598 3013 qua
2661 2928 3039 2995 diminutio:
3118 2951 3255 2995 sem
3302 2950 3375 2996 er
3444 2930 3761 2997 latissime
3840 2931 4154 2998 dominati
4234 2941 4410 2999 sunt.

2468 3014 2789 3081 Memoria
2830 3036 2987 3081 vero
3030 3023 3227 3081 tenen
3275 3036 3387 3082 um
3434 3025 3535 3082 est
3576 3016 3750 3100 quod
3793 3017 3931 3082 dixi
3947 3068 3964 3096 ,
4023 3026 4198 3085 sorte
4240 3017 4410 3085 nihil

2470 3098 2646 3166 aliud
2703 3100 2904 3167 fuisse
2950 3100 3350 3167 declaratum
3409 3122 3604 3185 quam
3647 3102 3801 3168 filiis
3842 3102 4014 3169 Iuda
4055 3104 4410 3170 terminum

2469 3204 2614 3252 esse
2656 3186 3036 3252 continuum
3080 3196 3297 3253 terrae
3340 3186 3591 3253 Aedom
3636 3198 3703 3253 et
3744 3188 3896 3255 filiis
3940 3187 4097 3254 sin:
4152 3188 4412 3256 eosdem

2470 3271 2782 3337 finitimos
2825 3269 2908 3337 ab
2950 3271 3157 3337 altera
3198 3278 3384 3356 parte
3429 3272 3741 3339 torrentis
3784 3275 4079 3359 Aegypti
4120 3276 4415 3359 marique

2472 3356 2975 3436 mediterraneo3
3024 3358 3138 3441 qui
3174 3378 3328 3425 vero
3363 3357 3550 3425 electi
3586 3365 3777 3426 erant
3820 3357 4155 3440 divisores,
4199 3361 4415 3445 quoad

2471 3443 2721 3509 ferebat
2765 3463 2990 3508 eorum
3033 3442 3381 3509 iudicium:
3446 3464 3569 3528 pro
3611 3444 4031 3512 multitudine
4073 3445 4412 3512 hominum

2471 3548 2773 3595 emensos
2830 3548 2971 3595 esse
3025 3535 3273 3613 quanta
3327 3529 3462 3596 illis
3505 3530 3717 3614 portio
3760 3529 4051 3612 cederet,
4107 3553 4229 3599 nec
4268 3531 4414 3598 lon-

2472 3616 2620 3700 gius
2662 3613 3033 3681 extendisse
3077 3635 3304 3682 eorum
3347 3617 3546 3682 fines:
3608 3615 3882 3682 eandem
3930 3637 4185 3701 quoque
4220 3619 4417 3684 ratio-

2471 3720 2628 3766 nem
2693 3710 3001 3784 sequutos
3058 3720 3200 3768 esse
3240 3702 3317 3766 in
3371 3700 3519 3768 aliis
3562 3709 3638 3766 ut
3678 3702 4055 3784 postulabat
4097 3704 4414 3771 vicinitas.

2474 3786 2536 3852 N
2539 3805 2613 3851 ec
2667 3806 2825 3852 vero
2885 3786 3143 3852 obstitit
3213 3806 3399 3853 error
3474 3788 3820 3870 quominus
3885 3788 4153 3855 firmum
4218 3790 4417 3856 fuerit

2472 3871 2646 3956 quod
2713 3870 3158 3939 decreverant.
3244 3872 3417 3938 Nam
3473 3873 3642 3940 sicut
3697 3894 3809 3940 eos
3859 3894 3992 3939 non
4044 3874 4281 3958 puduit
4333 3896 4417 3941 ex

2472 3967 2661 4043 parte
2716 3966 3074 4025 retractare
3129 3957 3549 4040 partitionem
3608 3979 3743 4025 non
3801 3959 3962 4025 satis
4013 3959 4417 4026 considerate

2470 4044 2742 4143 factam:
2802 4043 2898 4109 ita
2953 4042 3244 4144 vicissim
3286 4042 3598 4143 populus,
3637 4064 3840 4143 quum
3885 4055 4264 4129 agnosceret
4306 4065 4418 4145 eos

2470 4137 2738 4281 {Effe
2761 4128 2891 4281 Ἓξ
2932 4127 4093 4283 Stffffllfffssfzssssssfissffsszss¹⁸ffoe⁰⁸
4134 4130 4421 4283 ῗζῑῑὲι

2475 4299 2886 4385 particularis
2941 4321 3124 4366 error
3180 4299 3527 4383 quominus
3575 4310 3722 4366 rata
3763 4310 4059 4367 maneret
4096 4301 4420 4387 generalis

2474 4388 2662 4454 actio.
2771 4386 3067 4453 Verbum
3130 4407 3336 4452 unum
3415 4385 3741 4470 attingere
3818 4385 3898 4451 de
3980 4386 4141 4453 urbe
4204 4386 4420 4468 Iebus,

2477 4473 2664 4540 cuius
2722 4491 2962 4537 nomen
3017 4477 3243 4554 postea
3301 4472 3427 4537 fuit
3481 4470 3890 4557 lerosolyma
3906 4522 3922 4553 ‚
3980 4491 4216 4557 operae
4272 4493 4419 4555 pre-

2476 4557 2645 4623 tium
2689 4557 2833 4623 erit.
2889 4556 3111 4639 Quum
3154 4555 3288 4621 iam
3331 4576 3567 4623 arcano
3612 4558 3741 4625 Dei
3783 4557 4052 4625 consilio
4090 4559 4160 4623 in
4203 4576 4419 4623 sacra-

2478 4645 2653 4710 rium
2698 4642 2904 4710 electa
2945 4649 3134 4721 esset,
3190 4641 3454 4725 illicque
3495 4643 3717 4708 futura
3757 4650 3930 4711 esset
3970 4645 4157 4728 regni
4200 4641 4419 4709 sedes:

2478 4728 2683 4796 fuisse
2727 4735 2947 4793 tamen
3010 4748 3376 4811 possessam
3420 4726 3501 4792 ab
3543 4727 3840 4795 hostibus
3883 4750 4087 4812 usque
4130 4729 4214 4796 ad
4258 4738 4420 4795 tem-

2480 4835 2607 4899 pus
2649 4812 2947 4881 Davidis.
3005 4813 3176 4879 Nam
3218 4813 3289 4879 in
3333 4820 3472 4879 tam
3516 4811 3827 4879 diuturna
3867 4813 4233 4897 privatione
4277 4816 4420 4882 eius

2481 4900 2635 4979 loci,
2694 4900 2766 4964 in
2807 4918 2934 4983 quo
2978 4899 3251 4966 fundata
3294 4907 3434 4965 erat
3475 4898 3767 4983 reliquae
3822 4905 4038 4964 terrae
4090 4901 4421 4981 sanctitas,

2527 4987 2886 5051 raestantia
2946 4989 3013 5049 et
3073 4984 3301 5066 decus,
3370 4983 3654 5051 dilucida
3709 4985 4009 5068 apparuit
4051 4984 4179 5050 Dei
4221 4985 4423 5052 male·

2531 5070 2698 5150 'ctio,
2758 5070 2841 5136 ad
2879 5070 3281 5156 puniendam
3323 5070 3550 5155 populi
3593 5070 3948 5155 ignaviam.
4040 5069 4113 5136 Si
4157 5071 4423 5156 quidem

2480 5156 2550 5222 id
2594 5155 2864 5239 perinde
2919 5164 3061 5222 erat
3123 5178 3198 5224 ac
3241 5156 3298 5222 si
3357 5164 3572 5222 terrae
3614 5154 3918 5239 adempta
3960 5164 4133 5222 esset
4174 5157 4423 5240 praeci-

2485 5262 2619 5326 pua
2663 5242 2950 5328 dignitas
2991 5252 3058 5309 et
3099 5249 3578 5308 ornamentum.
3668 5240 3803 5307 Sed
3861 5261 3944 5306 ex
3989 5239 4194 5307 altera
4235 5250 4424 5326 parte

2482 5327 2742 5394 refulsit
2804 5327 3121 5395 mirabilis
3173 5328 3300 5394 Dei
3364 5326 3651 5406 bonitas,
3716 5325 3888 5412 quod
3945 5325 4245 5394 Iebusaei
4310 5329 4424 5413 qui
