5017 6142
406 429 535 497 545

403 618 665 703 signum
719 617 938 702 potius
992 616 1277 684 dedisset
1333 616 1664 684 socordiae
1718 637 1915 701 quam
1970 616 2342 684 modestiae.

405 702 598 787 Quod
656 703 726 769 in
793 705 926 770 fine
989 703 1220 787 capitis
1275 724 1347 769 re
1430 703 1626 782 titur,
1698 703 1892 769 Iosue
1946 712 2014 769 et
2068 702 2345 769 Eleazar

400 791 601 857 finem
669 788 898 856 fecisse
963 787 1326 856 distribuen
1372 808 1449 855 ae
1498 795 1744 868 terrae,
1822 789 1901 854 ad
1961 796 2344 873 perpetuum

399 876 505 942 ius
571 876 803 942 finium
882 895 953 941 re
1049 874 1327 940 ndorum
1392 882 1673 958 spectat,
1763 895 1845 940 ne
1910 875 2064 959 quid
2121 895 2344 942 move-

400 969 556 1026 rent
616 960 735 1027 filii
790 960 973 1027 Israe
1066 960 1148 1028 ad
1215 959 1739 1028 labefactandum
1795 960 2174 1027 inviolabile
2233 960 2345 1026 de·

396 1055 669 1117 cretum.

1111 1385 1415 1454 CAPUT
1461 1384 1624 1453 XX.

566 1564 623 1629 1.
693 1560 1017 1644 Loquutus
1059 1562 1150 1625 est
1190 1563 1396 1624 autem
1431 1556 1662 1624 Iehova
1702 1558 1788 1623 ad
1822 1558 2011 1625 Iosue
2052 1558 2341 1625 dicendo.-

388 1652 449 1717 2.
517 1649 852 1731 Alloquere
881 1643 1050 1726 fiilios
1092 1643 1301 1708 Israel
1316 1694 1331 1721 ‚
1389 1642 1493 1709 his
1534 1643 1770 1710 verbis.-
1814 1641 1981 1711 Date
2021 1644 2206 1710 urbes
2237 1664 2337 1710 re-

384 1736 599 1888 QZ}
655 1735 746 1884 ⁰²⁶3
792 1729 1395 1900 ffffifflffi
1432 1730 2339 1900 m'ssiffirssssm

386 1909 669 1974 animam
700 1925 821 1989 per
862 1921 1162 1976 errorem,
1220 1900 1445 1983 absque
1485 1901 1777 1968 scientia.-
1830 1907 2127 1984 eruntque
2169 1902 2339 1968 vobis

385 1995 461 2059 in
493 1992 810 2076 refuyium
851 2009 892 2054 a
924 1986 1278 2070 propinquo
1319 1987 1672 2071 sanquinis.
1763 1987 1824 2052 4.
1884 1985 1976 2053 Et
2012 1986 2210 2071 fuyiet
2253 1987 2338 2053 ad

385 2099 585 2145 unam
618 2098 694 2143 ex
742 2072 1096 2142 civitatibus
1137 2072 1313 2153 istis,
1378 2071 1683 2155 stabitque
1715 2073 1803 2139 ad
1858 2073 2084 2140 ostium
2113 2078 2339 2155 portae

382 2164 586 2244 urbis,
615 2182 690 2230 ac
710 2162 993 2245 loquetur
1011 2159 1085 2224 in
1105 2159 1370 2224 auribus
1390 2158 1708 2224 sen-iorum
1726 2158 1906 2224 urbis
1926 2159 2136 2241 ipsius
2153 2159 2338 2225 verba

380 2270 526 2331 sua,
570 2254 625 2314 et
657 2246 1001 2330 recomyent
1022 2263 1162 2309 eum
1194 2244 1263 2308 in
1295 2242 1506 2310 urbem
1527 2245 1612 2310 ad
1643 2264 1730 2324 se,
1767 2245 2114 2327 dabuntque
2154 2245 2214 2310 ei
2248 2243 2335 2309 lo·

380 2356 541 2417 cum,
578 2339 632 2400 et
651 2331 952 2399 habitabit
985 2329 1157 2412 apud
1178 2348 1293 2395 eos.
1349 2329 1409 2394 5.
1464 2329 1667 2411 Quum
1699 2334 1901 2396 autem
1925 2334 2337 2412 persequutus

376 2422 579 2507 fuerit
597 2440 737 2486 eum
747 2418 1154 2501 propinquus
1173 2415 1521 2499 serviminis,
1556 2435 1678 2481 non
1697 2416 1943 2483 tradent
1963 2415 2337 2483 homicidam

379 2510 455 2575 in
487 2524 750 2572 manum
784 2504 955 2569 eius.-
1005 2500 1418 2601 quidabsque
1461 2501 1728 2567 scientia
1765 2501 2081 2601 percussit
2103 2502 2333 2601 propi-

379 2765 471 2833 ad
504 2763 829 2842 iudicium,
875 2764 990 2828 aut
1032 2758 1218 2825 donec
1258 2763 1566 2824 moriatur
1606 2759 1891 2826 sacerdos
1921 2778 2189 2843 maynus
2221 2778 2334 2841 qui

377 2851 502 2915 erit
556 2850 628 2915 in
690 2848 907 2914 diebus
962 2845 1098 2912 illis
1112 2894 1128 2924 ,
1193 2848 1336 2910 tunc
1390 2844 1557 2910 enim
1610 2848 1940 2911 revertetur
2001 2843 2329 2924 homicida,

375 2932 694 3017 venietque
736 2933 821 2999 ad
863 2933 1405 3007 urbemsuam,et
1447 2929 2330 3010 addomumsuam,adur·

376 3020 515 3087 bem
550 3020 715 3085 unde
765 3020 1033 3103 fuyerat.
1121 3016 1180 3080 7.
1249 3014 1339 3080 Et
1386 3014 1767 3081 addixerunt
1812 3013 2002 3082 Codes
2035 3017 2107 3081 in
2154 3015 2332 3081 Galil

375 3108 451 3173 in
505 3111 702 3172 monte
747 3102 1123 3187 Nephthali,
1189 3106 1246 3167 et
1290 3100 1538 3167 Sechem
1572 3102 1641 3166 in
1683 3106 1880 3168 monte
1920 3101 2237 3185 Ephraim
2277 3106 2334 3167 et

380 3191 629 3258 Giriath
699 3192 853 3257 arba
913 3191 1090 3272 (ipsa
1152 3192 1243 3253 est
1309 3186 1589 3269 Hebron)
1654 3188 1725 3251 in
1800 3193 2001 3254 monte
2065 3186 2326 3254 Iehuda.

377 3279 440 3344 8.
509 3278 610 3344 De
671 3282 853 3343 tram
918 3275 1198 3342 Iordane
1256 3278 1466 3340 autem
1523 3271 1796 3353 Iericho,
1863 3274 1949 3340 ad
2018 3272 2329 3340 Orientem

374 3364 679 3430 dederunt
714 3362 917 3428 Beser
958 3362 1031 3426 in
1071 3359 1310 3425 deserto
1352 3359 1421 3425 in
1447 3356 1732 3442 planitie,
1774 3357 1849 3424 de
1882 3358 2049 3425 tribu
2080 3358 2326 3425 Ruben:

373 3454 434 3515 et
481 3448 749 3515 Ramoth
790 3449 859 3513 in
905 3443 1153 3525 Gilead,
1195 3444 1482 3511 detribu
1526 3443 1705 3510 aad:
1747 3449 1803 3511 et
1851 3443 2056 3511 Gelan
2097 3444 2332 3511 inBa-

373 3555 497 3602 san
515 3584 531 3615 ,
589 3534 665 3601 de
704 3535 874 3600 tribu
919 3532 1241 3599 Manasse.
1329 3531 1389 3597 9.
1458 3528 1633 3596 Istae
1668 3530 1929 3613 fuerunt
1967 3531 2149 3597 urbes
2187 3551 2329 3598 con-

373 3622 682 3688 ventionis
725 3620 1006 3686 omnibus
1044 3617 1207 3701 filiis
1252 3615 1489 3697 Israel,
1552 3621 1606 3681 et
1637 3617 1968 3701 pereyrino
2008 3618 2121 3699 qui
2157 3636 2330 3699 pere-

469 3707 483 3720 ‘
567 3710 675 3771 tur
714 3707 787 3772 in
827 3705 1029 3771 medio
1081 3723 1330 3769 eorum:
1393 3707 1463 3767 ut
1500 3703 1737 3786 fuyeret
1777 3701 1930 3769 illuc
1981 3704 2329 3786 quicunque

372 3792 779 3875 interfecisset
834 3790 1105 3872 aliquem
1159 3808 1278 3869 per
1340 3808 1611 3854 errorem
1625 3833 1643 3862 ‚
1709 3793 1766 3854 et
1810 3808 1937 3853 non
1991 3794 2330 3855 more-mur

374 3898 576 3944 manu
599 3878 948 3961 propinqui
990 3874 1344 3959 sanquinis,
1377 3874 1563 3940 donec
1595 3874 1857 3940 stetisset
1888 3893 2102 3940 coram
2142 3879 2323 3941 coetu.

556 4048 611 4113 1.
677 4047 1003 4131 Loqtiutus
1043 4050 1133 4112 est
1173 4049 1381 4111 autem
1425 4044 1670 4112 Iehova.
1745 4044 1942 4127 Quod
1985 4045 2116 4113 illis
2150 4044 2326 4111 ultro

375 4156 511 4202 non
548 4135 736 4200 venit
768 4134 837 4199 in
878 4140 1170 4198 mentem
1205 4130 1402 4197 urbes
1437 4131 1674 4215 refugii
1718 4129 2081 4216 designare,
2124 4131 2327 4199 donec

373 4221 620 4286 iterum
701 4218 1015 4285 admoniti
1089 4217 1394 4294 fuerunt,
1481 4216 1747 4282 videtur
1833 4217 2092 4301 oblique
2176 4239 2325 4302 per·

376 4307 615 4390 stringi
660 4326 884 4371 eorum
930 4325 1000 4370 se
1093 4303 1262 4369 ities.
1309 4301 1390 4367 Id
1432 4302 1564 4368 iam
1608 4301 1784 4368 ultra
1810 4302 2157 4370 Iordanem
2194 4313 2327 4370 sta·

374 4400 595 4458 tntum
638 4391 853 4457 fuerat
889 4410 973 4455 ex
1075 4390 1136 4455 ei
1178 4387 1509 4455 mandato.
1577 4387 1800 4469 Quum
1844 4410 1964 4473 par
1999 4398 2066 4455 et
2099 4389 2324 4455 eadem

376 4498 650 4563 prorsus
708 4477 878 4542 ratio
929 4486 1100 4542 esset
1187 4473 1341 4557 quid
1401 4473 1825 4558 exspectant?
1893 4474 2032 4541 Gur
2073 4495 2208 4541 non
2243 4475 2324 4540 ad

375 4566 581 4630 finem
665 4583 873 4647 usque
966 4523 1334 4645 perducunt
1419 4559 1590 4644 quod
1675 4569 1849 4627 recte
1932 4560 2325 4645 coeperant?

385 4648 572 4715 Adde
615 4650 784 4733 quod
832 4666 1227 4733 magnopere
1279 4643 1583 4711 interfuit
1623 4653 1770 4711 tuta
1812 4646 2064 4732 refugia
2104 4648 2326 4713 inson-

377 4736 555 4801 tibus
590 4734 922 4815 constitui,
980 4753 1065 4798 ne
1106 4741 1285 4797 terra
1326 4732 1644 4816 sanguine
1686 4730 2116 4816 pollueretur:
2175 4734 2330 4817 quia

376 4820 510 4887 nisi
540 4819 907 4886 adhibitum
941 4827 1114 4885 esset
1133 4816 1296 4883 illud
1317 4817 1695 4897 remedium,
1732 4819 2081 4903 propinqui
2102 4839 2326 4885 eorum

376 4907 491 4991 qui
528 4905 723 4975 occisi
766 4907 1054 4986 fuerant,
1127 4904 1494 4989 promiscue
1538 4925 1761 4970 eorum
1806 4913 2086 4970 mortem
2133 4904 2325 4970 ulcis-

376 4993 621 5074 cendo,
685 4991 933 5059 malum
977 4989 1434 5074 duplicassent.
1522 4988 1716 5057 Certe
1759 4989 2075 5078 populum
2112 4992 2180 5055 in
2225 5010 2329 5056 ca-

377 5076 598 5144 venda
649 5086 863 5144 terrae
908 5074 1162 5144 macula
1219 5083 1285 5142 et
1338 5074 1480 5141 labe
1538 5096 1792 5143 cessare
1849 5098 1981 5142 non
2019 5077 2326 5160 oportuit.

377 5163 577 5232 Unde
651 5163 1077 5248 perspicimus
1134 5181 1328 5246 quam
1396 5160 1563 5227 tardi
1620 5162 1754 5227 sint
1831 5162 2131 5230 homines
2193 5182 2326 5227 non

378 5247 572 5316 modo
608 5249 691 5315 ad
735 5248 1052 5327 officium,
1117 5247 1230 5314 sed
1280 5246 1364 5314 ad
1405 5246 1639 5314 salutis
1680 5268 1836 5314 suae
1879 5269 2133 5329 curam,
2198 5247 2325 5314 nisi

377 5333 567 5402 Deus
612 5334 1142 5401 exhortationum
1201 5353 1472 5401 suarum
1521 5334 1805 5402 stimulis
1859 5354 1972 5401 eos
2026 5335 2325 5419 frequen-

590 5437 812 5494 C'aloini
842 5451 1028 5506 opera.
1106 5436 1222 5492 Vol.
1256 5435 1452 5493 XXV.

1568 428 2309 499 COMMENTARIUS
2355 430 2453 497 IN
2498 429 2781 499 IOSUE
2826 430 3024 499 OAP.
3069 429 3229 497 XX.

4256 430 4390 499 546

2444 626 2550 685 ter
2601 627 2854 705 pungat
2904 639 2982 686 ac
3033 618 3356 686 sollicitet.
3445 616 3794 694 Caeterum
3854 638 3988 684 non
4032 617 4162 684 nisi
4203 618 4386 686 inco·

2445 705 2721 790 gitantia
2790 725 3090 788 peccasse
3147 703 3301 770 inde
3358 712 3657 788 apparet,
3738 703 3912 787 quod
3963 724 4116 770 mox
4167 705 4383 790 parati

2443 798 2600 858 sunt
2661 788 2743 857 ad
2809 789 3189 874 obsequium
3204 838 3220 867 ,
3294 809 3506 873 neque
3580 790 4063 874 procrastinant
4077 840 4092 867 ‚
4170 810 4383 875 neque

2443 877 2671 944 litibus
2725 896 2868 942 rem
2932 876 3362 942 necessariam
3425 875 3795 961 impediunt
3851 874 3958 943 vel
4020 885 4379 943 morantur.

2440 963 2649 1029 Porro
2693 961 2881 1047 quale
2920 963 3120 1028 fuerit
3151 962 3258 1028 ius
3299 960 3476 1028 istud
3520 962 3718 1046 asyli,
3778 959 3932 1026 alibi
3974 961 4218 1028 dictum
4262 968 4382 1028 est.

2440 1047 2668 1132 Neque
2716 1047 2889 1114 enim
2946 1047 3304 1130 impunitas
3351 1044 3504 1113 data
3545 1047 3668 1113 fuit
3725 1046 4114 1113 voluntariis
4170 1047 4384 1113 caedi-

2441 1135 2593 1199 bus:
2662 1154 2894 1200 verum
2949 1134 3005 1199 si
3058 1134 3205 1217 quis
3252 1153 3470 1199 errore
3523 1131 3853 1199 hominem
3904 1133 4026 1199 sibi
4084 1153 4216 1199 non
4258 1133 4384 1199 ini-

2439 1220 2683 1286 micum
2725 1218 3080 1299 occiderat,
3146 1226 3361 1285 tutum
3421 1219 3788 1304 perfugium
3837 1217 4073 1284 habuit
4112 1218 4195 1284 ad
4236 1218 4386 1287 illas

2440 1303 2653 1384 urbes,
2697 1325 2863 1387 quae
2897 1303 2968 1368 in
2989 1325 3139 1370 eum
3172 1325 3366 1371 usum
3401 1311 3592 1369 erant
3625 1301 4008 1370 destinatae.
4071 1303 4180 1370 Ita
4199 1304 4385 1371 Deus

2438 1390 2698 1457 miseris
2730 1390 3087 1473 opitulatus
3121 1398 3239 1474 est,
3284 1411 3366 1455 ne
3401 1410 3597 1473 quam
3631 1398 3821 1455 extra
3855 1390 4109 1473 culpam
4145 1400 4384 1470 essent,

2437 1476 2592 1541 facti
2626 1496 2757 1541 non
2812 1475 3108 1541 scelerati
3151 1475 3415 1559 indigne
3458 1495 3738 1559 poenam
3778 1474 4056 1541 luerent.
4115 1475 4384 1542 Interea

2438 1581 2665 1627 eorum
2724 1561 2835 1645 qui
2881 1561 3122 1627 mortui
3169 1570 3357 1627 erant
3411 1561 3707 1646 cognatis
3764 1569 3830 1626 et
3883 1560 4198 1628 fratribus
4259 1560 4385 1626 hoc

2438 1644 2625 1714 Deus
2667 1666 2785 1731 per
2825 1646 3303 1732 indulgentiam
3347 1648 3681 1723 concessit,
3728 1668 3814 1713 ne
3857 1645 4116 1713 assiduo
4159 1666 4385 1712 eorum

2438 1743 2790 1816 conspectu
2848 1754 2888 1798 a
2959 1732 3193 1817 quibus
3261 1731 3471 1798 orbati
3528 1732 3818 1813 fuerant,
3884 1732 4386 1799 exacerbaret-ur

2437 1816 2640 1884 dolor.
2729 1818 3071 1884 Postremo
3114 1818 3195 1884 ad
3245 1817 3596 1884 homicidia
3634 1817 4017 1884 detestanda
4061 1818 4386 1884 assuefac-

2436 1911 2549 1969 tus
2604 1904 2733 1969 fuit
2784 1903 3098 1988 populus,
3164 1924 3365 1989 quum
3421 1902 3772 1986 homicida,
3838 1902 4139 1988 quamvis
4183 1924 4223 1968 a
4264 1902 4386 1970 cri·

2437 1989 2614 2055 mine
2669 1988 3151 2069 absolveretur,
3215 1992 3429 2073 patria
3476 1998 3696 2055 tamen
3743 2010 3819 2055 ac
3863 1989 4054 2055 domo
4102 1987 4386 2067 carebat,

2435 2095 2646 2158 usque
2690 2073 2773 2141 ad
2809 2086 3093 2142 mortem
3139 2074 3516 2142 sacerdotis.
3606 2074 3777 2140 Nam
3820 2075 4179 2159 temporale
4221 2072 4386 2140 illud

2436 2160 2739 2227 exsilium
2777 2161 2955 2227 clare
3012 2160 3298 2227 ostendit
3351 2180 3546 2245 quam
3591 2161 3912 2244 pretiosus
3946 2162 4033 2226 sit
4075 2160 4218 2226 Deo
4261 2159 4387 2225 hu-

2435 2266 2675 2312 manus
2722 2247 3010 2331 sanguis.
3096 2245 3206 2312 Ita
3248 2246 3354 2312 lex
3413 2253 3546 2311 tam
3602 2244 3857 2330 publice
3909 2267 4108 2329 quam
4164 2245 4385 2329 priva-

2434 2332 2556 2399 tim
2619 2333 2795 2398 iusta
2857 2339 2924 2397 et
2987 2352 3195 2415 aequa
3276 2331 3582 2415 utilisque
3645 2331 3792 2397 fuit.
3897 2330 4032 2399 Sed
4097 2329 4385 2397 breviter

2435 2416 2797 2484 notandum
2844 2424 2975 2499 est,
3033 2417 3298 2503 singula
3340 2417 3449 2484 hic
3492 2416 3720 2483 ordine
3762 2438 3895 2483 non
3931 2416 4182 2483 referri.
4271 2416 4384 2484 Sic

2435 2504 2614 2569 enim
2672 2502 2893 2570 salvus
2942 2503 3147 2569 latere
3187 2503 3399 2588 potuit
3447 2501 3760 2568 fortuitus
3802 2500 4157 2582 homicida,
4221 2503 4279 2567 si
4313 2522 4386 2569 se

2435 2588 2677 2655 iudicio
2733 2589 2817 2655 ad
2874 2608 3137 2656 causam
3196 2587 3536 2657 dicendam
3595 2588 3889 2667 sisteret,
3954 2595 4022 2653 et
4064 2608 4143 2652 ea
4185 2588 4385 2670 probe

2439 2674 2733 2742 discussa
2823 2685 2890 2740 et
2977 2696 3053 2742 co
3149 2675 3240 2740 ita
3323 2673 3801 2755 absolveretur,
3898 2672 4094 2739 sicuti
4170 2673 4383 2740 fusius

2438 2759 2614 2846 apud
2658 2760 2891 2827 Mosen
2936 2760 3017 2827 de
3110 2782 3184 2828 ac
3229 2768 3369 2826 tota
3401 2782 3473 2826 re
3517 2759 3859 2826 disseritur
3899 2756 4123 2845 (Dent.
4175 2755 4306 2844 19).

2611 2847 2671 2912 7.
2716 2845 2809 2912 Et
2849 2847 3242 2913 addixerunt.
3307 2845 3606 2911 Verbum
3650 2859 3793 2931 tel-tp
3830 2844 4000 2928 quod
4035 2843 4144 2911 hic
4182 2864 4384 2930 appo-

2437 2932 2618 2997 nitur
2676 2932 3007 3018 signiflcat
3068 2934 3266 2999 etiam
3333 2940 3562 3016 aptare
3618 2939 3688 2997 et
3750 2950 4148 2998 consecrare.
4237 2930 4384 3014 Ego

2434 3018 2659 3102 itaque
2718 3020 3115 3102 interpretor
3156 3018 3358 3085 fuisse
3401 3017 3713 3097 delectas,
3780 3023 3977 3100 prout
4019 3015 4385 3081 communis

2435 3123 2595 3169 usus
2658 3103 2925 3170 ferebat.
3013 3102 3205 3170 Unde
3269 3103 3630 3188 colligitur,
3707 3103 3872 3170 bene
3896 3101 3945 3188 ¹)
4003 3102 4126 3167 sibi
4184 3100 4385 3167 fuisse

2435 3189 2837 3267 moderatos,
2932 3199 3004 3255 ut
3082 3189 3343 3272 privata
3425 3188 3673 3255 utilitas
3732 3189 4029 3273 publicae
4106 3184 4383 3253 cederet.

2436 3275 2644 3341 Porro
2687 3274 3164 3355 Giriath·arba,
3232 3295 3400 3359 quae
3443 3281 3665 3358 postea
3707 3274 3882 3340 dicta
3924 3273 4049 3339 fuit
4091 3272 4383 3351 Hebron,

2436 3361 2827 3428 translatam
2912 3360 3110 3427 fuisse
3189 3360 3270 3426 ad
3336 3360 3611 3427 Levitas
3686 3380 3889 3444 quum
3957 3365 4153 3425 antea
4213 3359 4386 3423 facta

2433 3454 2606 3513 esset
2680 3446 2945 3513 ditionis
3009 3445 3247 3526 Oaleb,
3334 3446 3631 3530 proximo
3708 3446 3919 3530 capite
3997 3443 4383 3510 videbimus.

2429 3531 2560 3599 Ubi
2622 3553 2800 3611 rara,
2866 3533 2996 3598 imo
3040 3531 3564 3617 incomparabilis
3621 3533 3828 3598 sancti
3871 3529 3999 3597 viri
4054 3531 4388 3596 continen-

2430 3618 2526 3683 tia
2571 3618 2906 3702 apparuit,
2971 3618 3082 3702 qui
3128 3618 3410 3685 libenter
3452 3626 3589 3683 tam
3633 3616 3862 3683 urbem
3914 3636 4113 3700 quam
4154 3615 4389 3683 subur-

2431 3704 2558 3785 bia,
2602 3724 2769 3787 quae
2812 3704 3047 3770 merito
3090 3703 3215 3770 sibi
3259 3700 3692 3784 vendicasset,
3737 3701 4019 3768 libenter
4061 3701 4207 3767 aliis
4249 3709 4386 3765 tra-

2430 3789 2597 3855 didit
2720 3788 2917 3856 simul
2995 3809 3072 3855 ac
3149 3810 3291 3856 sors
3365 3787 3654 3855 ostendit
3731 3788 3825 3855 ita
3891 3788 4032 3853 Deo
4108 3786 4384 3870 placere.

2430 3875 2738 3942 Brev1ter
2767 3884 2987 3942 autem
3028 3875 3356 3960 attingere
3398 3895 3662 3941 necesse
3706 3874 3832 3940 fuit
3873 3873 4047 3939 hanc
4081 3873 4387 3938 mutatio-

2422 3982 2623 4041 ·nem,
2682 3963 2838 4045 quia
2894 3961 3266 4047 perfugium
3304 3959 3489 4026 Deus
3534 3968 3792 4026 tantum
3834 3957 4006 4042 apud
4051 3959 4246 4024 urbes
4290 3957 4376 4023 le·

2431 4047 2669 4115 viticas
2715 4067 2858 4113 esse
2895 4046 3137 4114 voluit:
3197 4053 3276 4112 ut
3315 4046 3448 4112 illic
3492 4045 3724 4112 maiori
3774 4044 3903 4112 fide
3947 4050 4145 4128 atque
4195 4051 4386 4110 auto·

2429 4133 2626 4199 ritate
2667 4134 3044 4200 innocentia
3088 4131 3594 4198 defenderetur.·

3128 4472 3431 4543 CAPUT
3477 4472 3675 4539 XXI.

2605 4645 2661 4710 1.
2701 4645 3109 4712 Accesserunt
3139 4649 3343 4710 atatem
3365 4644 3697 4727 principes
3718 4649 3986 4725 patrum
4010 4643 4379 4709 Levitarum

2429 4730 2517 4797 ad
2544 4729 2823 4830 Eteaear
2863 4730 3255 4830 sacerdotem,
3300 4735 3356 4796 et
3398 4729 3496 4828 ad·
3514 4728 3703 4795 Iosue
3739 4728 3946 4811 filium
3984 4728 4161 4809 Nun,
4195 4735 4254 4795 et
4293 4729 4381 4794 ad

2418 4817 2746 4900 principes
2774 4821 3041 4899 patrum
3080 4816 3358 4883 tribuum
3394 4815 3678 4897 filiorum
3707 4814 3933 4881 Israel.
4023 4815 4083 4880 2.
4130 4812 4381 4896 Loquu-

2427 4903 2598 4984 tique
2649 4908 2798 4970 sunt
2838 4903 2925 4970 ad
2964 4922 3069 5003 eos
3108 4903 3183 4968 in
3229 4901 3361 4967 Silo
3403 4902 3475 4966 in
3516 4905 3688 4968 terra
3711 4899 4046 5000 ‘chanaam
4090 4899 4380 4966 dicendo.-

2428 4987 3201 5156 incaseati<
3241 4985 4381 5171 efficassime&

2428 5158 2597 5228 libus
2648 5162 2900 5227 nostris.
2990 5159 3049 5226 3.
3104 5159 3432 5227 Dederunt
3486 5178 3626 5243 erqo
3676 5156 3804 5238 filii
3861 5156 4074 5223 Israel
4137 5155 4381 5223 Levitis

2572 5349 2628 5419 1)
2664 5348 2930 5419 Princeps
2942 5367 2959 5398 .-
2991 5364 3136 5405 νοτε.
3903 5426 3972 5483 35
