5017 6142
444 422 572 491 109

445 633 605 680 voce
666 614 1031 697 exprimere
1087 613 1262 696 quod
1328 613 1409 678 de
1472 614 1495 678 i
1543 634 1614 679 so
1672 614 1816 679 Deo
1872 614 2034 680 utile
2086 621 2189 679 est
2246 633 2395 698 cog-

446 702 610 766 nitu.
706 703 882 764 Ante
936 699 1106 765 Mosi
1175 698 1421 764 dictum
1561 709 1730 765 erat:
1798 699 1944 784 Ego
2010 720 2159 764 sum
2217 699 2399 765 Deus

445 784 788 864 Abrahae,
845 783 1034 850 Isaac
1088 796 1155 851 et
1204 785 1430 864 Iacob,
1491 796 1558 851 et
1601 786 1868 851 nomine
1926 805 2072 850 meo
2123 806 2253 849 non
2302 785 2398 850 fui

444 870 578 939 illis
635 869 953 956 cognitus.
1006 924 1011 931 .
1058 869 1282 952 Quum
1336 872 1471 936 iam
1523 870 1821 956 patribus
1877 870 2174 954 superior
2231 878 2404 936 esset

450 957 701 1035 Moses,
773 956 845 1020 in
898 956 1194 1023 altiorem
1257 955 1531 1042 gradum
1611 956 1942 1036 evehitur,
2001 969 2076 1022 ut
2130 957 2402 1040 propius

445 1044 813 1110 innotescat
834 1043 894 1107 ei
923 1043 1120 1122 Deus,
1156 1042 1468 1125 illamque
1493 1043 2084 1108 manifestationem
2113 1042 2403 1107 numeris

448 1129 751 1195 omnibus
778 1128 1095 1194 absolvat.
1151 1129 1380 1195 Primo
1404 1129 1613 1212 igitur
1638 1128 1994 1194 tenendum
2024 1137 2142 1207 est,
2181 1128 2401 1194 Deum

449 1236 630 1281 nunc
672 1213 1063 1280 familiarius
1108 1235 1304 1297 quam
1342 1215 1540 1281 antea
1583 1216 1921 1299 cognitum
1965 1215 2166 1280 fuisse
2209 1213 2401 1279 Mosi.

452 1299 670 1369 Simul
714 1310 937 1365 tamen
984 1301 1340 1365 notandum
1378 1308 1494 1380 est,
1537 1301 1838 1384 quamvis
1873 1299 2168 1365 exhibita
2204 1299 2403 1364 fuerit

448 1386 654 1453 oculis
697 1386 883 1465 visio,
930 1388 1309 1470 praecipuas
1351 1395 1580 1452 tamen
1614 1394 1839 1470 partes
1878 1387 2085 1452 fuisse
2118 1387 2188 1449 in
2226 1404 2401 1464 voce,

449 1473 606 1556 quia
673 1470 941 1537 auribus
1011 1473 1222 1557 magis
1288 1493 1484 1554 quam
1551 1473 1757 1538 oculis
1822 1472 2181 1556 percipitur
2248 1492 2404 1537 vera

450 1558 738 1641 cognitio
782 1557 931 1623 Dei.
1020 1557 1443 1623 Promittitur
1495 1557 1758 1641 quidem
1815 1559 1943 1624 Dei
1986 1570 2401 1640 conspectus:

449 1643 566 1710 sed
610 1644 933 1727 posterius
968 1643 1354 1709 beneficium
1398 1644 1610 1728 magis
1655 1643 1947 1722 excellit,
2001 1645 2175 1727 quod
2217 1642 2403 1709 Deus

447 1728 892 1815 promulgabit
932 1749 1176 1795 nomen
1219 1751 1445 1809 suum,
1491 1738 1567 1794 ut
1610 1731 1822 1814 magis
1867 1751 1950 1794 ex
1994 1750 2156 1796 voce
2202 1749 2400 1812 quam

448 1837 534 1883 cx
566 1815 736 1882 facie
778 1816 1001 1881 Moses
1043 1835 1195 1881 eum
1239 1823 1605 1900 cognoscat.
1696 1816 1926 1881 Mutae
1983 1815 2159 1880 enim
2202 1814 2404 1881 visio-

447 1922 569 1969 nes
627 1899 905 1985 frigidae
962 1921 1038 1967 ac
1081 1901 1350 1967 omnino
1394 1901 1712 1968 evanidae
1770 1911 1991 1968 essent
2037 1901 2165 1967 nisi
2221 1901 2404 1984 vigo-

447 2009 588 2053 rem
647 2008 732 2053 ex
794 2006 1096 2052 sermone
1168 1996 1646 2054 mutuarentur.
1777 1988 1959 2072 Ergo
2003 1987 2192 2053 sicuti
2265 1987 2401 2051 dia·

446 2074 660 2140 lectici
724 2072 979 2156 corpori
1056 2073 1512 2159 syllogismum
1591 2085 1977 2157 comparant
1999 2123 2014 2152 ,
2084 2073 2402 2137 'rationem

445 2180 606 2227 vero
649 2179 816 2243 quae
850 2157 1106 2225 inclusa
1149 2171 1269 2238 est,
1315 2160 1600 2224 animae:
1646 2160 1740 2225 ita
1778 2159 2038 2243 proprie
2081 2156 2403 2241 loquendo

447 2246 671 2395 arcilima
731 2244 1001 2313 visionis
1060 2253 1160 2311 est
1201 2246 1347 2329 ipsa
1391 2244 1706 2324 doctrina,
1772 2266 1854 2310 ex
1913 2264 2042 2327 qua
2105 2245 2402 2310 nascitur

446 2332 493 2398 fi
540 2352 631 2397 es.

621 2416 972 2483 Miserebor
1012 2416 1194 2482 cuin-s·
1235 2418 1377 2482 mia.
1468 2415 1812 2498 Quomodo
1874 2416 2033 2483 haec
2077 2416 2402 2481 sententia

444 2523 600 2569 cum
637 2505 970 2586 superiore
1006 2501 1371 2580 cohaereat,
1422 2502 1790 2586 expendere
1839 2501 2182 2569 convenit:
2228 2500 2401 2585 quod

446 2589 554 2654 vel
624 2589 998 2673 neglectum
1068 2588 1196 2652 fnit
1255 2589 1361 2653 vel
1417 2609 1549 2653 non
1622 2589 1782 2655 satis
1845 2587 2397 2654 animadversum.

442 2674 593 2758 Ego
635 2674 760 2739 etsi
810 2675 938 2740 Dei
982 2673 1489 2740 misericordiam
1535 2675 1906 2757 magnifieri
1949 2674 2076 2740 hac
2117 2675 2397 2740 circum-

446 2761 693 2826 stantia
757 2760 1092 2839 existimo,
1159 2759 1330 2842 quod
1384 2768 1520 2824 tam
1579 2760 2000 2844 indulgenter
2056 2781 2207 2825 cum
2258 2780 2397 2825 scc-

445 2846 657 2912 lerato
696 2845 935 2928 populo
969 2853 1143 2928 agat,
1187 2866 1323 2910 non
1364 2845 1590 2912 dubito
1633 2854 1853 2911 tamen
1898 2846 2055 2929 quin
2101 2844 2399 2911 consulto

446 2953 676 2998 ansam
723 2932 1065 2997 hominum
1100 2930 1406 2998 audaciae
1449 2932 1824 3016 praecidere
1867 2931 2151 2997 voluerit
2193 2930 2397 3014 Deus,

447 3039 533 3084 ne
576 3019 1032 3101 obstreperent
1073 3018 1371 3083 insolitae
1414 3029 1483 3084 et
1524 3019 1710 3103 prius
1754 3038 1885 3084 non
1930 3015 2193 3083 auditae
2236 3016 2398 3082 libe·

445 3103 716 3171 ralitati.
803 3104 976 3169 Nam
1031 3104 1170 3169 sive
1221 3103 1535 3170 iudicium
1595 3124 1789 3170 suum
1848 3111 2146 3170 exerceat
2196 3103 2398 3181 Deus,

446 3191 588 3256 sive
631 3189 988 3255 clementer
1029 3190 1209 3254 vitiis
1252 3190 1570 3274 ignoscat,
1613 3212 1744 3256 non
1789 3189 2100 3256 desinunt
2142 3190 2398 3274 profani

448 3276 749 3342 homines
806 3297 953 3342 cum
1000 3295 1078 3341 eo
1121 3275 1399 3359 litigare.
1487 3276 1602 3342 Sic
1645 3275 1908 3343 rixandi
1958 3298 2151 3343 causa
2180 3276 2399 3341 *inter-

449 3372 689 3447 rogant
734 3380 851 3425 cur
901 3360 1020 3426 filii
1055 3362 1158 3426 sui
1195 3362 1551 3427 adventum
1588 3372 1685 3427 tot
1731 3361 2006 3429 saeculis
2050 3361 2398 3440 distulerit,

450 3467 567 3513 cur
636 3455 863 3513 nostra
910 3456 1124 3514 aetate
1180 3447 1492 3532 dignatus
1544 3448 1745 3513 fuerit
1800 3448 2126 3532 evangelii
2184 3447 2395 3513 lucem

446 3554 484 3600 e
527 3533 815 3600 tenebris
859 3550 1120 3599 eruere:
1179 3534 1313 3599 imo
1357 3553 1562 3616 usque
1606 3532 1687 3598 ad
1732 3533 1963 3598 mundi
2005 3534 2397 3598 creationem

448 3619 899 3686 transvolant:
950 3619 1105 3702 quia
1146 3618 1278 3685 illis
1323 3619 1682 3685 absurdum
1731 3618 1995 3685 videtur
2039 3618 2259 3684 Deum
2304 3624 2401 3683 tot

449 3705 729 3772 saeculis
772 3705 975 3771 fuisse
1018 3707 1318 3783 otiosum,
1357 3703 1631 3788 ideoque
1665 3727 1784 3790 per
1817 3704 2169 3770 ludibrium
2205 3724 2401 3788 quae-

448 3803 639 3867 runt,
687 3789 841 3874 quid
886 3791 945 3856 ci
992 3788 1256 3855 demum
1299 3791 1372 3856 in
1415 3801 1706 3857 ment-em
1764 3792 2020 3857 venerit
2076 3791 2396 3856 mundum

444 3877 788 3957 fabricare,
822 3877 932 3960 qui
969 3876 1263 3942 nondum
1300 3886 1559 3943 sextum
1599 3877 2043 3944 millenarium
2077 3876 2395 3960 implevit.

448 3962 814 4046 Praecipue
884 3970 1103 4029 tamen
1168 3964 1294 4028 hac
1356 3964 1430 4027 in
1466 3964 1681 4047 'parte
1747 3984 1818 4030 se
1882 3964 2401 4048 intemperanter

448 4048 639 4115 effert
695 4048 1051 4114 multorum
1113 4049 1449 4132 protervia
1466 4100 1481 4127 ,
1538 4050 1646 4115 ubi
1706 4050 1874 4116 ratio
1931 4069 2065 4114 non
2124 4056 2400 4134 apparet

446 4157 565 4203 cur
607 4133 795 4201 Deus
840 4154 998 4219 erga
1040 4142 1308 4219 gentem
1366 4136 1471 4202 vel
1515 4136 1847 4203 saeculum
1893 4155 2100 4201 unum
2144 4136 2231 4200 sit
2270 4134 2397 4199 mi-

446 4222 742 4301 sericors,
785 4219 934 4285 aliis
977 4231 1196 4286 autem
1240 4232 1308 4285 et
1350 4222 1671 4289 aetatibus
1715 4233 1782 4286 et
1824 4221 2080 4306 populis
2124 4219 2395 4305 rigidus.

446 4307 680 4390 Itaque
736 4306 1120 4371 admirabile
1180 4305 1309 4371 Dei
1366 4307 1744 4387 consilium,
1794 4328 1923 4391 quo
1973 4307 2136 4373 alios
2178 4306 2397 4391 elegit,

446 4393 613 4458 alios
670 4391 1080 4475 reprobavit,
1139 4412 1400 4476 semper
1456 4394 1810 4478 impiorum
1870 4393 2216 4460 calumniis
2270 4392 2400 4457 fuit

446 4478 835 4546 obnoxium:
902 4478 1056 4561 quia
1117 4478 1249 4544 nisi
1314 4477 1709 4546 discriminis
1779 4499 2044 4546 causam
2111 4477 2397 4559 videant,

444 4566 669 4632 Deum
711 4563 1080 4647 iniquitatis
1125 4564 1438 4629 damnare
1480 4585 1616 4630 non
1662 4567 1986 4644 dubitant,
2030 4565 2185 4648 quia
2226 4565 2399 4630 inter

444 4651 570 4718 hos
606 4658 674 4715 et
716 4650 865 4715 illos
910 4650 1258 4717 discernat.
1325 4649 1504 4716 Huic
1547 4653 1857 4718 vesaniae
1899 4671 2076 4716 nunc
2120 4649 2400 4717 occurrit

446 4736 637 4803 Deus
654 4786 669 4816 ‚
716 4746 784 4802 et
840 4736 965 4802 sibi
1023 4743 1412 4820 potestatem
1470 4758 1666 4820 quam
1725 4737 2007 4803 libenter
2071 4738 2399 4821 eriperent

448 4822 701 4889 terreni
745 4821 1074 4901 homines,
1121 4829 1238 4888 aut
1278 4822 1497 4906 potius
1540 4823 1903 4903 vermiculi,
1940 4821 2277 4889 vendicat:
2324 4830 2400 4886 ιιι

449 4929 571 4993 pro
616 4928 737 4973 suo
793 4908 1064 4974 arbitrio
1107 4908 1498 4993 peculiarem
1562 4916 1827 4975 exserat
1886 4908 2397 4974 misericordiam

449 5014 611 5078 erga
653 5014 814 5076 quos
859 4993 1036 5061 velit.
1114 4995 1336 5076 Quum
1381 4993 1782 5061 haereditate
1822 5002 2035 5060 terrae
2077 4993 2397 5061 Obanaan

447 5090 674 5166 patres
727 5080 928 5147 fuisse
985 5082 1228 5165 potitos
1287 5090 1516 5146 narrat
1573 5081 1897 5165 propheta
1962 5078 2099 5168 (ΡΒ.
2144 5079 2265 5159 44,
2310 5078 2397 5165 3),

446 5187 583 5234 non
619 5165 818 5231 aliam
863 5168 1159 5251 assignat
1201 5167 1520 5233 rationem
1556 5166 1686 5231 nisi
1729 5167 1902 5251 quod
1946 5169 2089 5232 Deo
2133 5167 2204 5231 in
2239 5168 2399 5249 ipsis

450 5252 864 5336 complacuit.
965 5255 1184 5336 Atque
1232 5251 1395 5319 haec
1447 5252 1747 5319 doctrina
1791 5253 2037 5335 passim
2078 5254 2148 5317 in
2193 5253 2398 5336 scrip·

448 5338 623 5405 turis
666 5338 967 5416 occurrit,
1012 5359 1210 5423 quam
1253 5339 1502 5405 latratu
1545 5359 1662 5405 suo
1706 5339 1850 5404 sine
1892 5339 2025 5404 fine
2059 5340 2398 5424 exagitant

1861 421 2272 492 REDI'PUS
2316 424 2448 490 AD
2491 422 3040 491 HISTORIAM.

4334 424 4463 490 110

2502 613 2750 696 impuri
2789 632 3018 691 canes,
3085 613 3433 696 praecipue
3475 621 3695 677 tamen
3741 612 4071 678 oblatrant
4099 611 4146 699 ¹)
4207 616 4464 697 quoties

2502 700 2687 765 Deus
2754 699 3045 783 indignis
3103 718 3173 763 se
3229 697 3587 782 propitium
3633 706 3701 763 et
3744 699 4107 764 beneficum
4152 700 4458 766 ostendit.

2504 784 2653 851 Hac
2697 785 2949 849 ratione
2970 784 3219 849 Paulus
3264 783 3479 870 (Rom.
3520 784 3620 861 16,
3658 783 3769 870 25)
3813 785 4038 850 fideles
4084 785 4164 850 ad
4209 786 4455 853 incom-

2505 869 2949 954 prehensibile
2972 869 3102 934 Dei
3137 870 3482 936 consilium
3517 881 3797 950 revocat,
3832 869 4004 954 quod
4038 873 4455 956 evangelium

2505 954 2999 1040 promulgand0,
3036 955 3430 1040 mysterium
3453 957 3855 1039 temporibus
3877 958 4160 1027 aeternis
4184 960 4454 1024 abscon·

2506 1042 2717 1107 ditum
2761 1041 3081 1125 patefecit.
3144 1041 3316 1107 Item
3362 1041 3532 1124 quod
3567 1050 3799 1127 gentes
3835 1043 4180 1109 inserendo
4216 1045 4284 1109 in
4315 1065 4456 1111 cor·

2505 1148 2629 1211 pus
2686 1127 3028 1205 ecclesiae,
3089 1148 3128 1191 a
3170 1149 3297 1211 quo
3344 1127 3594 1193 alienae
3645 1129 3895 1194 tamdiu
3950 1129 4250 1205 fuerant,
4305 1130 4457 1196 alti-

2505 1213 2803 1278 tudinem
2845 1213 3131 1278 eiusdem
3167 1214 3468 1298 mysterii
3516 1215 3950 1291 commendat,
3996 1216 4166 1298 quod
4205 1217 4459 1300 angelis

2507 1300 2704 1365 etiam
2750 1299 3220 1374 absconditum,
3263 1300 3333 1363 in
3381 1300 3788 1381 plenitudine
3831 1304 4139 1384 temporis
4173 1301 4457 1368 homini-

2507 1385 2628 1451 bus
2673 1386 2958 1450 innotuit
2996 1383 3196 1470 (Eph.
3243 1385 3303 1465 3,
3354 1383 3441 1471 9).
3529 1386 3784 1451 Eodem
3826 1388 3956 1452 fine
3999 1388 4289 1469 praecise
4333 1388 4456 1456 hoc

2509 1472 2649 1538 loco
2694 1470 3088 1545 denunciat,
3147 1491 3278 1535 non
3337 1471 3489 1536 alibi
3534 1491 3796 1537 causam
3841 1493 3982 1538 esse
4017 1473 4456 1556 quaerendam

2505 1579 2625 1623 cur
2646 1558 2817 1623 Mosi
2861 1557 3131 1639 propius
3175 1577 3373 1640 quam
3408 1557 3562 1622 olim
3607 1556 3903 1639 patribus
3947 1578 4018 1623 se
4062 1560 4456 1640 manifestet,

2504 1664 2698 1725 quam
2759 1645 2827 1707 in
2888 1663 3006 1708 suo
3042 1642 3314 1707 consilio
3373 1641 3480 1708 vel
3526 1643 3949 1727 beneplacito.
4038 1644 4455 1728 Quamquam

2505 1738 2720 1793 autem
2804 1728 2926 1794 hoc
3002 1729 3214 1812 primo
3277 1728 3420 1794 loco
3487 1728 3568 1793 ad
3632 1730 3862 1795 Mosen
3939 1738 4221 1813 spectat:
4302 1732 4457 1815 quia

2506 1824 2727 1879 tamen
2807 1815 2875 1878 in
2954 1833 3299 1880 commune
3364 1815 3589 1899 populi
3665 1817 3906 1881 bonum
3987 1815 4258 1900 gloriam
4325 1816 4455 1883 Dei

2503 1901 2878 1983 conspexit,
2934 1899 3016 1965 ad
3074 1922 3303 1966 omnes
3362 1901 3742 1966 extenditur
3799 1901 3960 1967 haec
4015 1903 4459 1969 misericordia

2503 1987 2692 2051 cuius
2733 1988 2811 2050 fit
2855 1985 3119 2051 mentio.
3165 1987 3257 2052 Et
3296 1999 3472 2053 certe
3511 1987 3989 2053 inaestimabile
4033 1987 4161 2054 fuit
4203 1989 4455 2073 gratiae

2506 2070 2634 2137 Dei
2695 2070 3192 2151 documentum,
3264 2072 3435 2156 quod
3507 2081 3655 2156 post
3717 2073 4163 2139 foedissimum
4231 2074 4455 2158 populi

2504 2157 2782 2240 lapsum,
2812 2167 2892 2224 -et
2935 2158 3284 2224 nefandam
3329 2158 3741 2242 apostasiam,
3785 2160 3854 2223 in
3899 2159 4040 2225 eius
4086 2170 4302 2226 tamen
4349 2182 4453 2226 sa-

2505 2243 2712 2309 lutem
2755 2243 3150 2311 luculentius
3195 2264 3389 2328 quam
3437 2254 3632 2310 antea
3662 2245 3834 2311 Mosi
3863 2247 4260 2330 apparuerit.
4307 2246 4456 2312 Hoc

2504 2329 2764 2413 quidem
2811 2340 3066 2397 certum
3111 2340 3241 2409 est,
3305 2328 3618 2414 quidquid
3675 2351 3758 2396 ex
3816 2334 3910 2396 rei
3956 2332 4251 2398 novitate
4293 2332 4454 2398 obii·

2503 2437 2650 2483 cere
2695 2426 2952 2499 poterat
2995 2417 3211 2482 carnis
3252 2437 3521 2496 sensus,
3576 2416 3699 2483 hoc
3743 2437 4056 2502 responso
4100 2420 4452 2502 compesci:

2503 2522 2580 2567 ac
2637 2502 2695 2568 si
2753 2522 2883 2566 uno
2940 2500 3140 2568 verbo
3194 2505 3657 2586 pronunciaret
3710 2504 3924 2583 Deus,
3985 2505 4237 2586 gratiae
4294 2525 4454 2570 suae

2503 2586 3055 2671 dispensationem
3115 2609 3315 2672 penes
3370 2609 3567 2653 suum
3622 2589 3818 2654 unius
3876 2588 4221 2654 arbitrium
4276 2609 4453 2656 esse:

2502 2693 2579 2739 ac
2625 2694 2756 2738 non
2800 2692 3140 2756 perperam
3187 2674 3381 2739 modo
3425 2675 3640 2741 facere
3683 2673 4013 2753 homines,
4079 2675 4194 2741 sed
4251 2675 4455 2760 impia

2502 2768 2572 2823 et
2613 2758 2929 2843 sacrilega
2974 2757 3303 2825 dementia
3346 2762 3519 2844 rapi,
3579 2759 3734 2825 dum
3793 2760 4220 2827 intercedere
4241 2762 4304 2827 ei
4347 2780 4454 2827 co-

2503 2854 2781 2909 nantur:
2827 2845 3011 2929 quasi
3059 2865 3214 2912 vero
3255 2845 3327 2909 in
3370 2844 3532 2930 ipsis
3576 2858 3747 2911 esset
3789 2868 4117 2912 summum
4152 2847 4451 2927 iudicem,

2501 2932 2611 2997 cui
2654 2931 2929 2998 subiecti
2972 2944 3150 3009 sunt,
3194 2931 3263 2996 in
3308 2931 3601 2996 ordinem
3647 2951 3899 3016 cogere.
3946 2933 4191 2998 Forma
4233 2942 4452 2999 autem

2501 3016 2808 3102 loquendi
2854 3016 3237 3100 simpliciter
3280 3017 3410 3083 huc
3453 3017 3683 3099 tendit,
3727 3019 3855 3085 Dei
3899 3019 4306 3084 voluntatem
4360 3021 4454 3085 sic

2500 3104 2803 3170 omnibus
2825 3103 3039 3169 causis
3074 3104 3478 3186 superiorem
3514 3124 3675 3183 esse,
3720 3113 3799 3169 ut
3831 3106 3998 3170 ratio
4034 3106 4122 3170 sit
4155 3105 4453 3170 omnium

2500 3191 2866 3268 rationum,
2934 3188 3042 3253 lex
3105 3190 3359 3270 legum,
3438 3202 3506 3255 et
3569 3190 3800 3274 regula
3861 3191 4258 3275 regularum.
4361 3191 4453 3255 Et

2501 3283 2678 3341 certe
2743 3274 3057 3359 quamdiu
3121 3277 3247 3341 sibi
3313 3277 3702 3359 permittunt
3767 3275 4066 3341 homines
4119 3275 4452 3357 inquirere

2497 3361 2572 3425 in
2607 3383 2847 3429 arcana
2879 3361 3007 3427 Dei
3050 3361 3341 3441 consilia,
3384 3361 3608 3428 nullus
3650 3360 3780 3428 erit
3822 3361 4269 3427 tumultuandi
4310 3380 4452 3426 mo-

2501 3447 2641 3513 dus.
2730 3446 2917 3513 Deus
2969 3447 3190 3532 itaque
3244 3469 3378 3513 non
3437 3446 3829 3531 disputando
3886 3447 4055 3514 banc
4110 3448 4452 3513 vesaniam

2498 3534 2810 3618 castigat,
2868 3531 2982 3597 sed
3037 3554 3231 3599 suum
3286 3534 3391 3598 ius
3450 3533 3832 3611 asserendo,
3890 3541 3967 3598 ut
4021 3533 4188 3598 liber
4244 3535 4329 3598 sit
4377 3533 4452 3598 in

2500 3617 2985 3702 dispensatione
3030 3619 3283 3704 gratiae
3327 3640 3504 3685 suae.
3571 3618 3766 3707 'Nam
3810 3639 3929 3702 pro
3972 3619 4247 3701 imperio
4292 3619 4454 3686 dicit

2499 3724 2571 3770 se
2630 3705 2769 3769 fore
2827 3703 3313 3772 misericordem
3373 3725 3531 3789 erga
3590 3724 3752 3787 quos
3816 3703 4103 3770 libuerit.
4192 3704 4450 3770 Caven-

2499 3790 2656 3856 dum
2701 3791 2903 3875 igitur
2943 3813 3028 3857 ne
3073 3791 3185 3856 ubi
3231 3791 3553 3876 benignus
3613 3800 3744 3869 est,
3805 3791 4025 3857 oculos
4083 3801 4305 3855 noster
4363 3792 4451 3855 sit

2499 3896 2763 3960 pravus.
2850 3877 3060 3943 Porro
3102 3898 3230 3961 quo
3265 3877 3504 3943 melius
3543 3876 3785 3960 impiae
3828 3874 4168 3959 superbiae
4225 3897 4300 3943 ac
4352 3882 4449 3941 te-

2497 3963 2820 4030 meritatis
2864 3965 3209 4031 convincat
3265 3963 3676 4047 obstreperos
3710 3962 4025 4043 homines,
4077 3961 4447 4028 misericor-

2500 4049 2676 4114 diam
2725 4068 2801 4115 ac
2857 4050 3341 4116 miserationem
3387 4069 3572 4115 suam
3618 4048 3937 4131 proponit,
3981 4047 4167 4130 quasi
4202 4048 4448 4113 diceret

2499 4136 2745 4200 nemini
2787 4156 2857 4201 se
2903 4157 3045 4201 esse
3100 4135 3520 4201 obstrictum:
3577 4132 3849 4217 ideoque
3903 4132 4176 4218 indigne
4228 4133 4444 4200 facere

2497 4222 2612 4304 qui
2686 4222 3193 4288 obmurmurant
3270 4241 3419 4285 eum
3501 4241 3632 4286 non
3710 4220 4077 4304 promiscue
4141 4220 4444 4286 omnibus

2500 4307 2913 4384 benefacere,
2967 4307 3204 4391 quibus
3259 4305 3427 4371 nihil
3485 4306 3692 4372 debet.
3780 4305 3959 4371 Hinc
3999 4305 4208 4390 liquet
4249 4325 4442 4388 quam

2499 4394 2658 4459 scite
2681 4393 2930 4459 Paulus
2974 4392 3054 4457 de
3100 4393 3386 4477 gratuita
3428 4391 3743 4457 electione
3787 4392 4134 4470 disserens,
4180 4389 4262 4456 ad
4291 4412 4444 4456 cau-

2499 4499 2643 4545 sam
2684 4499 2882 4562 quam
2928 4486 3168 4545 tractat
3210 4478 3650 4545 accommodet
3694 4476 3871 4544 hunc
3913 4478 4126 4544 locum
4144 4526 4162 4558 ,
4225 4476 4443 4543 Deum

2498 4565 2747 4631 scilicet
2811 4565 3082 4630 minime
3145 4565 3398 4631 censeri
3470 4586 3658 4648 posse
3716 4563 4066 4641 iniustum,
4142 4562 4443 4647 quamvis

2499 4651 2647 4716 aliis
2690 4650 3065 4734 praeteritis
3109 4650 3270 4717 alios
3314 4650 3514 4734 eligat
3557 4648 3776 4737 (Rom.
3802 4649 3861 4728 9,
3890 4647 4015 4735 15).
4068 4649 4238 4715 Nam
4269 4647 4442 4713 clare

2496 4737 2704 4804 verba
2745 4745 2982 4802 sonant
3035 4745 3214 4803 certo
3260 4737 3599 4802 hominum
3642 4756 3917 4801 numero
3961 4734 4271 4800 destinari
4315 4731 4443 4797 Dei

2499 4824 2800 4907 gratiam,
2845 4829 2919 4887 ut
2963 4840 3093 4887 non
3139 4830 3451 4905 appareat
3492 4823 3746 4906 aequali
3790 4821 3980 4887 modo
4014 4822 4087 4885 in
4121 4818 4442 4885 omnibus.

2499 4909 2831 4991 Loquutio
2875 4918 3092 4975 autem
3137 4909 3546 4992 expositione
3581 4929 3711 4974 non
3755 4908 4041 4991 indiget:
4100 4905 4255 4988 qnia
4309 4904 4443 4969 usi·

2498 5002 2712 5059 tatum
2760 5003 2863 5060 est
2902 4996 3206 5063 omnibus
3249 4995 3513 5080 linguis,
3557 4994 3671 5060 ubi
3712 5014 3948 5061 causae
3989 4990 4230 5057 investi
4279 4989 4444 5056 atio-

2497 5101 2650 5145 nem
2697 5080 3044 5146 excludere
3088 5080 3419 5161 volumus‚
3477 5079 3546 5146 id
3601 5088 3899 5164 repetere
3955 5074 4125 5160 quod
4182 5096 4221 5141 a
4310 5074 4441 5142 dis·

2670 5285 2729 5356 1)
2768 5285 3033 5353 Princeps
3068 5285 3229 5341 male.-
3266 5286 3593 5348 oblaterant,
3626 5283 3771 5354 quod
3787 5284 3848 5339 in
3864 5282 4066 5338 erratis
4080 5281 4236 5353 peius
4270 5298 4445 5339 emen-

2499 5354 2696 5410 datur:
2731 5356 3021 5411 blaterant.
