5017 6142
430 466 554 532 277

432 653 643 722 Moab.
734 655 792 722 7.
837 655 1326 740 Assumpsitque
1357 659 1729 740 parobolam
1769 679 1983 740 sicam,
2049 682 2124 728 ac
2175 660 2375 727 dixit:

430 740 2375 824 DeAramadduoeitmeBalacreoeMoab,demontibus

439 825 731 909 Orientis,
773 828 1064 895 dicendo.-
1120 828 1305 910 Veni,
1348 829 1611 897 maledic
1651 829 1812 896 mihi
1855 829 2074 911 Iacob,
2118 836 2176 898 et
2216 831 2373 911 veni,

430 914 730 980 detestare
771 913 1090 981 Israelem.
1181 915 1241 982 8.
1287 914 1421 982 Gur
1461 915 1863 997 maledicam,
1916 923 1973 983 et
2018 938 2147 984 non
2188 917 2377 984 ntale-

432 998 850 1066 dixitDeas?
895 1000 2002 1085 etcardetestaboreumquemnon
2043 1004 2377 1070 dete-status

433 1090 524 1152 est
567 1084 850 1152 Iebova?
938 1085 1000 1151 9.
1051 1084 1375 1169 Siquidm
1421 1089 1496 1153 de
1536 1087 1758 1153 vertice
1787 1093 2123 1171 petrarum
2164 1089 2376 1155 videbo

434 1170 2378 1256 eum,etdeoombusintueboriuumseooe,populusoon-

760 1256 1092 1337 habitabit,
1169 1264 1229 1324 et
1296 1259 1459 1324 inter
1514 1264 1722 1342 yentes
1780 1279 1905 1325 non
1964 1261 2374 1342 reputabitur.

436 1342 538 1408 10.
591 1343 749 1426 Quis
790 1342 1144 1409 numerabit
1171 1345 1499 1426 pulverem
1541 1346 1613 1409 in
1654 1344 1869 1423 Iacob,
1915 1366 1990 1412 ac
2030 1346 2380 1412 numerabit

431 1429 1343 1513 quartampartmlsraelis?
1389 1429 1713 1496 Moriatur
1752 1432 1973 1497 anim
2013 1452 2155 1500 mea
2186 1437 2381 1499 morte

431 1521 734 1581 rectorum
749 1563 766 1593 ,
852 1518 909 1579 et
986 1515 1073 1581 sit
1144 1517 1555 1581 novissimum
1631 1536 1835 1582 meum
1909 1521 2070 1583 sicut
2146 1518 2375 1600 ipsias.

436 1602 538 1667 11.
592 1601 766 1667 Tum
806 1600 972 1666 dioeit
1005 1598 1216 1667 Balac
1257 1602 1344 1667 ad
1385 1600 1700 1667 Balaam.-
1740 1602 1906 1684 Quid
1946 1603 2151 1685 fecisti
2193 1603 2378 1669 mihi:

432 1693 506 1753 ut
543 1686 945 1754 malediceres
986 1687 1268 1752 inimicis
1308 1689 1469 1753 meis
1511 1689 1759 1769 sumpsi
1799 1692 1874 1767 te,
1918 1694 1975 1754 et
2015 1708 2162 1768 ecce,
2208 1688 2380 1754 bene-

433 1773 657 1840 dixisti
688 1772 1109 1838 benedicendo.
1180 1772 1281 1839 12.
1336 1773 1463 1856 Qui
1503 1774 1879 1857 respondens
1912 1774 2109 1840 dixit.-
2155 1775 2377 1841 Nonne

435 1858 916 1992 qaodposgerit
959 1857 1190 1925 Iebova
1228 1860 1301 1925 in
1343 1879 1446 1925 ore
1484 1879 1646 1939 meo,
1683 1859 1755 1925 id
1795 1858 2121 1927 observabo
2164 1862 2251 1927 ad
2292 1861 2379 1927 lo·

434 1945 771 2028 quandum.

611 2117 669 2182 1.
705 2114 993 2198 Aedifica
1027 2114 1189 2181 mibi
1217 2115 1320 2181 hic
1350 2120 1579 2198 septem
1614 2116 1865 2182 altaria.
1931 2115 2194 2184 Certiae
2223 2117 2380 2185 hinc

434 2203 807 2287 colligimus
864 2201 1255 2285 degenerem
1300 2201 1480 2267 hunc
1522 2201 1912 2286 prophetam
1957 2203 2227 2268 minime
2269 2225 2381 2268 ex-

433 2289 623 2375 purie
668 2286 796 2355 Dei
840 2286 1346 2353 revelationibus
1383 2287 1724 2353 vaticinari
1763 2288 2031 2354 solitum
2068 2309 2228 2367 esse,
2265 2288 2381 2354 sed

436 2373 683 2458 aliquid
725 2371 1033 2439 habuisse
1067 2373 1264 2439 affine
1299 2372 1572 2457 magicis
1607 2375 2008 2454 exorcismis,
2051 2384 2120 2440 et
2152 2375 2382 2441 multis

434 2461 763 2527 erroribus
806 2480 883 2525 00
924 2458 1200 2524 fallaciis
1241 2458 1548 2525 infectam
1591 2460 1791 2525 fuisse
1834 2480 1961 2543 qua
1994 2480 2065 2526 se
2098 2460 2381 2527 iactabat

434 2543 778 2613 divinandi
823 2553 1051 2613 artem.
1131 2544 1232 2610 Ne
1280 2565 1362 2609 00
1411 2554 1631 2610 tamen
1664 2544 1732 2609 id
1777 2545 1993 2611 obstat
2033 2546 2379 2629 quominus

432 2631 769 2699 interdum
810 2651 893 2696 ex
938 2631 1206 2715 spiritus
1228 2565 1359 2696 {ei
1401 2630 1632 2696 afflatu
1680 2651 1876 2698 verus
1917 2631 2117 2697 fuerit
2160 2642 2378 2698 vates:

434 2719 593 2803 quia
634 2715 737 2803 (ut
780 2716 1028 2783 dictum
1074 2714 1224 2803 fuit)
1281 2716 1437 2783 dum
1495 2715 1780 2783 mundus
1822 2718 1893 2781 in
1936 2718 2223 2783 tenebris
2266 2717 2377 2784 110-

435 2824 695 2870 1001000
745 2809 919 2882 erat,
985 2801 1197 2869 voluit
1251 2802 1438 2867 Deus
1489 2803 1763 2887 exiguas
1827 2803 1993 2869 lucis
2057 2803 2379 2871 scintillae

438 2890 655 2957 adhuc
694 2892 968 2967 micare,
1011 2908 1179 2972 quae
1222 2887 1329 2953 vel
1370 2885 1738 2955 rudissimis
1781 2887 2143 2972 quibusque
2184 2909 2379 2955 excu-

436 2978 756 3047 sationem
815 2973 1138 3039 tollerent.
1237 2973 1459 3054 Quum
1514 2973 1718 3058 igitur
1773 2974 2152 3059 particulari
2209 2974 2379 3041 dono

437 3061 745 3148 polleret,
810 3061 1124 3144 figmenta
1184 3058 1342 3125 hinc
1402 3058 1556 3124 inde
1621 3068 1956 3126 mutuatus
2019 3067 2153 3138 001,
2218 3081 2383 3145 0000

440 3147 679 3214 diaboli
756 3155 1015 3212 tantum
1096 3144 1484 3229 praestigiae
1560 3156 1892 3229 saperent,
1982 3146 2384 3213 alienissima

441 3244 663 3301 autem
723 3238 943 3298 essent
987 3252 1027 3296 a
1066 3251 1225 3297 vera
1281 3239 1349 3297 et
1403 3231 1607 3315 proba
1669 3231 2041 3316 inquirendi
2104 3233 2380 3298 ratione.

437 3320 621 3386 Hinc
661 3317 1067 3402 septenarius
1107 3337 1426 3383 numerus
1474 3316 1785 3383 altarium
1834 3328 1898 3383 et
1945 3317 2380 3385 victimarum.

441 3405 765 3489 Quamvis
827 3404 1003 3469 enim
1068 3403 1255 3469 Deus
1318 3402 1491 3468 diem
1557 3403 1907 3487 septimum
1971 3403 2093 3470 sibi
2159 3425 2385 3471 conse·

442 3490 707 3570 orando,
755 3489 947 3555 sicuti
987 3490 1057 3555 in
1102 3497 1353 3572 septem
1395 3487 1684 3554 lucernis
1728 3499 1795 3554 01
1839 3490 1984 3555 aliie
2026 3487 2224 3556 rebus
2266 3491 2383 3554 ali-

445 3575 601 3661 quid
665 3577 736 3642 in
792 3595 871 3641 00
938 3595 1210 3641 0010010
1272 3573 1692 3660 perfectionis
1756 3594 1902 3640 esee
1966 3575 2380 3642 indicaverit:

442 3672 667 3748 postea
708 3669 931 3727 tamen
974 3661 1220 3726 multae
1276 3669 1633 3727 extraneae
1689 3661 2188 3743 superstitiones
2231 3682 2381 3727 con-

441 3750 633 3816 fictae
688 3755 879 3815 sunt:
938 3755 1004 3812 et
1063 3747 1185 3812 hoc
1242 3755 1592 3830 praetextu
1638 3744 1844 3812 Satan
1904 3746 2083 3813 vafre
2126 3747 2385 3814 miseris

438 3832 813 3901 hominibus
875 3833 1086 3899 illusit
1100 3884 1115 3912 ,
1183 3831 1340 3898 dum
1396 3832 1674 3898 virtutes
1733 3852 2006 3899 arcanae
2058 3835 2384 3917 persuasit

440 3939 714 3986 numero
749 3918 1119 4004 septenario
1154 3918 1441 3984 10010800
1478 3939 1637 3984 0080.
1696 3918 1788 3983 Et
1820 3919 1996 4003 apud
2032 3919 2383 4004 scriptores

437 4007 748 4092 profanos
806 4004 1017 4089 viguit
1069 4004 1303 4071 frivola
1359 4003 1524 4070 haec
1574 4004 1914 4071 curiositas
1928 4055 1943 4083 ‚
2001 4011 2077 4069 ut
2118 4005 2188 4069 in
2235 4006 2383 4071 uni-

438 4112 632 4159 versa
674 4097 918 4156 natura
958 4098 1351 4174 quaererent
1390 4090 1588 4157 huius
1645 4090 1889 4156 erroris
1944 4091 2383 4157 confirmatio-

436 4199 606 4244 nem.
711 4173 980 4260 Septem
1042 4176 1369 4259 planetas,
1426 4176 1698 4242 totidem
1752 4175 2074 4260 pleiades,
2132 4185 2382 4260 septem

438 4265 719 4343 triones,
762 4269 831 4328 et
875 4261 1145 4327 totidem
1191 4261 1494 4341 circulos,
1537 4262 1645 4329 vel
1688 4281 1887 4327 zonas
1931 4263 2271 4344 proferunt
2311 4263 2382 4327 in

438 4348 753 4415 medium:
824 4349 1038 4414 foetus
1101 4346 1336 4414 vitales
1379 4347 1640 4413 nonnisi
1684 4347 1963 4431 80011100
2005 4368 2231 4413 mense
2274 4369 2385 4414 ve-

438 4437 581 4500 nire
624 4435 691 4499 10
751 4433 986 4500 100010.
1076 4433 1291 4499 Multa
1347 4432 1667 4498 eiusmodi
1724 4441 2093 4517 congerunt
2193 4433 2384 4499 uibus

435 4519 716 4607 probent
751 4540 1022 4586 numero
1057 4518 1424 4602 septenario
1460 4517 1727 4585 subesse
1759 4519 2085 4586 occultum
2122 4541 2162 4585 a
2187 4518 2384 4603 iquod

435 4607 844 4693 mysterium.
937 4604 1259 4689 Gontagio
1317 4605 1512 4669 etiam
1570 4602 1652 4669 ad
1696 4603 2110 4671 Christianos
2152 4624 2383 4688 perve-

436 4694 553 4759 nit.
622 4691 794 4757 Nam
840 4691 965 4758 hac
1010 4691 1091 4756 de
1115 4694 1207 4756 ’10
1250 4690 1449 4756 nimie
1493 4698 1682 4757 acute
1723 4690 2054 4756 interdum
2099 4691 2386 4776 philoso-

436 4778 731 4862 phantur
799 4786 1084 4858 veteres,
1150 4787 1219 4842 01
1283 4776 1483 4862 vulgo
1551 4776 1925 4842 maluerunt
1989 4777 2383 4860 scripturam

437 4884 854 4947 corrumpere
908 4884 1102 4947 quam
1147 4883 1283 4928 000
1336 4862 1738 4946 restringere
1782 4862 1867 4927 ad
1920 4861 2098 4929 hunc
2153 4883 2383 4929 nume-

439 4971 587 5015 rum
631 4948 901 5033 spiritus
947 4948 1132 5028 dona,
1179 4958 1247 5013 et
1288 4956 1579 5014 statuere
1621 4946 2068 5032 septiformem
2109 4948 2382 5031 spiritus

436 5036 740 5120 gratiam.
830 5034 976 5101 Hoc
1034 5043 1403 5100 commento
1458 5035 1782 5101 imbutum
1847 5033 2051 5100 fuisse
2107 5034 2381 5100 Balaam

437 5130 648 5206 patet,
708 5118 824 5186 ubi
864 5130 1112 5204 septem
1167 5120 1510 5201 altaribus,
1568 5129 1633 5184 et
1675 5120 1777 5186 bis
1819 5120 2109 5203 septenis
2153 5120 2384 5186 hostiis

439 5207 674 5274 elicere
719 5207 936 5272 Deum
976 5215 1214 5273 tentat.
1304 5207 1410 5272 Ex
1453 5216 1755 5291 01010010
1798 5216 2021 5272 autem
2074 5205 2383 5289 obsequio

438 5293 640 5360 Balac
717 5292 1043 5360 1110001000
1059 5344 1076 5372 ,
1162 5293 1645 5377 superstitiosos
1727 5312 1937 5377 neque
2013 5289 2384 5376 sumptibus

435 5400 707 5463 parcere
722 5429 739 5460 ,
805 5398 926 5445 nec
968 5378 1325 5464 quidquam
1369 5379 1671 5465 refugere
1715 5377 1888 5463 quod
1947 5376 2030 5443 ab
2085 5398 2383 5444 errorum

1850 422 2254 539 Rsmfus
2302 471 2430 538 AD
2475 469 3019 538 HISTORIAM.

4305 476 4436 543 278

2477 660 2830 746 magistris·
2892 659 3206 746 exigitur.
3318 660 3541 744 Quare
3618 661 3835 729 danda
3912 684 4113 747 opera
4177 673 4278 730 est
4343 686 4431 732 ne

2474 753 2721 812 temere
2764 745 2969 812 811000
3012 745 3295 813 creduli:
3355 747 3548 813 simul
3608 760 3827 815 tamen
3870 748 4234 816 cavendum
4251 800 4269 831 ,
4314 751 4428 817 ubi

2473 832 2849 899 constiterit
2926 830 3038 897 uid
3075 833 3403 916 agendum
3439 833 3546 913 sit,
3594 855 3675 900 ne
3711 835 3923 919 turpis
3959 854 4080 901 nos
4116 838 4427 921 segnities

2473 924 2799 998 moretur,
2857 939 2902 983 u
2947 918 2969 982 i
3028 925 3163 983 tam
3220 918 3522 985 celeriter
3575 939 3651 986 ac
3705 930 3969 986 strenue
4024 930 4303 988 currunt
4356 923 4428 988 in

2475 1025 2667 1069 suum
2712 1003 2993 1068 exitium
3034 1003 3375 1070 increduli.
4207 1040 4216 1050 ·

2646 1089 2706 1154 2.
2780 1089 2959 1155 Tunc
3023 1089 3190 1155 dixit
3243 1089 3543 1156 Balaam.
3651 1090 3798 1157 Hac
3852 1091 4052 1157 etiam
4111 1092 4184 1158 10
4241 1102 4428 1177 00110

2478 1195 2667 1240 veros
2688 1172 2818 1240 Dei
2855 1195 3078 1241 servos
3115 1175 3498 1241 aemulatur.
3545 1174 3890 1243 Secessum
3927 1177 4106 1242 00110
4139 1179 4428 1262 quaerit:

2476 1260 2632 1344 quia
2674 1260 2883 1326 servis
2927 1260 3065 1327 suis
3107 1261 3244 1326 fere
3286 1281 3545 1344 semper
3599 1262 3907 1346 apparuit
3949 1263 4164 1341 Deus,
4223 1284 4428 1347 quum

2477 1345 2807 1430 segregati
2827 1355 3046 1412 essent
3080 1345 3162 1411 ab
3197 1345 3540 1412 hominum
3575 1358 3781 1414 coetu.
3839 1346 4112 1415 Diceres
4146 1349 4428 1417 alterum

2479 1451 2620 1498 cese
2658 1431 2909 1510 Mosen,
2948 1430 3104 1496 dum
3142 1452 3363 1516 regem
3404 1433 3704 1499 hortatur
3738 1433 3820 1498 ad
3857 1454 4080 1516 preces
4116 1434 4428 1518 assiduas,

2479 1526 2547 1582 et
2588 1536 2718 1600 quo
2773 1518 2859 1583 sit
2908 1517 3224 1583 attentior
3280 1518 3360 1584 ad
3417 1517 3729 1602 precandi
3779 1518 4064 1585 studium
4083 1571 4099 1598 ,
4158 1540 4426 1588 manere

2479 1603 2664 1669 iubet
2707 1602 2899 1686 quasi
2941 1601 3229 1668 defixum
3284 1602 3619 1671 altaribus.
3706 1604 3987 1671 Interim
4031 1625 4102 1672 00
4146 1626 4186 1670 0
4230 1604 4426 1671 10100

2480 1698 2549 1754 01
2592 1687 2860 1754 testium
2902 1688 3106 1754 oculis
3150 1689 3473 1770 subducit,
3522 1710 3647 1773 quo
3689 1691 3981 1773 paratior
4014 1690 4105 1757 sit
4143 1689 4225 1757 ad
4262 1693 4425 1757 reci-

2481 1773 2792 1858 piendum
2847 1773 3203 1841 oraculum.
3298 1775 3542 1841 Verum
3590 1784 3665 1840 ut
3708 1775 3875 1840 nihil
3917 1776 3988 1841 in
4033 1796 4112 1842 00
4154 1776 4280 1842 fuit
4323 1778 4425 1843 in-

2480 1870 2773 1944 tegrum,
2860 1860 3175 1943 probabili
3254 1862 3507 1926 ratione
3599 1869 3890 1928 statuere
3975 1861 4160 1941 11001,
4252 1881 4426 1930 vana

2479 1946 2915 2012 ostentatione
2948 1945 3278 2011 imitatum
3313 1947 3513 2012 fuisse
3536 1946 3665 2011 Dei
3706 1967 3948 2027 servos,
3994 1956 4068 2012 ut
4108 1955 4425 2032 tanquam

2481 2032 2623 2097 0100
2679 2031 3086 2098 consiliarius
3148 2051 3387 2098 arcana
3430 2054 3517 2118 ex
3571 2031 3959 2098 coelestibus
4015 2031 4231 2118 adytis
4274 2054 4426 2118 pro·

2482 2118 2701 2184 ferret.
2801 2116 3050 2183 Vocem
3101 2129 3226 2185 ’ΒΨ
3279 2117 3498 2183 000010
3556 2138 3673 2183 001
3725 2118 3926 2202 aliqui
3983 2116 4214 2185 Solum
4231 2170 4246 2198 ‚
4314 2118 4427 2184 alii

2482 2204 2770 2268 Tristem
2808 2211 3168 2286 exponunt,
3214 2204 3447 2269 melius
3483 2204 3792 2269 convenit
3825 2225 3942 2287 pro
3976 2204 4235 2272 excelso
4266 2205 4428 2272 0001-

2481 2308 2671 2373 pere:
2732 2288 2902 2372 quod
2957 2288 3070 2354 alii
3128 2289 3379 2354 similes
3434 2289 3562 2356 loci
3616 2290 4026 2355 confirmant.
4125 2289 4216 2356 Se
4268 2309 4426 2377 ergo

2480 2375 2727 2459 recepit
2769 2374 3085 2457 impostor
3127 2375 3195 2439 in
3240 2375 3538 2441 altiorem
3581 2374 3826 2452 100010,
3873 2375 3976 2439 vel
4019 2375 4276 2442 0011000
4297 2426 4313 2457 ,
4353 2384 4428 2442 01

2479 2462 2722 2613 codirrgior
2778 2468 2962 2525 vates
3005 2481 3045 2525 a
3103 2460 3412 2526 familiari
3470 2460 3599 2526 Dei
3662 2460 3982 2544 colloquio
4037 2460 4219 2529 illinc
4274 2481 4427 2545 pro-

2652 2631 2716 2697 4.
2759 2631 2850 2696 Et
2888 2633 3152 2699 occurrit
3185 2631 3383 2699 Deus.
3451 2631 3701 2697 Mirum
3746 2639 3848 2696 001
3888 2631 4208 2714 quomodo
4245 2633 4429 2700 Deus

2483 2716 2839 2802 quidquam
2886 2717 3128 2783 habere
3170 2738 3514 2785 0011101000
3571 2717 3876 2783 statuerit
3926 2736 4075 2782 cum
4119 2717 4427 2800 pollutio·

2485 2804 2678 2870 nibus
2721 2803 3032 2869 Balaam:
3086 2803 3347 2888 0000110
3387 2802 3569 2869 00110
3614 2811 3712 2868 001
3753 2802 4254 2869 communicatio
4297 2804 4428 2869 luci

2484 2910 2634 2956 0010
2671 2888 2977 2968 10000118,
3014 2896 3082 2954 01
3114 2909 3374 2954 omnem
3411 2910 3559 2955 011111
3596 2887 4018 2954 110οω001000
4052 2890 4429 2956 00010ῐο1010

2486 2974 2884 3041 detestatur:
2939 2994 3174 3041 verum
3217 2974 3520 3058 quamvis
3561 2974 3866 3058 impietae
3909 2973 4182 3040 Balaam
4227 2995 4429 3041 exosa

2484 3068 2660 3127 esset
2702 3059 2881 3142 Deo,
2921 3060 2992 3127 id
3036 3069 3254 3126 tamen
3298 3080 3431 3125 000
3476 3059 3732 3126 00011111
3772 3061 4119 3142 quominus
4160 3059 4233 3124 in
4277 3067 4428 3127 actu

2484 3145 2867 3231 particulari
2911 3167 2988 3213 00
3030 3167 3193 3213 118118
3247 3145 3464 3211 fuerit.
3552 3145 3685 3212 Hic
3740 3165 3899 3229 ergo
3956 3166 4262 3212 00001008
4302 3146 4428 3211 mi-

2484 3233 2665 3298 nime
2706 3231 2957 3299 favoris
3000 3232 3125 3297 fuit
3164 3230 3614 3297 testimonium
3632 3281 3649 3309 ,
3709 3251 3787 3298 00
3841 3231 3896 3297 01
3939 3230 4244 3315 01000101
4285 3251 4430 3316 sep-

2485 3325 2621 3383 tem
2687 3318 2921 3384 altaria
2984 3328 3052 3383 et
3116 3316 3611 3402 superstitiones
3683 3316 3824 3382 eius
3886 3324 4068 3381 ratas
4121 3317 4429 3383 haberet:

2484 3402 2602 3470 sed
2672 3401 3215 3489 quemadmodum
3299 3403 3531 3469 vitiosa
3604 3401 4045 3469 instrumenta
4120 3401 4290 3468 bene
4354 3402 4430 3467 in

2482 3511 2679 3556 suum
2712 3511 2907 3557 00010
2943 3489 3405 3576 accommodat,
3441 3488 3535 3553 ita
3569 3508 3687 3572 per
3720 3509 3792 3553 08
3828 3486 4431 3572 pseudoprophetae

2483 3575 2713 3642 foedus
2766 3575 2940 3660 quod
2997 3596 3148 3643 00111
3205 3574 3543 3642 Abraham
3609 3575 3979 3659 pepigerat,
4046 3573 4290 3640 exteris
4362 3584 4430 3640 et

2482 3662 2775 3744 profanis
2817 3662 3120 3748 gentibus
3165 3660 3627 3745 promulgavit.
3717 3660 3924 3725 Iactat
3966 3659 4226 3743 quidem
4275 3679 4430 3726 suas

2483 3755 2735 3831 septem
2772 3769 2938 3826 aras,
2976 3769 3052 3813 00
3087 3749 3142 3813 01
3178 3749 3300 3811 1110
3326 3747 3467 3812 Βο0
3503 3746 3766 3825 11100801,
3818 3745 4012 3811 810011
4047 3745 4430 3829 hypocritae

2483 3834 2765 3918 superbe
2807 3831 3151 3901 confidunt
3185 3853 3255 3898 se
3279 3831 3495 3898 Deum
3540 3829 3878 3909 demereri,
3921 3829 4035 3896 ubi
4076 3831 4244 3895 iram
4288 3831 4427 3898 0100

2482 3929 2877 4004 provocant:
2946 3918 3061 3986 sed
3125 3920 3312 3985 Deus
3383 3918 3625 3982 omisso
3687 3915 3804 3982 illo
3867 3936 4176 3999 perverso
4241 3916 4425 3983 cultu

2483 4006 2741 4090 peragit
2792 4003 2964 4089 quod
3020 4011 3358 4071 statuerat.
3458 4000 3736 4068 Balaam
3790 4004 3967 4067 00110
4016 4001 4226 4066 mittit
4240 4054 4256 4082 ,
4315 4003 4428 4086 qui

2530 4111 2718 4157 raeco
2761 4093 2850 4157 eit
2891 4109 2969 4156 ac
3011 4090 3197 4156 testis
3238 4091 3466 4154 firmae
3509 4108 3667 4155 suae
3709 4106 3866 4172 erga
3906 4086 4186 4153 electum
4232 4108 4430 4173 popu-

2511 4197 2623 4242 um
2679 4177 2949 4261 gratiae.
3040 4174 3432 4261 Suppeditat
3486 4171 3749 4257 quidem
3804 4173 4011 4239 servis
4067 4174 4203 4239 suis
4255 4173 4427 4258 quod

2484 4261 2853 4346 loquantur,
2898 4270 2967 4328 et
3007 4260 3330 4347 gubernat
3373 4280 3599 4325 0011110
3642 4259 3934 4343 linguas:
3979 4260 4134 4342 quia
4176 4279 4300 4326 000
4344 4260 4426 4326 011

2483 4347 2902 4434 cogitandum
2955 4346 3306 4432 quidquam
3361 4344 3577 4411 idonei
3647 4356 3894 4425 000001,
3963 4345 4092 4410 0101
4146 4344 4228 4411 00
4283 4345 4427 4429 1080

2484 4433 2761 4500 facultas
2796 4442 3203 4518 suppeteret:
3240 4451 3316 4498 ac
3350 4450 3544 4496 nemo
3580 4439 3794 4514 potest
3829 4428 4043 4496 dicere
4066 4430 4424 4495 Dominum

2485 4519 2708 4586 Iesum
2728 4570 2745 4598 ,
2791 4520 2919 4585 nisi
2962 4518 3033 4584 in
3078 4518 3317 4602 spiritu
3369 4526 3612 4583 sancto.
3700 4514 3952 4581 Verum
4009 4517 4221 4582 sancti
4277 4536 4426 4599 pro-

2485 4605 2724 4690 phetae
2778 4607 2872 4672 sic
2929 4625 3177 4690 organa
3232 4604 3501 4668 fuerunt
3554 4600 3860 4685 spiritus,
3913 4611 3984 4667 ut
4041 4600 4424 4667 thesaurum

2486 4712 2680 4776 quem
2725 4692 2909 4757 Deus
2952 4689 3125 4774 apud
3170 4709 3282 4754 000
3325 4688 3740 4772 deposuerat,
3800 4707 3883 4752 ex
3936 4685 4130 4753 corde
4173 4686 4426 4769 profer-

2485 4786 2655 4855 rent.
2781 4776 2933 4860 Qua
3009 4776 3260 4841 ratione
3326 4773 3484 4841 dicit
3557 4773 3870 4839 Ieremias
3943 4770 4087 4858 (15,
4167 4769 4279 4858 16)
4355 4793 4426 4837 00

2486 4862 2843 4930 comedisse
2932 4860 3061 4926 Dei
3153 4878 3516 4926 sermones:
3623 4869 3690 4924 01
3764 4856 4074 4923 Ezechiel
4165 4854 4265 4942 (3,
4360 4855 4425 4944 1)

2485 4950 2797 5014 volumen
2872 4947 2945 5012 in
3024 4967 3151 5031 quo
3239 4945 3544 5012 vaticinia
3620 4944 3968 5027 scripserat
4043 4941 4423 5009 comedisse.

2485 5034 2716 5118 Neque
2760 5034 2937 5101 enim
2980 5031 3330 5116 fingendus
3375 5040 3475 5096 001
3529 5028 3719 5095 00010
3774 5027 4207 5107 ἔνθουσιασμός
4225 5074 4246 5108 ,
4294 5049 4421 5112 000

2484 5120 2697 5203 abripi
2746 5128 3065 5203 putarunt
3106 5138 3258 5185 suos
3313 5116 3574 5182 divinos
3630 5114 3886 5198 profani
3944 5113 4274 5179 homines:
4331 5115 4426 5180 ita

2484 5215 2559 5272 ut
2602 5206 2898 5272 coelestis
2941 5204 3201 5271 afflatus
3245 5224 3356 5268 eos
3399 5201 3736 5268 ecstaticus
3782 5198 3885 5265 vel
3919 5198 4228 5264 attonitos
4271 5199 4418 5266 red-

2486 5291 2689 5358 deret.
2795 5291 2976 5375 Quin
3029 5291 3248 5375 potius
3299 5289 3369 5354 in
3426 5287 3560 5352 11110
3618 5284 4009 5368 completum
4063 5285 4191 5351 fuit
4252 5286 4424 5370 quod

2488 5377 2707 5444 David
2767 5376 2848 5443 de
2907 5400 2979 5445 80
3034 5374 3395 5463 praedicat:
3441 5369 3737 5453 Credidi,
3791 5380 4137 5454 propterea
4193 5371 4426 5456 loquar

3912 5470 4015 5527 18*
