5017 6142
629 460 753 527 551

629 645 848 714 diebus
867 644 1085 712 multis
1103 666 1299 730 usque
1328 645 1415 714 ad
1440 645 1605 712 diem
1630 645 1807 726 hanc,
1848 646 1959 712 sed
1978 645 2332 712 cuswdistis
2371 648 2575 710 custo-

629 732 808 798 diam
854 733 1171 815 praecepti
1227 731 1490 798 Iehooae
1540 730 1672 799 Dei
1720 732 1927 799 vestri.
2013 731 2074 797 4.
2132 728 2318 797 Nunc
2369 734 2575 796 autem

629 818 910 900 requiem
974 818 1145 884 dedit
1199 817 1430 885 Iehova
1483 815 1664 883 Deus
1719 821 1914 883 vester
1964 815 2274 900 fratribus
2323 815 2578 881 vestris.-

629 903 1146 986 quemadmodum
1212 903 1461 970 dixerat
1514 903 1637 969 eis.-
1700 921 1866 970 nunc
1916 902 2116 986 iyitur
2165 900 2575 984 revertimini,

634 993 690 1055 et
744 989 1225 1073 proficiscimini
1287 989 1374 1055 ad
1435 987 1834 1055 tabernacula
1892 992 2101 1054 vestra
2117 1037 2133 1065 ‚
2198 987 2284 1053 ad
2338 990 2574 1053 terram

622 1074 1047 1156 possessionis
1098 1079 1362 1154 vestrae,
1420 1094 1609 1157 quam
1662 1073 1834 1141 dedit
1882 1073 2056 1140 vobis
2098 1069 2309 1138 Moses
2354 1090 2576 1138 servus

636 1157 898 1226 Ieltovae
948 1164 1127 1226 trans
1171 1158 1531 1226 Iordanem
1618 1158 1682 1226 5.
1734 1159 2007 1224 Tantum
2060 1156 2370 1224 observate
2424 1156 2572 1257 dili-

630 1250 839 1344 qanta
878 1249 949 1310 τά
986 1245 1245 1329 saciati-⁹
1277 1248 1673 1328 praeceptum
1713 1249 1771 1311 d
1809 1243 1998 1343 leem
2037 1263 2228 1325 quam
2256 1246 2575 1326 praecem

634 1331 803 1397 vobis
825 1328 1037 1397 Moses
1075 1350 1295 1396 servus
1315 1330 1595 1411 Iehovae,
1636 1334 1708 1394 ut
1746 1328 2033 1413 diliqatis
2053 1326 2344 1394 Iehovam
2363 1327 2577 1394 Deum

635 1420 925 1497 vestrum,
970 1420 1024 1482 et
1045 1416 1372 1482 ambuletis
1402 1417 1473 1482 in
1514 1414 1798 1482 omnibus
1835 1415 1963 1481 viis
2003 1415 2159 1495 eius,
2199 1414 2575 1495 servetisque

622 1506 961 1585 praecepta
1014 1504 1182 1582 eius,
1242 1506 1301 1567 et
1354 1499 1750 1568 adhaereatis
1800 1501 1890 1566 ei.-
1939 1505 2122 1584 atque
2173 1499 2469 1566 serviatis
2516 1498 2577 1566 ei

633 1591 754 1654 toto
789 1588 967 1654 corde
1008 1591 1234 1666 vestro,
1289 1591 1344 1652 et
1384 1591 1508 1653 tota
1549 1587 1765 1653 anima
1797 1590 2023 1652 vestra.
2112 1586 2172 1652 6.
2219 1584 2578 1650 Bmedioeit-

634 1693 752 1756 que
806 1674 899 1739 eis
938 1671 1157 1753 Iosue,
1216 1692 1289 1738 ac
1342 1672 1587 1739 dimisit
1639 1691 1775 1752 eos,
1831 1671 2232 1755 abieruntque
2270 1672 2341 1735 in
2383 1671 2576 1736 taber·

633 1759 868 1825 nacula
921 1779 1060 1824 sua.
1152 1757 1210 1823 7.
1255 1756 1587 1825 Dimidiae
1639 1763 1845 1823 autem
1896 1756 2097 1821 tribui
2138 1755 2435 1822 Menasse
2476 1754 2579 1820 de-

636 1844 816 1911 derat
858 1841 1069 1910 Moses
1110 1843 1181 1910 in
1224 1842 1484 1924 Basan,
1536 1843 1723 1909 alteri
1765 1847 1973 1909 autem
2015 1842 2153 1908 eius
2183 1842 2368 1924 parti
2407 1841 2579 1908 dedit

640 1931 831 1995 Iosue
852 1949 991 1994 cwm
1010 1928 1319 2011 fratribus
1339 1930 1478 1994 suis
1496 1932 1673 1994 trans
1695 1926 2038 1995 Iordanem
2062 1928 2148 1994 ad
2177 1927 2575 1994 Occidentem.

641 2014 734 2080 Et
785 2016 974 2081 etiam
1030 2034 1222 2098 quum
1274 2014 1606 2080 dimitteret
1661 2033 1761 2080 eos
1816 2014 2006 2079 Iosue
2060 2015 2131 2077 in
2182 2011 2579 2079 tabernacula

637 2120 795 2179 sua,
843 2104 899 2166 et
951 2100 1359 2166 benedixisset
1406 2100 1531 2178 eis,
1591 2098 1649 2164 8.
1716 2099 1890 2164 Tunc
1944 2099 2113 2165 dixit
2163 2098 2250 2164 ad
2306 2118 2437 2178 eos,
2481 2097 2579 2162 di-

638 2186 863 2254 cendo:
912 2183 1071 2257 Cum
1114 2185 1360 2252 divitiis
1400 2185 1616 2251 multis
1649 2185 2031 2251 revertimini
2064 2183 2150 2249 ad
2180 2183 2579 2250 tabernacula

638 2276 861 2352 vestra,
905 2276 962 2337 et
1002 2291 1143 2337 cum
1185 2271 1593 2354 acquisitione
1632 2270 1831 2336 multa
1868 2269 2070 2349 valde,
2120 2289 2258 2337 cum
2301 2273 2577 2353 arqento,

641 2361 698 2423 et
739 2377 911 2438 auro,
950 2362 1006 2423 et
1044 2377 1189 2423 aere
1229 2362 1286 2422 et
1322 2357 1512 2439 ferro,
1558 2360 1614 2421 et
1652 2356 1918 2421 vestibus
1955 2354 2175 2422 mltis
2212 2355 2426 2422 valde.-
2477 2354 2579 2419 di·

639 2442 827 2508 vidite
846 2442 1048 2523 spolia
1068 2443 1467 2508 inimicorum
1484 2446 1829 2508 vestrorum
1846 2462 1987 2508 cum
2003 2440 2317 2525 fratribus
2335 2440 2576 2506 vestri-3.

641 2528 700 2594 9.
728 2526 988 2594 Reversi
1028 2532 1176 2593 sunt
1214 2529 1444 2609 itaque,
1488 2531 1544 2593 et
1584 2526 1871 2592 abierunt
1907 2528 2036 2609 filii
2080 2526 2317 2607 Ruben,
2360 2531 2415 2591 et
2451 2524 2580 2608 filii

646 2613 810 2693 Gad,
852 2617 911 2678 et
946 2612 1218 2679 dimidia
1258 2611 1457 2678 tribus
1480 2611 1775 2679 Menasse
1805 2632 1851 2678 a
1880 2613 2039 2695 filliis
2073 2609 2281 2678 Israel
2321 2611 2398 2677 dc
2441 2609 2580 2677 Silo

637 2719 754 2781 que
796 2704 887 2765 est
923 2699 994 2763 in
1027 2703 1195 2764 terra
1244 2696 1575 2777 Ghanaan,
1617 2703 1691 2763 ut
1727 2698 1890 2764 irent
1927 2698 2014 2764 ad
2045 2702 2278 2763 terram
2327 2696 2576 2776 Gilead,

640 2784 727 2851 ad
766 2789 998 2850 terram
1028 2784 1447 2865 possessionis
1487 2803 1657 2864 suae,
1701 2785 1772 2848 in
1816 2803 1945 2866 qua
1975 2784 2437 2865 possessionem
2478 2802 2580 2849 ac-

638 2874 927 2953 ceperant
944 2869 1284 2935 secundum
1302 2887 1643 2935 sermonem
1654 2867 1918 2934 Iehovae
1928 2889 2052 2951 per
2070 2887 2327 2935 manum
2350 2865 2574 2934 Mosis.

815 3041 872 3106 1.
936 3039 1114 3106 Tunc
1167 3039 1488 3106 accersivit
1542 3039 1747 3105 Iosue.
1834 3038 1966 3107 Hic
2024 3039 2311 3106 refertur
2355 3039 2576 3104 missio

641 3127 922 3192 duarum
980 3126 1270 3191 tribuum
1326 3134 1392 3190 et
1449 3123 1781 3205 dimidiae,
1826 3145 1991 3208 quae
2050 3134 2365 3208 sequutae
2409 3125 2576 3191 resi·

640 3210 840 3277 duum
896 3211 1203 3295 populum
1265 3210 1559 3288 fuerant,
1604 3231 1737 3277 non
1783 3219 1858 3277 ut
1900 3211 2028 3277 sibi
2069 3210 2423 3295 quidquam
2467 3231 2576 3278 ac·

683 3298 1009 3363 uirerent:
1070 3296 1183 3362 sed
1235 3297 1386 3379 quia
1423 3295 1557 3361 iam
1596 3304 1789 3363 extra
1831 3303 2074 3362 sortem
2118 3296 2339 3382 adepti
2383 3303 2578 3362 erant

640 3319 967 3449 domicilia
999 3390 1065 3448 et
1085 3401 1294 3466 agros,
1321 3390 1398 3447 ut
1418 3400 1762 3449 commune
1797 3403 1946 3450 cum
1984 3382 2297 3449 fratribus
2332 3381 2576 3449 bellum

641 3476 976 3619 gererent,
1032 3467 1236 3533 donec
1290 3467 1450 3551 ipsis
1505 3487 1757 3550 quoque
1813 3468 2171 3551 tranquilla
2225 3476 2400 3535 esset
2456 3487 2580 3534 sua

695 3552 1031 3620 aereditas.
1088 3552 1153 3617 N
1156 3573 1282 3619 unc
1324 3552 1475 3637 quia
1515 3551 1629 3619 fidi
1672 3554 1808 3620 suis
1850 3553 2159 3620 fratribus
2201 3555 2469 3619 comites
2510 3559 2580 3618 et

645 3639 975 3706 adiutores
1020 3639 1317 3717 fuerunt,
1374 3637 1568 3704 Iosue
1624 3640 1926 3705 emeritos
1979 3659 2123 3705 esse
2166 3639 2577 3723 pronunciat,

647 3733 842 3809 atque
884 3725 979 3790 ita
1021 3725 1267 3790 solutos
1310 3733 1378 3789 et
1419 3723 1656 3791 liberos
1699 3722 1965 3790 domum
2001 3725 2297 3791 remittit.
2358 3723 2579 3807 Quae-

647 3811 818 3876 ritur
859 3820 1077 3876 tamen
1122 3808 1441 3892 quomodo
1483 3810 1657 3891 ipsos
1700 3819 1965 3877 censeat
2008 3810 2302 3894 legitima
2345 3810 2580 3875 militia

692 3897 1039 3972 erfunctos,
1084 3916 1284 3978 quum
1321 3895 1535 3961 adhuc
1579 3904 2002 3979 occuparetur
2045 3916 2196 3979 pars
2241 3906 2451 3962 terrae
2496 3894 2577 3961 ab

646 3919 978 4060 fluetibus,
1037 3983 1221 4046 cuius
1264 3980 1404 4047 sola
1454 3980 1774 4064 possessio
1831 3980 2074 4046 iustum
2129 3980 2355 4047 debuit
2410 3980 2580 4048 bello

647 4070 845 4134 finem
890 4068 1240 4151 imponere.
1312 4067 1566 4132 Verum
1609 4069 1666 4132 si
1709 4067 2024 4132 memoria
2066 4074 2364 4133 tenemus
2408 4065 2580 4150 quod

584 4206 589 4211 .
650 4174 860 4238 nuper
916 4151 1084 4233 dixi,
1142 4151 1483 4235 expeditus
1536 4153 1660 4217 erit
1714 4152 1821 4219 hic
1866 4151 2094 4218 nodus.
2186 4151 2259 4220 Si
2304 4153 2431 4218 Dei
2473 4152 2578 4217 in-

650 4239 1027 4307 vitationem
1087 4238 1342 4321 sequuti
1408 4249 1657 4317 essent,
1712 4245 1777 4302 et
1832 4238 2385 4305 obsecundassent
2437 4237 2581 4304 eius

650 4323 895 4401 virtuti,
940 4325 1071 4389 imo
1114 4345 1317 4408 quum
1359 4323 1488 4390 illis
1531 4344 1799 4389 manum
1846 4324 2227 4410 porrigeret,
2272 4322 2396 4390 nisi
2439 4334 2581 4389 tur-

649 4412 820 4496 piter
864 4408 1404 4490 retrocessissent,
1449 4409 1631 4475 nullo
1674 4410 1962 4493 periculo
1998 4419 2065 4476 et
2106 4430 2310 4494 parva
2351 4408 2584 4475 moles-

649 4499 744 4563 tia
810 4496 1140 4562 confectae
1197 4493 1475 4561 fuissent
1533 4494 1684 4560 belli
1742 4495 2075 4579 reliquiae.
2182 4494 2323 4563 Sua
2377 4494 2582 4580 igitur

651 4581 898 4649 desidia
956 4589 1341 4646 recusarunt
1395 4580 1566 4664 quod
1610 4581 1792 4647 Deus
1845 4590 2110 4664 paratus
2152 4589 2297 4647 erat
2336 4580 2582 4665 largiri.

652 4672 872 4752 Atque
894 4667 990 4733 ita
1010 4668 1253 4733 factum
1278 4673 1377 4731 est
1400 4675 1473 4730 ut
1493 4675 1779 4733 cessaret
1800 4668 2011 4752 pactio
2034 4687 2163 4751 qua
2198 4688 2269 4733 se
2304 4667 2583 4733 obstrin-

650 4763 887 4822 xerant
930 4753 1095 4819 duae
1141 4751 1349 4817 tribus
1393 4762 1460 4816 et
1503 4750 1790 4817 dimidia.
1878 4752 2017 4818 Nec
2059 4753 2235 4819 enim
2280 4752 2471 4818 aliter
2514 4774 2585 4818 se

650 4840 1022 4924 obligarunt
1057 4858 1253 4923 quam
1299 4845 1376 4903 ut
1414 4835 1635 4902 decem
1679 4838 1887 4904 tribus
1931 4840 2418 4918 comitarentur,
2464 4859 2586 4905 nec

653 4927 871 4993 minus
933 4934 1201 4991 strenue
1263 4933 1595 4990 certarunt
1665 4942 1784 5008 pro
1840 4924 2103 4990 illorum
2161 4924 2584 5003 haereditate,

652 5032 846 5095 quam
890 5010 947 5076 si
991 5031 1111 5094 par
1152 5019 1218 5076 et
1262 5008 1489 5075 eadem
1533 5028 1755 5074 eorum
1801 5018 1972 5076 esset
2011 5009 2313 5077 conditio.
2393 5010 2587 5076 Nunc

653 5118 851 5182 quum
911 5104 1412 5181 perseveranter
1466 5116 1538 5162 se
1593 5093 1817 5162 fideles
1871 5097 2077 5163 socios
2120 5096 2584 5181 praestiterint,

654 5183 876 5250 decem
930 5203 1083 5248 vero
1127 5183 1334 5248 tribus
1379 5181 1708 5265 praesenti
1746 5180 2008 5247 fortuna
2049 5193 2408 5263 contentae,
2455 5203 2585 5247 non

654 5269 1021 5353 postulent,
1078 5268 1192 5333 sed
1241 5268 1461 5353 potius
1502 5266 1695 5334 tacite
1739 5265 2090 5349 repudient
2128 5288 2354 5334 eorum
2401 5268 2588 5333 auxi-

653 5355 836 5434 lium,
882 5354 1023 5420 iure
1068 5353 1262 5421 datur
1303 5352 1437 5421 illis
1481 5353 1650 5421 liber
1689 5352 1939 5418 reditus
1978 5350 2061 5419 ad
2096 5372 2265 5420 suos.
2323 5352 2587 5422 Lauda-

1760 453 2502 528 COMMENTARIUS
2549 453 2651 520 IN
2693 455 2974 525 IOSUE
3020 455 3217 524 CAP.
3263 454 3496 523 XXII.

4483 452 4608 519 552

2676 643 2830 711 bilis
2866 665 3019 712 vero
3040 664 3268 711 eorum
3304 642 3671 723 tolerantia,
3715 640 3888 727 quod
3921 641 4135 708 taedio
4167 641 4437 726 impulsi
4481 663 4606 708 non

2677 738 3131 812 antevertant,
3194 729 3309 797 sed
3385 728 3586 814 quieti
3641 735 4025 813 exspectant
4081 727 4237 794 dum
4286 727 4458 794 ultro
4500 748 4608 794 eos

2677 825 2964 883 accersat
3006 815 3218 882 Iosue.

2847 902 2907 968 5.
2972 902 3247 968 Tantum
3298 899 3621 967 observate.
3709 897 4079 982 Temporali
4139 896 4462 983 stipendio
4516 898 4609 965 ita

2676 1008 2787 1054 eos
2821 987 3017 1055 solvit
3051 1007 3127 1054 ac
3160 986 3414 1064 liberat,
3459 994 3534 1051 ut
3567 986 3636 1050 in
3680 996 4071 1069 perpetuum
4116 982 4457 1065 devinciat,
4485 984 4610 1050 im-

2675 1072 2856 1157 perio
2914 1073 3113 1139 unius
3170 1072 3311 1140 veri
3355 1070 3505 1137 Dei.
3590 1068 3839 1137 Redire
3885 1070 4105 1154 itaque
4149 1069 4413 1137 domum
4459 1090 4609 1153 per·

2679 1159 2911 1224 mittit:
2972 1158 3085 1224 sed
3143 1157 3267 1225 hac
3308 1156 3489 1242 lege,
3546 1164 3618 1222 ut
3658 1156 3803 1222 Deo
3846 1156 4216 1239 ubicunque
4259 1155 4395 1221 sint
4436 1156 4609 1222 mili-

2678 1252 2841 1325 tent,
2875 1244 3141 1310 modum
3166 1242 3365 1312 simul
3387 1240 3789 1326 praescribit,
3823 1248 3900 1307 ut
3920 1241 4132 1326 legem
4156 1242 4299 1308 eius
4323 1251 4610 1308 servent.

2679 1328 2815 1397 Sed
2888 1329 3198 1413 quoniam
3263 1348 3340 1395 ea
3418 1337 3517 1394 est
3587 1326 3866 1393 humani
3922 1326 4176 1412 ingenii
4232 1327 4492 1394 vanitas
4547 1335 4614 1394 et

2677 1416 3135 1497 inconstantia,
3175 1423 3253 1481 ut
3286 1412 3474 1480 facile
3509 1421 3857 1479 evanescat
3889 1435 3973 1479 ex
4016 1411 4320 1480 cordibus
4364 1412 4613 1498 religio,

2678 1501 2946 1585 obrepat
2985 1500 3241 1567 incuria
3284 1508 3350 1564 et
3392 1504 3837 1581 contemptus,
3897 1499 4106 1583 exigit
4148 1499 4229 1566 ab
4272 1498 4434 1582 ipsis
4476 1508 4611 1566 stu-

2680 1586 2863 1652 dium
2926 1607 3003 1652 ac
3054 1585 3464 1671 diligentiam
3522 1584 3597 1649 in
3653 1584 3798 1670 lege
3851 1582 4259 1668 praestanda.
4360 1585 4612 1670 Legem

2677 1680 2875 1740 vocat
2917 1671 3154 1750 Mosis,
3217 1692 3302 1735 ne
3344 1690 3461 1753 per
3505 1682 3729 1737 aereas
3779 1669 4256 1753 speculationes
4309 1669 4611 1737 volitent:

2679 1758 2794 1825 sed
2837 1766 3148 1824 maneant
3190 1754 3389 1822 defixi
3427 1756 3497 1821 in
3531 1776 3611 1821 ea
3653 1756 3967 1833 doctrina,
4011 1776 4207 1840 quam
4252 1754 4616 1824 didicerant

2682 1865 2764 1910 ex
2837 1843 3012 1910 fideli
3068 1841 3199 1909 Dei
3252 1861 3463 1907 servo.
3565 1840 3807 1906 Finem
3863 1861 4118 1926 quoque
4172 1853 4238 1906 et
4290 1863 4614 1908 summam

2679 1929 2844 2014 legis
2888 1928 3183 2012 attingit,
3243 1935 3320 1993 ut
3361 1926 3639 2012 diligant
3683 1927 3933 2007 Deum,
3977 1935 4045 1993 et
4086 1925 4490 2078 afflaereant
4532 1929 4611 2008 ei,

2722 2015 2832 2081 uia
2854 2014 3140 2081 exterior
3163 2014 3380 2080 cultus
3416 2012 3657 2095 alioqui
3702 2032 3931 2097 parum
3975 2012 4150 2096 pond
4229 2013 4281 2079 ‘s
4325 2013 4614 2079 haberet.

2717 2100 2865 2167 dem
2908 2101 3252 2168 confirmat
3294 2097 3441 2165 aliis
3477 2098 3713 2179 verbis,
3758 2107 3833 2163 ιιι
3866 2099 4162 2165 serviant
4193 2097 4338 2165 Deo
4374 2101 4442 2165 in
4479 2106 4616 2166 toto

2683 2187 2877 2253 corde
2932 2193 2998 2252 et
3055 2193 3194 2250 tota
3243 2185 3496 2265 anima,
3555 2185 3793 2267 quibus
3837 2183 4054 2250 verbis
4095 2191 4361 2250 notatur
4402 2186 4618 2252 since·

2683 2273 2865 2339 ritas.

2853 2357 2911 2423 8.
2961 2353 3120 2426 Cum
3160 2353 3423 2421 divitiis.
3482 2352 3657 2436 Quia
3691 2362 3845 2421 ante
3879 2356 4094 2423 visum
4140 2363 4260 2435 est,
4302 2355 4615 2423 maiorem

2681 2450 2936 2529 partem
2960 2441 3237 2508 duarum
3261 2438 3553 2506 tribuum
3587 2439 3884 2507 relictam
3919 2441 4122 2507 fuisse
4154 2442 4223 2506 in
4260 2441 4397 2507 suis
4440 2443 4619 2527 agris

2682 2538 2864 2595 trans
2921 2526 3304 2604 Iordanem,
3374 2545 3576 2610 quum
3643 2526 3756 2591 alii
3811 2526 3895 2592 ad
3952 2527 4313 2612 gerendum
4370 2526 4618 2594 bellum

2684 2613 3087 2692 traiicerent,
3148 2631 3428 2695 aequum
3487 2618 3661 2691 erat,
3721 2631 3920 2695 quum
3975 2613 4047 2677 in
4101 2613 4232 2680 otio
4284 2632 4431 2679 cum
4474 2614 4619 2681 suis

2681 2699 2947 2766 familiis
2997 2698 3351 2775 vixissent,
3412 2697 3519 2763 vel
3573 2705 3833 2763 tantum
3886 2698 4179 2782 occupati
4224 2697 4504 2765 fuissent
4544 2701 4619 2765 in

2683 2783 3051 2852 domesticis
3118 2782 3432 2867 negotiis,
3500 2789 3836 2849 contentos
3897 2805 4040 2850 esse
4107 2805 4224 2851 suo
4284 2785 4460 2850 victu
4476 2836 4492 2864 ,
4552 2797 4622 2851 et

2680 2872 2898 2938 fructu
2954 2888 3222 2935 suorum
3284 2867 3599 2933 laborum
3686 2868 3778 2934 Et
3831 2878 4005 2935 certe
4057 2868 4353 2952 improbe
4393 2879 4619 2954 postu-

2681 2957 2925 3023 lassent
2959 2953 3084 3022 sibi
3117 2952 3469 3037 quidquam
3513 2972 3597 3018 ex
3640 2954 3882 3038 praeda
3922 2963 3989 3020 et
4031 2955 4251 3037 spoliis
4295 2954 4617 3036 distribui,

2678 3063 2879 3127 quum
2927 3040 3216 3107 omnium
3259 3038 3707 3107 molestiarum
3749 3047 3818 3105 et
3858 3040 4293 3124 periculorum
4327 3041 4622 3108 ,fuissent

2681 3134 2998 3212 expertes.
3090 3125 3347 3192 Verum
3409 3122 3603 3190 Iosue
3666 3145 3797 3190 non
3855 3126 3934 3201 ,in
3998 3147 4255 3193 summo
4315 3126 4459 3192 iure
4511 3127 4619 3193 in-

2680 3214 2885 3280 sistit:
2970 3209 3087 3277 sed
3151 3210 3392 3276 milites
3464 3210 3793 3289 hortatur,
3865 3219 3942 3277 ut
4012 3210 4369 3278 liberaliter
4438 3213 4622 3297 ipsos

2679 3297 2960 3384 praedae
3014 3316 3168 3362 suae
3227 3295 3573 3379 participes
3626 3295 3887 3363 faciant.
3970 3296 4101 3363 Hic
4153 3298 4622 3381 intempestive

2682 3383 3002 3468 quispiam
3025 3380 3332 3465 disputet,
3366 3381 3654 3447 fueritne
3677 3382 4043 3449 communis
4079 3382 4343 3465 praeda.
4385 3383 4621 3468 Neque

2682 3470 2861 3571 enim
2911 3467 3295 3551 simpliciter
3349 3466 3739 3550 pronunciat
3781 3467 3972 3534 Iosue
4030 3467 4255 3568 deberi
4304 3469 4488 3571 quod.
4521 3471 4623 3536 in-

2681 3551 4624 3724 Ἐὲἰῗέηέἓῖἵὲἱῖωεοῖἶῖἓὲῗιῖᾌᾚῌῗᾈὲῗῆἰῗὲἒὲιὲῖ

2680 3735 2750 3794 et
2813 3724 3085 3792 benefici
3152 3743 3310 3808 erga
3368 3724 3637 3789 fratres:
3688 3725 4072 3808 praesertim
4125 3726 4278 3808 quia
4331 3746 4452 3810 per
4507 3748 4624 3793 eos

2681 3834 2815 3878 non
2878 3818 3179 3889 steterat,
3247 3808 3597 3893 quominus
3665 3809 3747 3874 ad
3805 3807 4075 3875 eandem
4130 3809 4621 3894 expeditionem

2683 3919 2751 3965 se
2796 3896 3229 3980 accingerent.
3289 3894 3641 3961 Caeterum
3676 3916 3875 3978 quum
3914 3895 4094 3961 iubet
4127 3893 4441 3977 dividere,
4486 3919 4621 3964 non

2681 3983 2936 4068 flagitat
2977 4001 3250 4064 aequam
3296 3979 3710 4064 partitionem
3726 4031 3743 4061 ,
3791 3980 4000 4064 qualis
4044 3982 4185 4047 fieri
4230 3981 4397 4048 solet
4439 3983 4625 4049 inter

2682 4067 2891 4136 socios
2947 4075 3013 4133 et
3069 4086 3293 4150 pares:
3355 4066 3469 4132 sed
3514 4065 3757 4149 aliquid
3804 4066 4137 4151 erogando
4181 4067 4413 4134 tollere
4449 4068 4622 4136 invi-

2684 4154 2828 4220 diae
2871 4163 2939 4219 et
2981 4150 3113 4217 odii
3156 4151 3515 4218 materiam.

2852 4324 2952 4389 10.
3007 4321 3405 4390 'Devenerunt
3456 4326 3662 4388 autem
3721 4321 3808 4387 ad
3859 4321 4094 4388 limites
4151 4319 4458 4390 Iordanis
4508 4326 4626 4408 qui

2684 4416 2860 4477 erant
2896 4411 2970 4475 in
3010 4413 3182 4474 terra
3219 4405 3541 4486 Chanaan,
3588 4412 3643 4471 et
3685 4407 4168 4489 aedificaverunt
4204 4407 4333 4490 filii
4377 4409 4625 4491 Ruben,

2684 4495 2884 4648 w
2842 4491 4400 4662 mtmwmmw
4414 4496 4630 4648 ..mm

2680 4667 2807 4750 ficii
2844 4630 3052 4732 Israe’l
3083 4663 3244 4730 dici.-
3279 4662 3438 4731 Ecce
3478 4664 3954 4745 aedificem-mat
3967 4663 4093 4746 filii
4117 4662 4355 4746 Buten,
4401 4672 4462 4732 et
4499 4668 4633 4750 fita·

2691 4752 2859 4833 Gad,
2904 4755 2960 4818 et
2978 4749 3248 4817 dionidia
3285 4748 3485 4814 tribus
3508 4747 3801 4816 Menasse
3831 4751 4033 4817 altare
4066 4770 4100 4815 e
4131 4751 4380 4834 reyione
4422 4758 4632 4821 terrae

2692 4837 2992 4904 OEiamaan
3049 4839 3120 4901 in
3171 4833 3513 4916 confinibus
3548 4834 3848 4901 Iordanis
3898 4836 3970 4901 in
4024 4837 4302 4901 transitu
4337 4835 4632 4919 filiorum

2692 4922 2914 4990 Israel.
2985 4921 3084 4987 12.
3129 4920 3508 5000 Audio-runt,
3556 4921 3834 5004 inquom,
3873 4920 4001 5004 filii
4044 4920 4270 5002 Israel,
4313 4927 4372 4988 et
4415 4943 4629 4992 conve-

2686 5014 2908 5077 nerunt
2972 5009 3305 5074 universus
3357 5010 3559 5073 coetus
3608 5006 3885 5088 filiorum
3940 5005 4148 5073 Israel
4202 5008 4274 5072 in
4339 5006 4504 5091 Silo,
4558 5017 4636 5076 ut

2689 5095 3083 5164 ascenderent
3140 5097 3352 5160 contra
3418 5111 3520 5158 eos
3590 5093 3678 5158 ad
3912 5112 4034 5159 am.
4133 5092 4233 5159 13.
4304 5091 4632 5162 Miserunt

2689 5187 2897 5248 autem
2941 5178 3069 5262 filii
3112 5177 3319 5245 Israel
3371 5178 3458 5244 ad
3509 5176 3682 5260 filios
3724 5177 3792 5242 R
3958 5228 3974 5259 ,
4015 5182 4072 5243 et
4113 5178 4200 5244 ad
4236 5176 4411 5260 filios
4459 5181 4627 5262 aad,

2689 5271 2746 5334 et
2796 5267 2882 5333 ad
2934 5267 3267 5333 dionidiam
3318 5261 3547 5329 tribum
3591 5261 3915 5343 Menasse,
3974 5264 4327 5330 adterram
4376 5265 4627 5349 Gilead,

2696 5351 2959 5420 Phinees
3027 5350 3237 5434 silium
3299 5348 3580 5418 Eleazar
3636 5350 3992 5417 sacerdotis.
4100 5348 4200 5416 14.
4267 5348 4362 5417 Et
4424 5353 4629 5421 decem
