5017 6142
478 412 601 480 391

481 599 765 670 celebrat
807 600 1115 665 eximiam
1160 606 1371 665 terrae
1416 596 1921 667 foecunditatem
1965 601 2033 666 in
2078 620 2207 683 qua
2250 597 2427 664 habi-

485 688 690 753 taturi
755 693 947 751 erant
1009 686 1253 769 posteri
1316 684 1587 770 Ioseph:
1667 686 1900 753 deinde
1981 683 2428 751 testimonium

486 792 678 840 suum
725 772 1045 856 obsignat,
1097 772 1480 854 interposita
1525 773 1650 838 Dei
1695 772 2064 837 autoritate.
2154 769 2429 835 Terram

486 880 642 944 ergo
696 856 981 924 fertilem
1039 856 1170 922 illis
1229 858 1583 940 promittit,
1644 858 1723 923 ab
1783 855 2046 941 optimis
2100 855 2430 921 thesauris

490 943 680 1010 coeli:
722 957 843 1011 “tm
877 943 1049 1009 enim
1086 943 1405 1026 optimum
1442 943 1743 1027 quodque
1780 954 1847 1007 et
1890 941 2428 1026 pretiosissimum

488 1030 830 1114 significat.
910 1028 1140 1112 Itaque
1184 1026 1356 1111 quod
1397 1028 1651 1094 fructus
1695 1026 1961 1113 quidam
2006 1027 2430 1102 transferunt,

490 1115 654 1181 mihi
712 1135 845 1180 non
902 1114 1149 1198 placet,
1205 1134 1578 1197 quanquam
1623 1114 1841 1180 nescio
1886 1134 1973 1178 an
2016 1111 2097 1178 de
2141 1111 2433 1178 bonitate

490 1200 654 1268 coeli
709 1199 1012 1284 loquatur
1070 1200 1319 1277 Moses,
1386 1218 1470 1264 an
1535 1220 1691 1267 vero
1749 1198 1877 1265 Dei
1943 1198 2432 1265 beneficentiam

493 1285 929 1365 commendet,
986 1283 1157 1368 quod
1216 1285 1537 1367 posterius
1593 1285 1857 1351 videtur
1913 1282 2233 1367 quadrare
2289 1303 2435 1348 con-

494 1371 737 1450 textui,
797 1371 908 1437 ubi
965 1380 1238 1435 externa
1286 1370 1640 1437 fertilitatis
1695 1369 1910 1436 media
1952 1378 2432 1447 commemorat,

493 1478 706 1524 rorem
744 1466 812 1522 et
846 1457 1185 1542 abyssum:
1230 1476 1360 1540 qua
1395 1475 1552 1522 voce
1586 1455 1881 1541 intelligo
1917 1454 2194 1522 fundum
2229 1454 2435 1538 ipsius

494 1556 723 1609 terrae.
812 1543 1123 1608 Proximo
1168 1563 1365 1607 versu
1409 1542 1613 1607 fateor
1658 1542 1921 1607 nomine
1964 1554 2083 1609 'un
2124 1539 2434 1607 electissi-

492 1649 634 1695 mos
679 1648 964 1712 quosque
1007 1629 1258 1694 fructus
1292 1627 1607 1711 intelligi:
1652 1626 1765 1693 sed
1798 1626 2268 1710 significatione
2304 1645 2436 1689 non

494 1722 766 1779 mutata.
881 1713 1012 1779 Alii
1080 1722 1375 1778 vertunt:
1450 1712 1764 1779 Delitias:
1833 1712 1943 1778 alii
2009 1732 2130 1794 pro
2195 1710 2436 1776 eximia

492 1801 824 1866 fructuum
885 1798 1306 1879 excellentia,
1361 1819 1595 1865 suaves
1652 1800 1920 1865 fructus.
2023 1797 2160 1863 Cur
2216 1806 2434 1862 autem

494 1898 627 1953 ΨἾΣ.
690 1883 952 1967 quidam
1025 1884 1430 1949 influentiam
1498 1886 1929 1950 transferant:
2012 1904 2170 1947 non,
2227 1881 2433 1949 video·

495 1970 903 2036 Eiectionem
945 1970 1205 2052 proprie
1240 1970 1644 2053 singnificat:
1690 1968 1803 2036 sed
1841 1966 2283 2053 metaphorice
2319 1987 2436 2050 pro

495 2057 710 2121 fructu
745 2055 1000 2138 capitur
1034 2056 1144 2138 qui
1179 2076 1215 2119 e
1251 2065 1425 2120 terra
1458 2055 1751 2120 exoritur
1785 2064 1854 2120 et
1888 2054 2189 2137 erumpit.
2255 2051 2438 2133 Quos

498 2154 720 2207 tamen
764 2147 952 2206 vocet
994 2140 1242 2206 fructus
1287 2141 1441 2206 solis
1487 2149 1554 2206 et
1596 2142 1820 2219 lunae,
1872 2140 2039 2206 mihi
2085 2160 2217 2204 non
2276 2140 2436 2204 satis

497 2226 720 2309 liquet.
797 2225 969 2291 Nam
1013 2227 1183 2309 quod
1225 2226 1346 2291 soli
1391 2226 1652 2310 quidam
1697 2227 2036 2310 assignant
2077 2233 2436 2310 proventus

499 2334 581 2377 ex
634 2310 880 2377 satione
937 2320 1005 2376 et
1058 2310 1449 2378 vindemias:
1506 2312 1701 2377 lunae
1756 2333 1909 2378 vero
1964 2311 2328 2377 cucurbitos
2371 2316 2439 2374 et

498 2417 894 2475 cucumeres,
937 2399 1155 2463 nescio
1199 2418 1284 2463 an
1329 2398 1592 2462 firmum
1630 2397 1745 2461 sit:
1790 2396 2115 2463 rectiusne
2150 2396 2439 2463 sentiant

499 2483 608 2632 alili
651 2483 746 2547 ita
784 2484 997 2548 vocari
1045 2483 1238 2548 flores
1283 2484 1387 2549 vel
1423 2483 1675 2550 fructus
1713 2492 2082 2549 menstruos
2117 2481 2189 2546 in
2227 2479 2437 2546 medio

498 2589 568 2633 re
597 2588 808 2649 inquo.

674 2651 774 2718 15.
821 2652 909 2717 Et
950 2652 1021 2718 ob
1068 2653 1526 2733 praestantiam
1582 2654 1943 2719 cacuminis.

503 2737 690 2805 docet
734 2739 982 2803 nullam
1028 2745 1239 2803 terrae
1284 2748 1537 2821 partem
1591 2739 1726 2804 fore
1782 2739 2091 2804 sterilem.
2180 2736 2440 2803 Scimus

500 2824 838 2891 cacumina
894 2825 1216 2889 montium
1273 2833 1351 2888 ut
1404 2824 1757 2906 plurimum
1816 2845 1957 2890 esse
2001 2821 2187 2889 arida
2229 2831 2297 2888 et
2339 2822 2438 2886 in·

499 2909 702 2976 culta:
763 2909 873 2974 vel
918 2907 1147 2973 saltem
1190 2918 1451 2991 praeter
1493 2909 1752 2975 arbores
1807 2910 2226 2994 infrugiferas
2272 2906 2438 2972 nihil

500 2994 810 3079 proferre.
912 2995 1116 3077 Atqui
1172 2995 1393 3060 Moses
1452 2994 1584 3060 illic
1641 3016 1893 3079 quoque
1949 2995 2231 3079 optimos
2290 3013 2437 3076 pro-

501 3095 738 3146 ventus
780 3080 919 3145 fore
978 3082 1290 3145 affirmat:
1351 3099 1479 3163 qua
1536 3082 1786 3146 ratione
1845 3079 1945 3167 (ut
1995 3101 2115 3163 ego
2176 3078 2439 3163 quidem

500 3164 756 3251 censeo)
802 3166 1061 3232 Montes
1107 3167 1438 3250 antiquos,
1495 3175 1559 3232 et
1602 3166 1797 3232 colles
1840 3166 2080 3233 saeculi
2124 3166 2437 3243 nominat,

499 3253 681 3336 quasi
741 3250 1199 3317 nobilissimos:
1268 3273 1479 3335 neque
1540 3253 1715 3318 enim
1767 3251 2074 3318 laudatur
2130 3259 2438 3329 vetustas,

502 3358 576 3404 ac
611 3339 668 3404 si
702 3346 855 3402 ante
889 3336 1209 3420 reliquum
1248 3337 1467 3403 orbem
1505 3338 1708 3403 creati
1743 3346 1984 3404 essent:
2023 3337 2138 3403 sed
2172 3336 2439 3401 honoris

500 3443 696 3489 causa
730 3434 984 3487 montes
1019 3430 1371 3489 censentur
1406 3423 1589 3506 quasi
1625 3424 2064 3508 primogeniti,
2108 3424 2174 3488 in
2207 3420 2441 3506 quibus

501 3508 745 3574 eminet
789 3508 916 3574 Dei
962 3507 1338 3573 benedicti0.
1430 3506 1541 3575 Sic
1597 3508 1670 3573 in
1725 3508 2172 3575 benedictione
2216 3506 2439 3572 Iacob:

500 3594 727 3676 Usque
763 3592 846 3657 ad
892 3594 1368 3659 extremitatem
1415 3594 1676 3661 collium
1723 3594 1996 3673 saeculi,
2042 3594 2225 3678 quasi
2269 3591 2441 3659 dice-

501 3689 635 3758 ret,
678 3679 748 3743 in
792 3678 922 3744 illis
965 3678 1402 3744 celeberrimis
1447 3681 1773 3745 montibus
1815 3681 2076 3746 nullum
2121 3679 2439 3764 angulum

503 3763 823 3830 ubertatis
878 3764 1016 3829 fore
1073 3776 1421 3848 expertem.
1511 3765 1823 3831 Proximo
1882 3787 2082 3832 versu
2141 3764 2315 3849 quod
2359 3764 2439 3831 de

503 3849 833 3916 montibus
876 3849 1161 3928 dixerat,
1220 3851 1615 3934 generaliter
1659 3851 1744 3918 ad
1789 3861 1989 3919 totam
2038 3862 2279 3918 terram
2326 3872 2441 3916 ex-

503 3934 730 4001 tendit.
823 3933 1016 4015 Quod
1069 3944 1296 4019 postea
1347 3937 1610 4019 quidam
1665 3945 1965 4004 vertunt:
2047 3936 2152 4003 Ob
2210 3936 2440 4004 volun-

504 4031 705 4088 tatem
750 4021 1138 4087 habitatoris
1193 4022 1341 4088 rubi
1386 4023 1610 4088 veniet
1667 4022 2058 4104 benedictio,
2115 4030 2440 4088 remotum

505 4117 604 4173 est
649 4127 689 4172 a
729 4128 925 4174 sensu
969 4108 1204 4173 Mosis:
1262 4108 1429 4173 alius
1485 4128 1754 4192 prorsus
1808 4108 2112 4175 barbare:
2157 4105 2262 4173 Ob
2304 4106 2441 4189 pie·

505 4204 727 4258 tatem.
817 4193 960 4277 Ego
1015 4214 1171 4259 vero
1228 4214 1466 4260 nomen
1509 4207 1664 4292 μετ-ι,
1718 4195 1791 4259 in
1847 4192 2230 4259 nominandi
2286 4211 2441 4258 casu

505 4280 789 4428 &situm
811 4299 952 4344 esse
987 4279 1293 4345 arbitror:
1331 4281 1482 4362 quia
1516 4280 1760 4364 optime
1796 4280 2117 4356 convenit,
2153 4277 2440 4344 favorem

576 4365 633 4429 ei
680 4373 1032 4430 venturum
1076 4386 1216 4430 esse
1258 4385 1454 4448 super
1510 4376 1703 4449 caput
1745 4365 2001 4448 Ioseph.
2089 4364 2440 4446 Postquam

505 4450 683 4516 enim
705 4451 844 4517 eius
881 4451 1372 4517 beneficentiam
1407 4450 1701 4517 laudavit
1721 4451 1958 4529 Moses,
1995 4470 2173 4516 nuno
2194 4449 2443 4516 fontem

506 4538 725 4620 ipsum
790 4537 894 4602 vel
960 4555 1218 4603 causam
1287 4536 1613 4621 designat,
1694 4557 1858 4621 quae
1924 4535 2166 4600 eximia
2229 4544 2443 4601 terrae

506 4624 772 4689 ubertas
815 4622 1086 4687 effectus
1135 4621 1266 4687 fuit
1323 4624 1591 4705 gratuiti
1635 4620 1762 4687 Dei
1818 4621 2084 4688 favoris.
2174 4619 2443 4704 Optime

506 4707 901 4790 respondent
950 4708 1147 4773 verba
1196 4707 1415 4774 Iacob:
1464 4710 1525 4773 A
1573 4708 1713 4773 Deo
1752 4710 1958 4793 patris
2002 4709 2132 4786 tui,
2179 4705 2443 4792 (inquit)

506 4803 571 4859 et
617 4793 699 4858 ab
742 4794 1215 4876 omnipotente,
1274 4802 1340 4859 et
1381 4792 1492 4860 ubi
1530 4795 1725 4858 etiam
1762 4794 2032 4878 exposui
2065 4815 2182 4861 cur
2204 4791 2443 4876 Ioseph

507 4879 762 4945 dicatur
793 4879 1162 4945 Nazaraeus
1205 4880 1377 4944 inter
1421 4880 1675 4945 fratres
1742 4880 1884 4946 Iam
1932 4878 2103 4964 quod
2130 4902 2444 4963 περιφρα-

507 4969 726 5037 στικῶς
788 4973 1059 5032 vocatur
1100 4965 1282 5031 Deus
1340 4964 1670 5030 habitator
1734 4967 1908 5047 rubi,
1974 4964 2055 5031 ad
2119 4966 2443 5031 visionem

508 5059 760 5135 spectat
788 5070 952 5135 quae
995 5051 1171 5118 Mosi
1204 5051 1274 5116 in
1308 5060 1531 5116 monte
1568 5048 1753 5117 Sinai
1797 5052 2011 5119 oblata
2047 5051 2191 5117 fuit.
2262 5052 2444 5117 Deus

507 5139 685 5202 enim
742 5145 898 5202 tunc
954 5136 1236 5203 secundo
1291 5136 1594 5219 apparuit
1648 5137 1870 5222 populi
1927 5138 2030 5206 sui
2073 5137 2445 5221 redemptor

506 5234 572 5289 et
616 5230 817 5306 pater,
864 5243 946 5288 ex
989 5243 1118 5305 quo
1159 5221 1387 5289 foedus
1431 5223 1767 5308 pepigerat
1809 5245 1958 5291 cum
1997 5223 2335 5291 Abraham
2380 5231 2445 5287 et

505 5309 719 5375 Iacob.
807 5307 885 5373 Id
931 5328 1083 5374 vero
1130 5307 1212 5375 ad
1256 5310 1811 5376 confirmationem
1875 5310 2076 5377 valet:
2129 5330 2205 5376 ac
2246 5310 2299 5377 si
2345 5308 2438 5376 di-

2032 2652 2161 2717 His
2216 2649 2439 2718 verbis

1892 408 2298 477 Rnnrrus
2341 408 2473 476 AD
2515 406 3059 512 ffls'rofflm.

4343 406 4482 474 392

2531 604 2726 678 ceret,
2767 597 3047 664 eundem
3094 596 3309 664 Deum
3354 597 3466 681 qui
3507 596 3661 662 olim
3707 595 4038 662 benedixit
4079 596 4319 681 Ioseph
4360 617 4478 663 ore

2532 682 2706 750 servi
2748 683 2853 749 sui
2895 682 3106 763 Iacob,
3151 702 3331 749 nunc
3370 682 3544 750 idem
3582 682 3960 749 vaticinium
3997 690 4309 766 repetere,
4345 702 4479 766 quo

2533 769 2773 835 certior
2814 770 2902 836 sit
2945 771 3088 835 eius
3131 768 3311 835 fides.

2707 854 2807 920 17.
2858 853 3284 939 Primoyeniti.
3355 852 3637 921 Sensum
3674 855 4029 922 obscurant
4061 853 4476 937 interpretes„

2537 939 2875 1006 vertendo:
2924 941 3407 1026 Primogenitus
3465 941 3537 1004 in
3593 940 3997 1007 nominativo
4041 959 4213 1006 casu.
4300 939 4477 1006 Mihi

2537 1047 2690 1093 vero
2735 1024 3002 1091 dubium
3048 1048 3178 1092 non
3221 1033 3322 1092 est
3354 1026 3512 1108 quin
3549 1024 3842 1092 decorem
3864 1025 4010 1090 Iose
4061 1026 4108 1090 h
4142 1034 4480 1109 comparet

2538 1112 2971 1196 magnitudini
3009 1112 3486 1195 pulcherrimae
3528 1111 3747 1178 bovis:
3794 1132 3869 1177 ac
3906 1113 3963 1177 si
4000 1046 4276 1177 diceret:
4320 1110 4482 1177 Pul-

2536 1197 2837 1263 chritudo
2880 1199 3048 1276 eius,
3104 1205 3417 1280 tanquam
3457 1196 3654 1263 boum
3699 1197 3814 1281 qui
3869 1196 4276 1263 selectissimi
4318 1205 4482 1261 sunt

2538 1284 2608 1348 in
2654 1283 2792 1349 eius
2850 1284 3192 1349 armentis:
3253 1292 3428 1349 certe
3482 1282 3995 1368 primogenitum
4049 1303 4167 1368 pro
4207 1282 4478 1366 egregio

2538 1369 2693 1453 poni
2738 1362 2912 1436 r'ecte
2954 1370 3282 1436 convenit.
3369 1368 3552 1435 Dicit
3607 1389 3763 1453 ergo
3821 1368 4040 1433 nullos
4084 1367 4358 1451 reperiri
4401 1368 4476 1432 in

2540 1464 2719 1521 terra
2762 1455 3003 1538 Ioseph
3046 1454 3452 1539 pulchriores
3496 1454 3725 1534 boves,
3783 1454 3888 1521 vel
3944 1454 4156 1538 magis
4211 1452 4479 1520 decoros

2539 1560 2732 1624 quam
2769 1541 2857 1606 sit
2890 1542 3028 1624 ipse
3063 1541 3363 1625 populus.
3423 1540 3702 1606 Formae
3737 1540 3934 1605 etiam
3972 1540 4167 1605 robur
4201 1548 4270 1604 et
4301 1539 4484 1605 vires

2540 1626 2856 1711 adiungit,
2903 1637 2975 1691 ut
3008 1638 3234 1692 contra
3270 1626 3488 1692 hostes
3523 1626 3844 1708 quoslibet
3876 1625 4162 1692 invictus
4196 1632 4480 1690 maneat.

2538 1711 2623 1777 In
2666 1714 2796 1778 fine
2841 1732 3072 1777 versus
3116 1710 3216 1798 (ut
3258 1721 3450 1777 antea
3493 1710 3826 1797 admonui)
3870 1710 4264 1794 pronunciat
4305 1709 4480 1793 quod

2540 1796 2858 1864 hactenus
2902 1798 3290 1864 vaticinatus
3334 1807 3434 1862 est
3492 1796 3573 1862 de
3614 1795 3887 1881 Ioseph,
3946 1817 4288 1863 commune
4339 1797 4482 1860 fore

2541 1882 2791 1949 duabus
2833 1883 3093 1950 familiis
3137 1882 3454 1966 Ephraim
3499 1890 3567 1947 et
3600 1882 3925 1948 Manasse.
4014 1882 4278 1948 Interea
4318 1901 4487 1946 vero

2541 1970 2881 2035 confirmat
2924 1971 3318 2035 sententiam
3362 1967 3574 2048 Iacob,
3620 1989 3746 2051 qua
3787 1969 4105 2052 Ephraim
4152 1977 4312 2033 natu
4354 1967 4480 2031 mi·

2542 2075 2767 2120 norem
2823 2055 3223 2138 praetulerat
3276 2054 3526 2119 maiori.
3630 2053 3786 2119 Ideo
3844 2053 4160 2120 chiliadas
4218 2053 4497 2118 tantum‘

2543 2141 2848 2206 Manasse
2906 2149 3227 2206 recenset:
3281 2139 3602 2222 Ephraim
3663 2160 3819 2206 vero
3878 2138 4238 2224 myriadas,
4297 2139 4485 2205 cuius

2544 2226 2640 2290 rei
2684 2224 3143 2292 documentum
3189 2227 3320 2291 iam
3368 2224 3657 2290 ediderat
3702 2227 3880 2291 Deus
3923 2226 3993 2291 in
4038 2246 4239 2292 censu
4297 2223 4488 2291 cuius

2543 2312 2718 2377 facta
2771 2311 2899 2376 fuit
2958 2312 3234 2392 mentia,
3292 2311 3363 2376 in
3420 2332 3545 2394 quo
3604 2309 3814 2377 tribus
3857 2311 4181 2395 Ephraim
4224 2320 4493 2394 reperta

2544 2396 2669 2462 fuit
2714 2396 3101 2481 populosior.

3063 2737 3193 2802 EX
3235 2735 3564 2803 EODEM
3612 2736 3969 2806 OAPITE.

2718 2908 2818 2973 18.
2863 2906 2952 2972 Et
2982 2907 3112 2990 ipsi
3147 2907 3422 2974 Zabulon
3455 2908 3649 2973 dixit.-
3682 2908 3949 2974 Laetare
3984 2908 4251 2975 Zabulon
4294 2929 4491 2992 qnam

2544 2993 2895 3078 cyredicriS,
2939 2998 2995 3059 ct
3037 2993 3341 3059 Issachar
3379 2995 3448 3059 in
3491 2993 3914 3060 tabernaculis
3956 2996 4100 3062 tuis.
4195 2995 4290 3060 19.
4357 2993 4485 3059 Po-

2533 3079 3179 3246 &grimm
3203 3079 3532 3248 m*
3547 3079 4492 3251 aft‘dt‘ffafffffflffygt·

2541 3255 2598 3316 ct
2638 3250 2780 3315 tecti
2834 3213 3399 3317 thesauri'arenac.
3488 3250 3590 3315 20.
3657 3248 3744 3316 Et
3801 3251 3885 3316 ad
3932 3251 4080 3319 Gad
4119 3252 4313 3318 dixit.-
4358 3213 4490 3317 Bel

2543 3336 2826 3402 nedictus
2866 3336 2978 3418 qui
3019 3335 3291 3402 dilatare
3326 3336 3470 3417 fecit
3518 3335 3695 3402 Gad:
3735 3337 3897 3403 sicut
3937 3337 4028 3403 leo
4071 3337 4384 3415 habitabit,
4426 3341 4488 3402 ct

2544 3422 2752 3503 rapiet
2798 3420 3122 3487 brachium
3178 3426 3362 3504 atquc
3411 3422 3707 3488 verticem.
3796 3423 3900 3488 21.
3966 3422 4058 3489 Et
4101 3425 4261 3489 vidit
4292 3424 4488 3505 prin·

2544 3508 2780 3588 cipiam
2819 3506 2946 3573 sibi
2960 3557 2976 3588 ,
3032 3508 3194 3590 qnod
3235 3507 3367 3574 illic
3396 3508 3604 3588 portio
3664 3508 4037 3592 lcyislatoris
4076 3514 4246 3588 tecta,
4289 3509 4490 3575 veniet-

2545 3597 2753 3658 aatem
2794 3611 2932 3657 cum
2962 3592 3320 3676 pricipibus
3349 3594 3605 3676 populi.-
3657 3594 3970 3660 iustitiam
4012 3594 4240 3662 Ichova
4280 3595 4490 3678 facici,

2545 3684 2602 3745 ct
2653 3678 2899 3744 iudicia
2953 3680 3093 3745 eins
3144 3698 3285 3744 cum
3326 3677 3586 3744 Israele.
3676 3680 3778 3746 22.
3845 3679 3935 3745 Et
3966 3682 4053 3748 ad
4093 3681 4250 3748 Dan
4287 3681 4487 3746 dixit.-

2545 3763 2701 3830 Dan
2731 3768 2802 3829 ut
2825 3764 3072 3831 catulus
3103 3763 3298 3831 lconis
3331 3764 3584 3831 saltabit
3604 3785 3637 3831 c
3671 3764 3916 3832 Basan.
3985 3767 4086 3832 23.
4147 3765 4236 3832 Et
4271 3765 4490 3848 Neph-

2546 3849 2702 3917 thali
2757 3849 2948 3915 dixit.-
3012 3849 3064 3917 O
3125 3849 3464 3933 Ncphthali
3516 3855 3700 3917 satur
3752 3851 4149 3934 beneplacita,
4208 3858 4266 3918 et
4305 3851 4490 3934 plene

2545 3936 2755 4002 bencd'
2811 3936 2948 4001 ione
2989 3934 3283 4014 Iehcvae,
3328 3936 3695 4002 occidentem
3740 3942 3798 4004 et
3849 3939 4171 4005 meridiem
4215 3938 4492 4022 posside.

2546 4021 2649 4087 24.
2710 3940 2810 4086 ὅ
2855 4022 3026 4088 Aser
3067 4022 3263 4120 dixit.-
3306 4019 3685 4121 Bencdictus
3714 4043 3878 4123 prae
3915 4024 4077 4123 filiis
4117 4026 4319 4100 Aser,
4365 4023 4491 4089 crit

2547 4107 2942 4191 beneplacens
3024 4107 3301 4174 ratribus
3354 4127 3519 4187 sats,
3578 4113 3634 4173 et
3681 4114 3922 4193 tinqcns
3976 4130 4048 4175 m
4090 4111 4219 4177 oleo
4263 4109 4492 4192 pedem

2545 4213 2749 4260 sunm.
2816 4193 2919 4259 25.
3040 4213 3254 4259 crrum
3293 4197 3348 4259 ct
3391 4213 3519 4272 aea,
3564 4193 3967 4261 calceamenta
4010 4199 4122 4261 tna
4147 4194 4190 4282 ¹)
4231 4202 4286 4261 et
4327 4196 4496 4262 sicut

2547 4280 2684 4346 dics
2723 4279 2819 4345 tui
2857 4280 3154 4361 fortitudo
3197 4284 3326 4345 tua.

2720 4451 2821 4517 18.
2880 4449 2969 4515 Et
3009 4451 3140 4531 ipsi
3174 4449 3459 4515 Zabulon.
3526 4451 3710 4516 Duas
3754 4450 3965 4518 tribus
4001 4452 4174 4518 inter
4208 4473 4278 4518 se
4311 4472 4490 4519 com-

2544 4548 2765 4621 parat,
2825 4535 2994 4620 quod
3038 4535 3197 4602 locis
3257 4536 3542 4615 vicinae,
3603 4537 3882 4603 multum
3934 4546 4156 4603 tamen
4199 4540 4374 4604 inter
4416 4560 4496 4605 se

2548 4631 2771 4689 essent
2805 4621 3176 4687 dissimiles:
3213 4622 3418 4688 altera
3440 4624 3616 4687 enim
3637 4623 4059 4708 negotiationi
4083 4623 4318 4704 dedita,
4357 4622 4491 4690 fre-

2547 4717 2819 4791 quentes
2852 4707 2981 4773 huc
3017 4716 3081 4773 et
3117 4708 3273 4775 illuc
3310 4707 3590 4775 habebat
3634 4729 3963 4793 egressus:
4010 4709 4283 4776 alteram
4329 4730 4496 4775 vero

2546 4793 2755 4878 magis
2799 4792 3163 4861 delectabat
3204 4795 3407 4861 otium
3450 4805 3517 4861 et
3559 4795 3759 4879 quies.
3817 4794 4003 4862 Haec
4045 4804 4178 4861 tam
4225 4796 4494 4862 diversa

2549 4879 2832 4947 conditio
2877 4888 3175 4958 notatur,
3238 4881 3346 4947 ubi
3391 4880 3567 4948 iubet
3610 4881 3902 4947 Zebulon
3962 4881 4191 4948 laetari
4237 4884 4305 4947 in
4348 4882 4494 4948 suis

2550 4963 3095 5050 expeditionibus:
3154 4965 3459 5034 Issachar
3516 4987 3670 5034 vero
3715 4967 3783 5032 in
3845 4967 4198 5035 domestica
4252 4968 4496 5052 quiete.

2723 5186 2778 5257 1)
2828 5187 2905 5242 In
2950 5191 3225 5258 maryine:
3282 5190 3397 5256 vel,
3451 5205 3602 5243 serae
3636 5196 3778 5244 tuae.
3870 5189 4002 5246 Non
4048 5194 4228 5246 tamen
4278 5192 4340 5244 in
4374 5189 4500 5244 edi·

2547 5257 2693 5311 tione
2736 5258 3001 5326 principe.
3079 5257 3273 5312 Gallus
3317 5258 3476 5315 habet
3508 5260 3571 5313 in
3616 5264 3790 5315 textu:
3837 5258 3918 5313 Ta
3964 5260 4201 5315 closture
4248 5262 4308 5314 in
4341 5275 4498 5314 mar-

2545 5325 2695 5396 gine:
2744 5343 2829 5393 ou,
2863 5326 3168 5383 chaussure.
