5017 6142
404 493 415 500 ,
470 421 558 489 29

478 612 760 679 sacrifici
783 620 1167 691 exonerent,
1203 610 1391 696 quasi
1471 620 1694 679 eccata
1729 631 1849 676 sua
1883 610 2051 676 clam
2074 607 2427 676 vomendo:

476 696 595 764 sed
659 718 789 781 qua
853 719 923 763 se
990 706 1351 781 agnoscant
1470 697 1532 763 ei
1594 695 1834 763 iudicio
1893 717 2036 762 esse
2092 693 2427 761 obnoxios.

480 782 861 867 Opponitur
940 792 1162 849 autem
1219 783 1542 851 confessio
1608 784 1767 849 haec
1832 791 1967 847 tam
2034 781 2433 864 obstreperis

480 869 905 954 querimoniis
946 869 1335 953 impiorum,
1395 890 1591 952 quam
1649 868 2078 952 subterfugiis
2122 877 2190 931 et
2232 867 2433 951 tergi·-

482 955 987 1022 versationibus.
1077 956 1243 1021 Eius
1301 955 1677 1038 exemplum
1730 953 2154 1019 memorabile
2217 963 2318 1017 est
2362 954 2434 1016 in

483 1040 758 1120 Davide,
804 1042 916 1125 qui
961 1040 1417 1126 obiurgatione
1462 1040 1817 1125 prophetae
1852 1039 2123 1105 Nathan
2164 1039 2433 1115 fractus,

483 1128 768 1211 ingenue
819 1128 1068 1193 fatetur
1119 1148 1191 1192 se
1246 1148 1550 1212 peccasse
1595 1127 1738 1193 Deo
1795 1122 1881 1210 (2.
1924 1123 2105 1191 Sam.
2153 1125 2255 1204 12,
2303 1122 2433 1223 13).

483 1212 566 1278 In
610 1222 873 1297 patrum
935 1212 1203 1278 nomine
1262 1212 1584 1279 scelerum
1626 1210 2157 1296 magnitudinem
2201 1211 2435 1293 amph-

488 1301 671 1375 ficat,
740 1300 892 1382 quia
958 1319 1090 1364 non
1149 1299 1522 1364 destiterint
1582 1299 1778 1381 longa
1839 1308 2207 1380 temporum
2263 1296 2436 1361 serie

484 1405 874 1453 coacervare
905 1393 1204 1468 peccata:
1242 1404 1318 1450 ao
1341 1386 1395 1449 si
1422 1395 1641 1467 patres
1675 1404 1826 1450 cum
1856 1383 2008 1448 filiis
2045 1390 2112 1447 et
2134 1383 2254 1447 filii
2287 1403 2433 1447 cum

484 1469 831 1553 nepotibus
874 1472 1375 1554 conspirassent.
1443 1469 1586 1535 Iam
1631 1490 1829 1553 quum
1876 1469 2059 1534 Deus
2103 1468 2314 1533 iustus
2349 1468 2437 1533 sit

483 1556 734 1622 vindex
787 1557 858 1622 in
921 1558 1180 1621 tertiam
1240 1565 1307 1621 et
1348 1564 1654 1638 quartam
1697 1575 1907 1638 usque
1952 1563 2255 1630 aetatem,
2305 1575 2434 1619 non

482 1642 730 1707 frustra
794 1641 1105 1708 iubentur
1170 1642 1556 1726 suppliciter
1619 1640 1953 1724 deprecari
2020 1641 2298 1723 posteri,
2360 1648 2437 1702 ut

483 1737 892 1795 contractum
951 1727 1206 1811 pridem
1264 1734 1522 1793 reatum
1577 1725 1762 1793 Deus
1822 1726 2137 1791 remittat.
2239 1723 2435 1791 Unde

486 1815 682 1880 etiam
750 1814 1147 1898 perspicitur
1219 1834 1415 1898 quam
1470 1833 1703 1896 parum
1762 1812 1844 1877 ad
1898 1811 2069 1879 filios
2122 1809 2434 1878 levandos

485 1901 713 1975 valeat,
749 1908 1015 1984 patrum
1057 1900 1374 1977 imitatio,
1432 1920 1562 1983 qua
1617 1897 1917 1964 videmus
1973 1896 2160 1963 reddi
2218 1897 2435 1961 minus

486 1986 922 2053 excusabiles:
982 1993 1243 2051 tantum
1302 1985 1487 2051 abest
1542 1995 1618 2049 ut
1662 1983 1844 2049 Deus
1900 1983 2209 2049 frivolum
2265 1982 2435 2048 illud

482 2072 921 2156 patrocinium
987 2071 1305 2137 admittat.
1410 2069 1699 2136 Additur
1759 2069 2283 2145 circumstantia,
2362 2076 2438 2134 ut

483 2158 1090 2242 transgressionum
1134 2157 1449 2241 gravitati
1494 2156 1819 2222 confessio
1864 2155 2287 2239 respondeat,
2349 2175 2435 2219 ne

484 2243 654 2310 levis
697 2244 785 2310 sit
819 2264 895 2309 ac
939 2241 1362 2309 defunctoria.
1454 2241 1624 2306 Nam
1673 2242 1973 2325 quamvis
2031 2239 2435 2325 hypocritae,

485 2328 597 2395 ubi
642 2330 924 2397 convicti
970 2339 1155 2405 sunt,
1212 2339 1283 2394 se
1326 2347 1628 2411 peccasse
1674 2348 1805 2392 non
1850 2336 2124 2410 negent,
2171 2324 2434 2391 fatendo

486 2423 707 2481 tamen
753 2416 1014 2498 culpam
1059 2423 1458 2489 extenuant,
1517 2433 1593 2478 ac
1650 2415 1705 2478 si
1766 2422 2021 2477 tantum
2068 2411 2433 2477 venialibus

485 2500 738 2568 delictis
783 2509 1006 2567 essent
1046 2499 1358 2566 obstricti.
1425 2498 1594 2564 Vult
1636 2500 1839 2583 igitur
1859 2497 2045 2564 Deus
2082 2497 2433 2581 qualitates

483 2588 660 2672 ipsas
701 2588 927 2654 venire
972 2589 1040 2650 in
1084 2588 1438 2652 rationem:
1486 2584 1659 2668 quod
1702 2584 1875 2651 idem
1912 2591 1980 2649 et
2025 2582 2105 2648 de
2139 2583 2430 2649 obstina-

486 2675 662 2737 tione
684 2673 1023 2757 praecipit,
1048 2694 1132 2737 ne
1155 2672 1403 2738 scilicet
1437 2670 1856 2737 dissimulent
1890 2671 2160 2736 iteratas
2194 2669 2431 2733 merito

482 2759 689 2824 fuisse
731 2780 995 2843 poenas,
1041 2758 1192 2841 quia
1235 2757 1508 2823 fortuito
1553 2777 1702 2822 cum
1738 2758 1881 2822 Deo
1926 2754 2427 2821 ambulaverint.

484 2845 780 2911 Tandem
824 2854 899 2910 ut
943 2865 1100 2911 vera
1143 2843 1457 2924 probetur
1510 2842 1876 2919 conversio,
1946 2863 2062 2925 per
2119 2841 2428 2905 humilia·

484 2931 733 2997 tionem
777 2929 990 2996 cordis
1031 2929 1362 2996 simulatio
1418 2929 1631 2994 omnis
1680 2927 2090 2995 excluditur:
2157 2927 2429 3011 perinde

482 3017 657 3083 enim
703 3024 802 3082 est
845 3038 922 3083 ac
965 3016 1020 3082 si
1065 3036 1291 3080 eorum
1337 3035 1562 3099 preces
1605 3015 1787 3080 Deus
1831 3013 2162 3092 reiiceret,
2224 3011 2429 3079 donec

481 3104 740 3170 sincere
761 3110 827 3168 et
851 3124 935 3167 ex
958 3103 1175 3168 animo
1210 3100 1544 3167 humiliati
1578 3100 1843 3167 veniam
1878 3109 2124 3182 petant.
2185 3098 2426 3165 Humi-

478 3188 664 3254 liatio
717 3199 939 3254 autem
1001 3197 1138 3252 tam
1205 3188 1543 3253 securitati
1607 3206 1804 3270 quam
1859 3184 2305 3252 contumaciae
2360 3196 2428 3250 et

479 3275 824 3359 superbiae
866 3274 1253 3358 opponitur:
1311 3271 1637 3356 simulque
1694 3271 2025 3337 confertur
2083 3271 2425 3337 circumci-

478 3362 666 3441 sioni,
710 3360 867 3426 dum
911 3380 1023 3425 cor
1067 3366 1342 3427 vocatur
1373 3358 1905 3425 incircumcisum
1943 3365 2295 3440 antequam
2331 3357 2425 3420 ita

480 3446 801 3513 domitum
844 3448 1044 3512 fuerit
1087 3456 1155 3511 et
1194 3447 1264 3510 in
1311 3444 1608 3510 ordinem
1653 3454 1966 3510 coactum.
2056 3443 2227 3508 Nam
2271 3442 2426 3525 quia

477 3533 885 3600 circumcisio
932 3541 1086 3597 nota
1130 3530 1538 3598 discretionis
1573 3538 1715 3595 erat
1749 3530 1922 3594 inter
1945 3527 2072 3595 Dei
2107 3527 2422 3614 populum

478 3627 547 3683 et
590 3618 896 3702 profanas
950 3626 1215 3702 gentes,
1275 3615 1793 3700 regenerationis
1850 3636 2103 3699 quoque
2160 3616 2421 3697 signum

480 3724 626 3771 esse
669 3704 912 3771 debuit.
1002 3702 1228 3784 Quum
1269 3723 1427 3770 vero
1470 3702 1733 3781 Iudaei,
1775 3702 2077 3786 neglecta
2122 3700 2421 3777 veritate,

478 3798 743 3857 tantum
787 3791 859 3855 in
903 3797 1177 3855 externo
1214 3787 1512 3874 symbolo
1549 3788 1750 3854 stulte
1800 3798 1865 3853 et
1901 3806 2242 3871 perperam
2283 3787 2421 3870 glo-

477 3878 840 3957 riarentur,
917 3876 1136 3941 Moses
1212 3875 1427 3940 cordis
1506 3875 1921 3959 praeputium
2000 3871 2420 3958 exprobrans,

474 3962 775 4029 fallacem
819 3961 999 4026 illam
1044 3961 1425 4028 iactantiam
1471 3960 1727 4025 refellit.
1818 3958 1951 4039 Sic,
1997 3967 2164 4025 teste
2208 3957 2421 4025 Paulo

477 4047 696 4137 (Rom.
743 4048 804 4129 2,
848 4046 978 4135 25),
1024 4047 1155 4113 nisi
1198 4047 1326 4131 legi
1373 4047 1746 4125 obediatur,
1809 4044 2083 4110 literalis
2141 4045 2420 4112 circum-

476 4136 636 4203 cisio
695 4135 931 4202 frivola
987 4148 1123 4212 est,
1182 4153 1259 4198 ac
1314 4134 1593 4199 vertitur
1650 4131 1722 4196 in
1779 4132 2214 4214 praeputium.
2311 4131 2420 4197 Ita

475 4220 788 4305 perfidiae
823 4219 1162 4287 Israelitas
1197 4219 1534 4285 insimulat
1568 4218 1805 4295 Moses,
1854 4216 2024 4300 quod
2068 4216 2231 4283 falso
2267 4238 2417 4302 pro-

475 4309 791 4374 fiteantur
845 4327 915 4372 se
976 4326 1119 4372 esse
1174 4314 1477 4372 sanctum
1538 4305 1664 4370 Dei
1721 4303 2036 4389 populum
2056 4354 2070 4378 ,
2131 4302 2287 4369 dum
2346 4303 2416 4368 in

475 4392 670 4460 corde
711 4392 936 4458 sordes
979 4401 1045 4457 et
1087 4389 1571 4457 immunditiem
1615 4392 1822 4456 alunt.
1911 4390 2002 4454 Et
2061 4390 2418 4473 prophetae

475 4500 673 4562 saepe
713 4476 1111 4561 exprobrant
1165 4475 1332 4560 quod
1379 4477 1813 4543 incircumcisi
1856 4477 1992 4540 sint
2034 4475 2255 4550 corde,
2311 4475 2417 4540 vel

474 4564 776 4632 auribus:
816 4585 978 4647 quos
1018 4564 1316 4629 imitatus
1359 4570 1460 4630 est
1503 4561 1883 4647 Stephanus
1903 4560 2164 4647 (Ierem.
2212 4562 2272 4641 6,
2315 4562 2415 4628 10.

474 4653 632 4718 Eae.
678 4650 781 4729 44,
821 4650 879 4715 7.
928 4651 1072 4716 Act.
1119 4649 1178 4727 7,
1226 4648 1354 4737 51).
1444 4649 1573 4716 Ubi
1634 4649 1988 4715 vertimus:
2045 4647 2416 4729 Propitient

475 4760 672 4822 super
727 4736 1074 4819 iniquitate
1131 4756 1283 4813 sua,
1343 4735 1454 4801 alii
1509 4734 1706 4820 longe
1757 4733 2088 4799 diversum
2147 4754 2416 4800 sensum

475 4825 764 4890 eliciunt.
852 4822 1132 4887 Ponitur
1176 4842 1419 4887 nomen
1462 4834 1565 4917 3717,
1600 4820 1768 4903 quod
1816 4830 1955 4884 tam
1997 4819 2413 4903 iniquitatem

474 4931 670 4996 quam
713 4929 991 4994 poenam
1045 4908 1406 4992 significat,
1466 4919 1532 4972 et
1589 4907 1865 4972 verbum
1905 4919 2037 4974 ΠΒἻ
2084 4905 2258 4989 quod
2316 4916 2415 4971 est

474 4996 757 5080 expiare,
806 4993 910 5059 vel
953 5005 1220 5077 gratum
1264 4993 1522 5072 habere,
1569 4992 1671 5058 vel
1718 4992 1993 5075 placare.
2072 4991 2231 5058 Ideo
2274 4992 2415 5075 qui—

473 5082 628 5149 dam
675 5089 1040 5163 exponunt:
1089 5079 1318 5162 Aequo
1362 5080 1580 5145 animo
1624 5076 1842 5143 ferant
1884 5098 2071 5145 suam
2115 5098 2413 5162 poenam,

474 5167 584 5234 vel
650 5178 909 5252 gratam
966 5164 1266 5231 habeant.
1367 5166 1540 5232 Mihi
1598 5174 1814 5230 autem
1875 5164 2136 5230 videtur
2195 5162 2414 5231 Moses

475 5253 919 5339 poenitentiae
976 5250 1292 5318 subiicere
1347 5251 1639 5317 studium
1696 5251 2001 5334 placandi
2056 5250 2215 5330 Dei,
2269 5253 2411 5317 sine

476 5361 608 5425 quo
673 5358 1013 5422 nunquam
1076 5338 1198 5403 sibi
1262 5357 1417 5402 vere
1483 5336 1827 5421 displicent
1888 5336 2211 5416 homines,
2290 5358 2410 5402 nec

1464 419 2042 491 SANCTIONES
2089 424 2153 488 A
2197 417 2995 488 PROMISSIONIBUS
3042 420 3162 486 ET
3204 418 3493 488 MINIS.

4418 425 4512 493 30

2534 609 2715 677 vitiis
2755 609 2894 675 suis
2939 610 3353 675 renunciant.
3446 610 3704 676 Alludit
3749 623 3968 678 autem
4019 612 4102 678 ad
4159 614 4499 693 sacrificia,

2534 705 2599 760 et
2643 694 3016 761 ablutiones
3058 695 3326 779 legales,
3370 697 3605 780 quibus
3650 719 3721 764 se
3766 698 3908 763 Deo
3965 700 4504 768 reconciliabant.

2537 779 2814 848 Summa
2859 791 2995 859 est,
3052 781 3166 846 ubi
3220 782 3391 847 serio
3445 783 3518 846 in
3559 783 3846 867 gratiam
3892 803 4046 850 cum
4089 784 4236 850 Deo
4282 787 4504 853 redire

2536 866 2914 945 studebunt,
2960 867 3098 931 fore
3140 866 3275 931 illis
3318 870 3675 952 propitium
3719 870 3978 935 ratione
4021 872 4197 954 pacti
4243 872 4363 937 sui.

2708 952 2814 1018 43.
2888 952 3091 1018 Terra
3143 953 3398 1018 interim
3474 954 3802 1022 deseretur.
3913 956 4157 1022 Exsilii
4218 979 4494 1040 poenam

2538 1058 2769 1105 rursus
2812 1038 3134 1117 inculcat,
3193 1058 3360 1122 quae
3419 1049 3558 1105 erat
3605 1041 3811 1107 veluti
3855 1043 4356 1109 exhaeredatio:
4403 1047 4492 1111 si·

2538 1125 2806 1224 mulque
2851 1125 3087 1207 repetit
3130 1146 3267 1190 non
3312 1124 3503 1190 aliter
3664 1148 3735 1192 se
3777 1128 4040 1193 restitui
4075 1129 4327 1196 cultum
4364 1132 4495 1196 Dei

2538 1231 2611 1275 m
2670 1219 2847 1274 terra
2913 1218 3172 1289 sancta,
3238 1231 3434 1294 quam
3501 1233 3545 1276 u
3592 1213 3613 1276 i
3680 1233 3905 1280 eorum
3971 1215 4492 1297 inquinamentis

2537 1304 2821 1379 purgata
2882 1295 3113 1361 fuerit:
3180 1296 3495 1361 continuo
3560 1308 3783 1365 tamen
3849 1310 3998 1383 post
4068 1303 4490 1384 asperitatem

2537 1381 2834 1465 mitigat,
2879 1382 3032 1465 quia
3071 1380 3184 1447 ubi
3228 1385 3520 1449 maxime
3562 1383 3634 1449 in
3678 1405 3787 1450 eos
3831 1385 4084 1451 saevire
4125 1388 4307 1455 visus
4348 1390 4488 1454 fue-

2538 1467 2643 1546 rit,
2681 1488 2814 1533 non
2850 1474 3074 1533 tamen
3111 1488 3383 1551 prorsus
3407 1489 3517 1536 eos
3539 1470 3819 1537 reiiciet:
3858 1471 4083 1538 Utitur
4103 1482 4322 1539 autem
4346 1495 4491 1540 ver-

2536 1552 2639 1619 bis
2662 1553 3001 1638 praeteriti
3034 1555 3369 1637 temporis,
3408 1558 3710 1639 quamvis
3732 1557 3806 1621 in
3828 1558 4123 1624 futurum
4147 1560 4487 1642 respiciat:

2537 1641 2722 1722 quasi
2783 1639 3061 1706 diceret:
3109 1637 3414 1706 Sentient
3469 1649 3628 1708 tunc
3685 1663 3938 1726 quoque
3994 1664 4064 1711 se
4109 1666 4239 1711 non
4283 1646 4487 1712 fuisse

2537 1725 2837 1824 abiectos.
2903 1725 3085 1809 Ergo
3119 1726 3307 1809 quasi
3341 1735 3642 1811 porrecta
3677 1749 3881 1795 manu
3915 1750 4029 1797 eos
4063 1730 4146 1796 ad
4180 1731 4487 1798 fiduciam

2537 1812 2734 1895 erigit
2775 1832 2844 1876 m
2889 1811 3085 1876 rebus
3131 1811 3483 1895 deploratis
3500 1863 3514 1891 ,
3581 1833 3657 1880 ac
3711 1814 3895 1881 iubet
3936 1818 4252 1883 extremis
4295 1818 4486 1884 malis

2539 1897 2835 1977 afflictos,
2869 1897 2940 1962 in
2976 1896 3205 1963 foedus
3240 1919 3432 1965 suum
3471 1900 3903 1968 nihilominus
3938 1903 4333 1969 recumbere.
4399 1904 4483 1969 In

2536 2004 2664 2066 quo
2724 1984 3007 2067 refulget
3070 1984 3240 2048 mira
3308 1993 3375 2049 et
3438 1986 3936 2053 inaestimabilis
4002 1990 4145 2054 eius
4208 1990 4487 2068 bonitas,

2538 2068 2698 2134 dum
2743 2069 3061 2135 alienatos
3103 2070 3172 2134 in
3220 2070 3473 2151 peculio
3517 2092 3636 2137 suo
3693 2074 3963 2139 retinet:
4021 2074 4193 2140 sicut
4249 2075 4489 2141 dicitur

2538 2153 2711 2237 apud
2737 2153 2978 2221 Ossam
3017 2153 3105 2306 32,
3141 2152 3281 2241 23):
3328 2156 3595 2224 Vocabo
3631 2179 3763 2223 non
3797 2159 4133 2242 populum,
4175 2162 4488 2244 populum

2535 2261 2775 2306 meum.
2866 2240 3015 2323 Quo
3118 2250 3340 2306 autem
3398 2244 3722 2325 promittit
3764 2266 3834 2309 se
3881 2246 4157 2311 foederis
4203 2247 4310 2311 sui
4350 2268 4487 2312 me-

2535 2347 2779 2392 morem
2829 2328 2965 2391 fore
3000 2338 3268 2410 propter
3302 2350 3431 2408 eos,
3468 2348 3598 2394 non
3638 2329 3948 2414 intelligit
3982 2352 4209 2396 eorum
4231 2333 4486 2411 merito,

2535 2412 2647 2480 vel
2697 2412 2865 2496 quod
2911 2413 3038 2479 sibi
3089 2413 3383 2480 favorem
3444 2415 3867 2498 acquisierint
3884 2467 3900 2495 ,
3955 2416 4067 2482 sed
4126 2418 4200 2482 in
4260 2438 4484 2484 eorum

2537 2499 2819 2583 gratiam
2885 2498 2988 2565 vel
3050 2499 3328 2565 salutem
3348 2549 3364 2578 ,
3420 2508 3496 2565 ut
3552 2499 3831 2568 foederis
3894 2503 4212 2569 memoria
4253 2503 4334 2567 ad
4371 2524 4485 2570 eos

2536 2604 2745 2667 usque
2824 2606 2896 2650 se
2991 2584 3321 2650 extendat.
3431 2585 3825 2671 Redemptio
3900 2608 4158 2671 quoque
4221 2588 4486 2655 additur

2537 2677 2850 2753 tanquam
2907 2670 3188 2761 foederis
3237 2671 3677 2739 confirmatio:
3736 2692 3812 2739 ac
3874 2675 3933 2739 si
3990 2674 4238 2740 diceret
4291 2697 4367 2741 eo
4412 2697 4484 2742 se

2534 2756 2748 2906 magis
2789 2755 2931 2822 fore
2987 2777 3384 2840 propensum
3443 2758 3525 2823 ad
3582 2759 4084 2844 ignoscendum:
4142 2761 4295 2843 quia
4349 2782 4484 2827 non

2534 2862 2643 2906 mo
2687 2863 2726 2907 o
2812 2844 2880 2906 in
2958 2841 3090 2908 fide
3166 2844 3677 2928 promissionum
3756 2867 4022 2912 suarum
4103 2855 4483 2913 constanter

2534 2936 2945 3010 perseverat,
3025 2930 3141 2994 sed
3204 2930 3509 3012 quoniam
3576 2952 3699 2997 sua
3761 2954 3919 3017 erga
3985 2952 4095 2998 eos
4166 2932 4484 2999 beneficia

2534 3014 2705 3079 tueri
2768 3013 2967 3094 velit,
3047 3023 3115 3081 et
3179 3015 3263 3080 ad
3326 3016 3526 3081 finem
3606 3039 3813 3102 usque
3888 3019 4265 3102 perducere.
4375 3017 4484 3083 Ita

2532 3098 2836 3166 videmus
2879 3107 2959 3166 ut
2998 3101 3481 3169 misericordiae
3525 3122 3785 3169 causam
3839 3104 4100 3170 nonnisi
4145 3125 4184 3169 a
4226 3125 4299 3168 se
4339 3104 4482 3188 ipso

2532 3196 2765 3252 sumat.

3088 3526 3218 3593 EX
3263 3529 3533 3596 DEU'I’.
3578 3529 3915 3597 XXVIII.

2703 3698 2803 3764 15.
2863 3698 2952 3764 Et
3004 3701 3153 3777 erit,
3213 3700 3276 3765 si
3326 3720 3451 3767 non
3509 3701 3811 3768 obedieris
3866 3704 3999 3768 voci
4044 3702 4306 3770 Iehovae
4349 3704 4478 3770 Dei

2526 3788 2653 3863 tui,
2720 3791 2792 3851 ut
2836 3785 3150 3873 custodias
3199 3787 3487 3868 faciendo
3551 3789 3764 3854 omnia
3816 3794 4152 3870 praecepta
4195 3791 4361 3871 eius,
4420 3796 4478 3856 et

2525 3876 2762 3937 statuta
2821 3873 2961 3937 eius
3013 3891 3174 3953 quae
3237 3893 3342 3957 eqo
3398 3874 3722 3954 praecipio
3785 3874 3901 3939 tibi
3964 3875 4144 3941 hodie
4157 3926 4171 3955 ,
4238 3877 4480 3942 venient

2524 3977 2716 4038 snper
2757 3962 2813 4022 te
2854 3977 3061 4023 omnes
3091 3958 3550 4024 maledictiones
3591 3960 3768 4037 istae,
3812 3964 3869 4025 et
3912 3959 4367 4042 apprehendent
4399 3968 4471 4028 te.

2529 4043 2628 4110 16.
2700 4042 3077 4109 Maledictus
3130 4046 3258 4109 eris
3313 4046 3382 4108 in
3437 4044 3618 4125 wrbe,
3677 4050 3734 4110 et
3774 4044 4142 4112 maledictus
4183 4048 4256 4112 in
4298 4042 4470 4131 ayro.

2528 4131 2628 4196 17.
2675 4128 3087 4195 Maledictum
3126 4131 3479 4196 canistrum
3522 4136 3727 4210 tuem,
3772 4137 3828 4196 et
3868 4134 4221 4214 conspersio
4263 4140 4377 4199 tua
4403 4132 4468 4221 ¹).

2527 4216 2626 4282 18.
2673 4214 3053 4282 Maledictus
3103 4215 3353 4299 fructus
3405 4218 3640 4282 ventris
3682 4219 3804 4297 tui,
3872 4223 3930 4285 et
3975 4219 4226 4302 fructus
4265 4225 4473 4286 terrac

2521 4308 2666 4368 tuae
2682 4352 2697 4381 ,
2744 4302 2945 4384 foetus
3002 4302 3187 4367 boum
3241 4307 3489 4367 tuorum
3508 4353 3523 4378 ,
3581 4308 3640 4368 et
3683 4324 3898 4387 Ψᾶρες
3940 4306 4153 4370 ovium
4193 4309 4467 4371 tuarum.

2526 4388 2626 4455 19.
2652 4386 3034 4454 Maledictus
3066 4388 3286 4454 crisin
3309 4389 3619 4473 inm-essu,
3654 4394 3711 4452 et
3727 4390 4090 4455 maledictus
4107 4391 4177 4457 in
4199 4411 4467 4474 cyre-ssu.

2521 4475 2626 4540 20.
2685 4472 2893 4540 Mittet
2937 4473 3174 4541 Iehova
3228 4475 3301 4539 in
3355 4480 3411 4539 te
3463 4473 3967 4557 nmledictionem,
4024 4478 4468 4556 contritionem,

2520 4566 2578 4625 et
2611 4561 3019 4642 perditionem
3034 4559 3090 4648 ²)
3133 4563 3206 4626 in
3246 4560 3527 4626 omnibus
3566 4561 3653 4626 ad
3708 4582 3867 4644 quae
3911 4562 4294 4643 applicueris
4333 4582 4467 4627 ma-

2517 4667 2672 4711 num
2691 4651 2883 4726 tuam,
2918 4652 2976 4711 et
3008 4647 3231 4728 feceris
3247 4671 3267 4710 .·
3301 4647 3488 4711 donec
3508 4646 3793 4726 delearis,
3833 4652 3891 4711 et
3913 4668 4149 4730 pereas
4170 4648 4470 4726 velociter,

2509 4737 2767 4815 propter
2785 4733 3096 4798 malitiam
3132 4751 3388 4812 operum
3422 4736 3667 4797 tuorum
3690 4734 3918 4814 quibus
3938 4734 4328 4815 dereliquisti
4350 4754 4465 4799 me.

2517 4819 2620 4884 21.
2667 4818 3027 4884 Adhaeret-e
3085 4818 3274 4900 faciet
3319 4816 3549 4884 Ieltova
3606 4818 3721 4883 tibi
3772 4820 4226 4902 pestilentiam,
4286 4820 4472 4885 donec

2516 4909 2836 4971 consumat
2878 4910 2936 4970 te
2979 4904 3057 4969 de
3099 4908 3268 4969 terra
3313 4904 3401 4970 ad
3442 4924 3633 4986 quam
3674 4910 3744 4970 tu
3785 4906 4130 4989 inyrederis
4163 4909 4232 4969 ut
4261 4907 4474 4985 possi-

2516 4992 2668 5057 deas
2709 5011 2864 5057 eam.
2953 4990 3055 5056 22.
3108 4988 3419 5056 Percutiet
3459 4995 3515 5055 te
3555 4991 3785 5058 Iehova
3829 4990 4109 5074 phthisi,
4166 4995 4222 5055 et
4276 4991 4468 5073 febre,

2517 5082 2571 5143 et
2612 5078 2854 5156 ardore,
2899 5081 2954 5140 et
2999 5081 3194 5157 aestu,
3239 5081 3296 5140 et
3336 5076 3570 5160 yladio,
3617 5082 3672 5141 et
3704 5078 4020 5154 ariditate,
4060 5080 4116 5140 et
4149 5077 4470 5161 rubiyine:

2515 5216 2684 5227 -0—

2694 5281 2752 5349 1)
2791 5281 3032 5337 Gallice:
3057 5244 3124 5335 ta
3159 5282 3539 5352 boulengerie‚
3588 5288 3638 5334 et
3670 5282 3730 5334 in
3765 5282 4035 5349 margine.-
4071 5298 4165 5347 ou,
4200 5287 4259 5336 ta
4290 5288 4465 5352 paste.

2685 5350 2744 5419 2)
2782 5350 2860 5405 In
2903 5352 3181 5420 marqine:
3216 5351 3320 5406 Vel
3357 5352 3648 5405 tumultum
3683 5358 3739 5403 et
3771 5350 4215 5419 increpationem.
