5017 6142
437 458 560 525 521

435 647 647 714 tribus
714 653 780 712 et
844 646 1180 715 dimidiam
1245 649 1485 716 sortiri.
1572 650 1797 735 Atque
1863 651 2061 719 huius
2117 651 2380 734 quidem

434 733 832 799 narrationis
898 734 1082 800 filum
1101 785 1119 814 ,
1195 743 1269 801 ut
1329 736 1694 803 videbimus
1708 784 1727 821 ,
1797 757 1952 803 mox
2018 736 2377 820 abrumpet.

437 818 868 903 Opportunus
911 829 1131 886 tamen
1173 821 1251 886 fit
1293 822 1612 888 transitus
1645 821 1728 889 ab
1762 842 1842 888 ea
1882 824 2151 908 regione
2193 824 2381 889 cuius

436 903 701 971 diversa
742 911 883 970 erat
925 906 1242 972 conditio:
1303 915 1378 972 ut
1420 908 1631 974 sciant
1670 908 1944 975 lectores
1985 907 2257 994 posthae
2300 907 2381 975 de

435 998 612 1056 terra
651 988 961 1057 chanaan
998 992 1133 1058 fore
1177 1012 1566 1071 sermonem,
1608 1013 1771 1077 quae
1815 1003 1990 1060 sorte
2032 993 2382 1061 dividenda

435 1082 592 1142 erat.
680 1075 990 1143 Diximus
1034 1086 1253 1144 autem
1295 1077 1489 1145 Iosue
1531 1089 1597 1145 et
1630 1078 1906 1147 Eleazar
1946 1099 2078 1146 non
2124 1088 2379 1147 tantum

433 1162 710 1245 partitos
753 1182 896 1228 esse
936 1163 1109 1248 quod
1162 1164 1293 1230 iam
1351 1165 1787 1248 acquisierant
1830 1165 2199 1232 Israelitae:
2266 1164 2380 1232 sed

436 1268 637 1331 quum
672 1246 742 1311 in
789 1247 915 1313 Dei
968 1249 1465 1332 promissionem
1515 1250 2001 1333 recumberent,
2066 1249 2379 1336 quidquid

432 1333 572 1398 suis
635 1334 1026 1416 promiserat
1088 1355 1314 1402 secure
1356 1336 1725 1418 complexos
1790 1357 1933 1404 esse
1996 1358 2128 1404 non
2193 1357 2380 1404 secus

433 1439 510 1484 ac
563 1418 696 1483 iam
750 1440 875 1484 usu
931 1440 1009 1486 ca
1055 1427 1217 1486 tum.
1305 1418 1694 1488 Videbimus
1748 1421 2014 1507 quidem
2070 1444 2200 1490 non
2246 1431 2379 1490 sta-

432 1504 555 1568 tim
619 1502 883 1587 plenam
948 1506 1147 1572 fmsse
1208 1505 1664 1589 partitionem.-
1725 1507 1843 1575 sed
1904 1529 2106 1591 quum
2163 1508 2379 1593 prima

433 1589 594 1655 exiit
652 1609 792 1655 sors
836 1588 1038 1671 Iuda,
1104 1589 1253 1658 aliis
1308 1592 1377 1657 in
1421 1613 1537 1677 spe
1593 1593 1859 1661 relictae
1915 1595 2182 1661 fuerunt
2220 1614 2378 1661 suae

430 1675 632 1741 vices.
719 1673 972 1741 Verum
1016 1676 1295 1761 emergit
1351 1676 1631 1745 difficilis
1673 1680 1985 1762 quaestio,
2055 1679 2377 1764 quomodo

430 1766 675 1825 terram
721 1759 1167 1828 distribuerint
1202 1763 1396 1829 Iosue
1413 1815 1429 1842 ,
1486 1763 1788 1845 Eleazar,
1842 1772 1911 1831 et
1950 1765 2277 1849 prinsipes
2320 1764 2376 1831 si

431 1845 642 1913 iactae
694 1847 959 1912 fuerunt
1013 1855 1240 1915 sortes.
1328 1848 1558 1934 Neque
1612 1851 1786 1917 enim
1845 1850 2187 1917 hominum
2231 1870 2376 1916 sen·

429 1932 670 2009 tentia,
739 1932 843 1999 vel
890 1933 1160 2000 arbitrio
1178 1983 1195 2012 ,
1261 1934 1369 1999 vel
1415 1936 1763 2002 autoritate
1804 1936 2060 2002 sortitio
2103 1936 2372 2022 regitur.

435 2015 511 2084 Si
554 2017 700 2101 quis
743 2017 1164 2101 respondeat,
1209 2019 1566 2102 praefuisse
1602 2042 1685 2087 ne
1728 2042 1855 2105 qua
1889 2021 2067 2088 fraus
2102 2020 2374 2105 obrepe-

428 2111 560 2182 ret,
604 2101 894 2168 nondum
939 2103 1191 2170 solutus
1237 2113 1338 2171 est
1380 2106 1625 2185 nodus,
1674 2108 1807 2173 imo
1849 2108 2165 2193 effugium
2208 2106 2370 2173 illud

430 2187 766 2254 refelletur
817 2209 901 2254 ex
958 2197 1287 2256 contextu.
1378 2189 1732 2258 Sciendum
1789 2193 1992 2278 igitur
2042 2203 2141 2260 est
2158 2244 2173 2272 ,
2240 2214 2371 2260 non

431 2272 817 2357 simpliciter
870 2274 1111 2342 electos
1175 2274 1379 2342 fuisse
1440 2278 1552 2361 qui
1607 2278 1839 2345 sortito
1896 2287 2139 2345 terram
2202 2279 2367 2346 divi-

433 2359 662 2426 derent
718 2357 833 2425 sed
891 2361 1003 2443 qui
1064 2360 1298 2427 deinde
1352 2362 1525 2431 iusta
1587 2364 2007 2447 proportione
2059 2365 2372 2449 cuiusque

430 2444 642 2511 tribus
683 2445 849 2511 fines
884 2445 991 2512 vel
1033 2445 1425 2530 ampliarent
1466 2448 1575 2513 vel
1617 2451 2106 2535 restringerent.
2175 2449 2372 2533 Quod

431 2537 652 2596 autem
705 2530 887 2596 nuda
933 2539 1105 2598 sorte
1159 2553 1293 2599 non
1345 2535 1636 2618 potuerit
1686 2536 1961 2620 transigi
2009 2536 2366 2621 negotium,

431 2615 623 2683 facile
664 2615 886 2698 liquet.
972 2616 1144 2683 Nam
1201 2638 1400 2703 quum
1459 2618 1819 2687 secundum
1863 2620 2162 2689 homines
2202 2620 2373 2686 nihil

431 2702 517 2768 sit
560 2700 768 2786 magis
810 2702 1153 2767 fortuitum
1198 2723 1393 2789 quam
1428 2706 1624 2772 sortis
1656 2713 1951 2789 eventus,
1995 2708 2375 2775 nesciebant

432 2808 515 2853 an
577 2786 909 2852 dimidiam
976 2788 1219 2856 tribum
1276 2789 1583 2858 Manasse
1647 2791 1862 2859 locare
1927 2793 2129 2860 vellet
2183 2792 2374 2860 Deus

430 2872 546 2940 ubi
601 2871 820 2939 sedem
877 2872 1160 2939 obtinuit
1215 2874 1426 2942 tribus
1470 2875 1663 2943 Iuda:
1724 2898 1806 2944 an
1865 2879 2006 2946 loco
2051 2877 2372 2963 Ephraim

432 2959 695 3024 futurus
774 2966 947 3025 esset
1007 2958 1319 3027 Zabulon.
1427 2963 1721 3047 Longius
1784 2965 2005 3048 itaque
2066 2963 2374 3049 progredi

428 3043 708 3110 liberum
751 3043 834 3110 ab
876 3044 1065 3110 initio
1109 3066 1242 3111 non
1286 3046 1428 3128 fuit,
1472 3066 1666 3131 quam
1712 3058 1787 3114 ut
1828 3060 2075 3116 terram
2121 3047 2369 3117 divide·

430 3138 581 3195 rent
622 3130 691 3194 in
735 3128 957 3196 decem
1000 3129 1229 3216 plagas
1271 3131 1377 3198 vel
1420 3134 1820 3216 provincias:
1878 3135 1974 3203 sic
2031 3144 2250 3203 tamen
2295 3141 2373 3201 ut

431 3215 749 3366 (ἆιιῖιέεέιιιρ
815 3224 1139 3366 maneretl·
1178 3216 1595 3370 inde-finitglm
1663 3221 1988 3372 spfflemt
2045 3221 2248 3372 ·N²t2²
2313 3220 2371 3287 si

475 3321 515 3365 a
699 3321 826 3368 isse
897 3322 1177 3386 singule
1218 3323 1426 3386 opio,
1551 3327 1601 3370 ιι
1652 3325 1736 3389 op
1911 3328 1957 3372 n
2040 3329 2114 3373 in
2225 3326 2372 3372 rrae

430 3385 739 3453 umbilico
795 3385 1125 3467 habitare,
1184 3387 1295 3455 alii
1339 3391 1777 3473 sumpsissent
1817 3393 2102 3475 quietam
2144 3392 2369 3459 statio·

430 3492 581 3538 nem
598 3523 614 3550 ,
672 3472 786 3537 alii
827 3472 1191 3538 ubertatem
1236 3493 1543 3559 agrorum
1558 3526 1574 3557 ,
1632 3475 1736 3543 vel
1780 3477 1942 3543 coeli
1986 3478 2374 3562 temperiem

432 3579 508 3625 ac
572 3557 697 3625 loci
761 3559 1221 3625 amoenitatem
1288 3562 1548 3644 sequuti
1614 3570 1848 3629 essent.
1958 3564 2165 3648 Atqui
2231 3583 2375 3630 sors

430 3641 711 3709 Iudaeos
753 3642 939 3709 velut
981 3644 1050 3709 in
1093 3646 1308 3729 capite
1354 3648 1710 3729 constituit,
1756 3648 1999 3715 tribum
2045 3670 2206 3716 vero
2248 3649 2375 3715 Za·

437 3728 640 3795 bulon
697 3729 1016 3813 relegavit
1069 3731 1153 3796 ad
1209 3731 1394 3797 littus
1442 3735 1678 3801 maris:
1736 3734 1981 3801 tribum
2024 3734 2374 3801 Beniamin

435 3813 591 3880 fecit
632 3813 893 3881 Iudaeis
933 3815 1238 3896 vicinam,
1277 3817 1522 3883 tribum
1564 3820 1885 3903 Ephraim
1928 3819 2187 3905 longius
2229 3820 2376 3886 sub-

436 3900 666 3967 movit.
752 3900 1053 3983 Denique
1112 3901 1272 3968 haec
1326 3903 1452 3968 fuit
1515 3908 1708 3970 sortis
1774 3913 2088 3987 potestas,
2154 3914 2229 3972 ut
2291 3905 2373 3972 ab

436 3987 747 4071 Aegypto
789 3983 1053 4069 Syriam
1098 4008 1357 4068 versus,
1411 4009 1451 4054 a
1492 3989 1687 4075 plaga
1742 3991 2235 4074 septentrionali
2290 3990 2374 4057 ad

438 4091 620 4137 mare
665 4069 1214 4138 mediterraneum
1258 4073 1567 4140 caderent
1607 4084 1816 4143 sortes
1860 4076 2100 4156 decem,
2144 4086 2220 4144 ut
2263 4076 2374 4142 alii

436 4157 700 4223 finitimi
745 4164 968 4223 essent
1009 4157 1384 4244 Aegyptiis,
1427 4160 1539 4226 alii
1582 4163 1910 4228 maritima
1950 4162 2093 4229 loca
2134 4162 2375 4230 incole-

438 4249 619 4323 rent,
675 4240 787 4307 alii
829 4249 1133 4310 tenerent
1179 4253 1433 4328 partem
1489 4246 1817 4327 altiorem,
1876 4248 1987 4313 alii
2030 4248 2100 4312 in
2143 4247 2376 4315 mediis

437 4327 720 4395 vallibus
753 4327 1184 4395 subsiderent.
1242 4331 1391 4398 Hoc
1421 4333 1790 4415 constituto,
1824 4333 2157 4400 restabant
2190 4354 2376 4417 prae-

436 4414 625 4480 fectis
667 4413 889 4498 populi
931 4434 1088 4481 suae
1128 4427 1368 4498 partes,
1413 4425 1488 4482 ut
1521 4437 1639 4501 pro
1665 4418 1808 4485 iure
1841 4419 2177 4504 analogice
2212 4420 2376 4486 fines

438 4498 727 4583 undique
791 4500 1412 4567 circumscriberent.
1519 4503 1680 4569 Fuit
1743 4505 1945 4590 igitur
2012 4506 2081 4569 in
2148 4525 2375 4571 eorum

438 4584 707 4653 arbitrio
769 4595 1124 4669 supputare
1188 4594 1344 4670 quot
1405 4587 1612 4654 millia
1674 4590 1958 4673 capitum
2024 4598 2244 4657 essent
2302 4591 2374 4657 in

439 4690 826 4754 unaquaque
883 4671 1093 4738 tribu:
1150 4683 1215 4738 et
1269 4673 1628 4739 seeundum
1683 4675 2077 4758 paucitatem
2118 4676 2223 4742 vel
2267 4679 2414 4743 com·

438 4758 616 4841 piam
640 4755 976 4822 hominum
1002 4757 1105 4822 sin
1200 4757 1283 4823 lis
1318 4757 1685 4826 adiudicare
1721 4760 1822 4828 vel
1858 4761 2005 4844 plus
2025 4761 2128 4828 vel
2152 4762 2375 4828 minus

439 4842 659 4927 spatii.
748 4841 920 4908 Nam
965 4863 1047 4907 ex
1198 4842 1223 4907 i
1278 4853 1622 4927 praecepto
1678 4845 1999 4913 servanda
2039 4847 2373 4930 proportio

436 4929 597 4995 fuit:
633 4936 711 4994 ut
745 4949 871 5012 quo
905 4927 1127 5012 plures
1161 4941 1351 4994 erant
1383 4929 1489 4995 vel
1520 4931 1873 5013 pauciores,
1907 4932 2095 4999 sicuti
2128 4933 2374 5016 reperti

436 5015 699 5081 fuerant
731 5014 802 5080 in
836 5032 1052 5093 censu,
1087 5014 1267 5100 regio
1304 5015 1430 5081 illis
1454 5016 1729 5100 amplior
1750 5017 1856 5085 vel
1880 5017 2224 5102 angustior
2246 5026 2377 5084 ter-

437 5100 822 5167 minaretur.
872 5098 1143 5166 Numer.
1182 5100 1286 5167 26.
1331 5100 1712 5166 Eorundem
1744 5102 2112 5187 principum
2135 5102 2373 5171 iudicio

437 5185 831 5271 permissum
874 5184 1028 5264 fuit,
1072 5195 1147 5251 ut
1191 5186 1294 5252 vel
1337 5186 1407 5251 in
1443 5186 1919 5271 longitudinem
1967 5188 2070 5256 vel
2108 5190 2181 5256 in
2224 5189 2372 5256 lati-

441 5272 735 5338 tudinem
778 5268 1135 5355 dirigerent
1174 5270 1446 5351 limites,
1504 5281 1698 5357 prout
1753 5275 2150 5342 commodior
2203 5277 2373 5342 ratio

439 5357 763 5444 exigebat.
829 5355 974 5422 Iam
1016 5357 1332 5423 memoria
1363 5378 1615 5442 quoque
1657 5360 2013 5427 tenendum
2057 5368 2159 5427 est
2198 5360 2372 5445 quod

1593 460 2334 531 COMMENTARIUS
2376 462 2478 529 IN
2519 460 2801 531 IOSUE
2847 461 3045 529 OAP.
3090 461 3282 529 XIV.

2428 2816 2435 2901 ⁷—

4297 464 4426 533 522

2483 650 2727 736 legitur
2766 649 3038 717 Numer.
3084 650 3171 717 30
3213 672 3352 735 cap.
3435 652 3684 719 Decem
3727 651 3839 734 qui
3886 662 4207 719 vocantur
4247 674 4426 720 nunc

2479 736 2875 803 familiarum
2942 736 3190 820 capita,
3267 758 3400 804 non
3464 739 3794 823 suffragiis
3864 737 4203 804 hominum
4219 789 4236 817 ,
4304 740 4421 806 sed

2482 843 2642 888 voce
2660 820 2789 887 Dei
2822 822 3022 887 fuisse
3057 830 3307 889 creatos
3343 823 3426 889 ad
3467 844 3710 890 munus
3754 824 3877 890 hoc
3920 824 4423 908 exsequendum.

2483 907 2590 973 Ita
2632 906 2930 993 singulae
2973 907 3181 974 tribus
3217 908 3543 975 habebant
3575 910 3871 993 proprios
3907 910 4296 995 cognitores,
4339 932 4428 977 ne

2483 1014 2612 1076 qua
2647 993 2828 1060 fraus
2872 1000 2986 1058 aut
3039 994 3139 1060 vis
3193 993 3641 1062 interveniret.
3730 992 3987 1061 Deinde
4041 995 4227 1062 nefas
4282 1004 4427 1063 erat

2482 1080 2595 1162 qui
2638 1100 2678 1145 a
2717 1080 2860 1146 Deo
2903 1079 3224 1145 nominati
3268 1079 3550 1161 fuerant,
3593 1080 3834 1147 habere
3877 1092 4226 1165 suspectos.
4311 1080 4423 1149 En

2482 1164 2802 1317 qugmogo
2816 1162 3026 1314 fdegiit
3067 1164 3261 1231 Iosue
3304 1174 3545 1232 terram
3561 1217 3578 1245 ,
3623 1186 3788 1250 quae
3831 1174 4051 1233 tamen
4096 1167 4424 1234 sortitioni

2482 1271 2561 1317 su
2606 1271 2703 1317 iec
2845 1272 2909 1315 m
2943 1297 2960 1314 .

2701 1387 2715 1402 .
2905 1336 2919 1349 ‘
3040 1354 3161 1401 non
3431 1341 3515 1402 nt.
3601 1338 3823 1404 Tertio
3875 1360 3899 1403 1
3946 1357 4053 1404 em
4104 1358 4176 1404 re
4260 1345 4425 1404 ιιιιιι·

2653 1334 2698 1400 4
2762 1334 3002 1402 Levitis
3201 1335 3431 1403 deam
3765 1337 3778 1351 ’
3880 1336 3944 1402 ’d
4177 1358 4259 1422 pe
4291 1337 4306 1353 ⁶

2484 1421 2565 1488 de
2586 1421 2855 1501 Levitis,
2899 1441 3029 1486 non
3066 1420 3322 1486 venisse
3355 1423 3427 1486 in
3464 1443 3831 1503 numerum,
3876 1431 3952 1489 ut
3985 1432 4182 1507 caput
4215 1445 4423 1490 unum

2480 1506 2808 1574 facerent:
2873 1505 2988 1572 sed
3047 1504 3177 1571 alio
3231 1506 3504 1573 consilio
3518 1558 3536 1590 ,
3600 1510 3754 1593 quia
3809 1507 4056 1576 scilicet
4112 1510 4422 1575 continuo

2479 1599 2631 1676 post
2672 1592 2982 1676 sequitur,
3028 1592 3197 1658 filios
3239 1591 3478 1676 Ioseph
3522 1595 3593 1661 in
3637 1594 3798 1660 duas
3840 1594 4046 1661 tribus
4084 1594 4285 1661 fflisse
4326 1593 4423 1659 di·

2480 1679 2690 1757 visos,
2758 1685 2956 1761 atque
3018 1678 3116 1742 ita
3169 1677 3511 1763 privilegio
3579 1680 3975 1763 duplicatam
4029 1679 4162 1746 illis
4217 1681 4421 1746 fuisse

2477 1764 2862 1847 portionem.
2954 1760 3067 1830 Sic
3109 1763 3281 1828 enim
3328 1765 3724 1832 vaticinatus
3766 1765 3982 1831 fuerat
4023 1764 4247 1831 Iacob:
4287 1766 4420 1831 imo

2478 1857 2792 1933 tanquam
2840 1846 3082 1914 arbiter
3123 1870 3164 1914 a
3208 1848 3350 1914 Deo
3393 1848 3588 1916 datus
3627 1852 3838 1917 filium
3870 1850 4112 1934 Ioseph
4152 1850 4421 1934 reliquis

2478 1934 2603 2002 hac
2637 1935 2705 2001 in
2742 1940 2930 2018 parte
2949 1934 3370 2017 praetulerat.
3415 1936 3596 2020 Ergo
3620 1937 3892 2006 Levites
3914 1936 4038 2003 sibi
4062 1937 4422 2019 assumpsit

2477 2020 2548 2085 in
2592 2020 2916 2105 peculium
2937 2068 2953 2097 ,
3011 2027 3075 2084 et
3119 2019 3187 2083 in
3232 2040 3461 2087 eorum
3503 2022 3717 2090 locum
3761 2021 4105 2089 substituit
4146 2022 4421 2088 alteram

2476 2127 2564 2172 ex
2608 2105 2857 2173 duabus
2899 2105 3164 2171 familiis
3203 2105 3463 2188 Ioseph.

2648 2193 2709 2258 6.
2777 2192 3183 2258 Accesserant
3239 2190 3368 2273 filii
3424 2192 3614 2258 Iuda.
3716 2191 4045 2259 Inseritur
4108 2192 4419 2272 narratio,

2476 2295 2607 2361 qua
2649 2277 3058 2360 abrumpitur
3100 2275 3271 2360 quod
3316 2276 3400 2342 de
3433 2286 3647 2343 terrae
3680 2277 4034 2361 partitione
4068 2277 4196 2344 dici
4230 2298 4421 2362 coep·

2476 2376 2619 2428 tum
2662 2370 2837 2429 erat:
2896 2383 3132 2446 nempe
3185 2362 3356 2445 quod
3415 2363 3842 2446 postulaverit
3883 2362 4085 2429 Caleb
4128 2372 4419 2429 montem

2474 2449 2751 2516 Hebron
2808 2447 2934 2515 sibi
2989 2448 3129 2514 dari
3148 2498 3164 2529 ‚
3223 2456 3300 2512 ut
3356 2469 3396 2514 a
3439 2449 3624 2515 Mose
3680 2449 4039 2532 promissus
4090 2459 4250 2515 erat.
4334 2448 4420 2515 Id

2477 2543 2699 2601 autem
2744 2534 2939 2618 longo
2996 2542 3160 2635 ante·
3207 2542 3497 2617 tempore
3555 2534 3821 2635 accidit,
3878 2553 4073 2618 quam
4133 2533 4418 2633 bellandi

2475 2621 2679 2771 3312?
2697 2618 3420 2771 mantum
3461 2627 3680 2772 w.
3712 2627 4057 2804 amm·
4074 2617 4418 2805 ‚3323ae

2476 2790 2690 2858 locum
2713 2791 2848 2859 iam
2881 2800 3187 2874 pacatum
3225 2799 3287 2855 et
3323 2789 3619 2858 hostibus
3656 2809 3935 2857 vacuum
3969 2791 4096 2858 sibi
4130 2789 4417 2873 relinqui

2476 2877 2657 2943 vult:
2725 2875 2845 2943 sed
2899 2876 2970 2941 in
3024 2876 3237 2942 medio
3298 2897 3631 2943 armorum
3685 2877 3962 2961 strepitu
4018 2897 4095 2943 ac
4157 2877 4417 2943 fervore

2474 2963 2769 3063 permitti
2812 2960 2934 3063 sibi
2969 2962 3166 3046 cupit,
3209 2961 3396 3029 illum
3432 2961 3793 3046 profligatis
3825 2962 4157 3062 caesisque
4190 2961 4417 3062 gigan-

2475 3047 3684 3220 }'ffinssssqffiffitfiff‘ifflffifflgff’
3700 3046 4415 3199 33.3‡3.⁸¹}2.135?c3⁵5

2475 3221 2673 3287 Ratio
2717 3218 2990 3287 cavendi
3034 3225 3136 3283 est
3150 3269 3167 3297 ,
3211 3239 3296 3283 ne
3337 3218 3410 3283 in
3454 3238 3868 3284 communem
3910 3217 4127 3284 tribus
4169 3225 4413 3284 sortem

2476 3308 2717 3373 veniat.
2803 3304 2963 3370 Ideo
3005 3324 3140 3370 non
3185 3304 3363 3370 solus
3420 3303 3561 3387 ipse
3612 3324 3878 3370 causam
3935 3303 4238 3387 suscipit:
4296 3303 4412 3369 sed

2475 3392 2750 3459 tribules
2793 3410 3049 3475 quoque
3092 3388 3212 3455 filii
3253 3388 3425 3455 Iuda
3475 3387 3921 3456 subscribunt:
3979 3388 4134 3472 quia
4196 3397 4415 3455 extra-

2471 3476 2801 3544 ordinario
2843 3476 2968 3541 hoc
3009 3495 3286 3542 munere
3328 3473 3501 3559 quod
3542 3475 3612 3540 in
3656 3495 3854 3540 unam
3901 3474 4216 3540 familiam
4257 3494 4411 3541 con·-

2471 3563 2803 3630 ferebatur
2843 3562 3060 3641 fiebat,
3104 3569 3181 3627 ut
3222 3559 3612 3627 tantundem
3652 3558 3952 3626 omnibus
3995 3567 4410 3628 accresceret.

2473 3647 2798 3731 Quamvis
2840 3668 2996 3732 ergo
3030 3646 3209 3713 solus
3228 3646 3429 3714 Oaleb
3472 3645 3673 3713 verba
3714 3644 3931 3724 faciat,
3972 3645 4158 3712 adest
4190 3652 4415 3715 tamen

2471 3742 2609 3801 tota
2651 3732 2864 3801 tribus
2907 3734 3091 3799 cuius
3133 3733 3452 3799 intererat
3493 3731 3681 3797 illum
3724 3730 3848 3798 hoe
3887 3731 4179 3814 praemio
4235 3731 4412 3799 loeu-

2472 3819 2728 3904 pletari.
2816 3817 2958 3885 Our
3008 3838 3167 3885 vero
3225 3838 3464 3884 nomen
3507 3815 3823 3883 Kenisaei
3877 3813 4160 3883 inditum
4216 3816 4415 3882 fuerit

2473 3905 2602 3989 ipsi
2658 3903 2893 3984 Galeb,
2964 3902 3129 3969 mihi
3192 3923 3322 3969 non
3378 3903 3602 3987 liquet.
3705 3899 3818 3968 Sic
3883 3902 4081 3968 etiam
4145 3910 4415 3969 vocatur

2472 3991 2745 4058 Numer.
2787 3991 2890 4056 32.
2976 3989 3117 4056 Nec
3159 4009 3314 4055 vero
3357 4009 3464 4053 me
3504 3987 3668 4053 latet
3708 3986 3865 4072 quid
3908 3986 4021 4054 alii
4078 3984 4411 4053 divinent:

2473 4098 2711 4161 nempe
2752 4078 2845 4142 ita
2886 4074 3417 4161 cognominatum
3458 4072 3657 4140 fuisse
3700 4093 3741 4139 a
3781 4073 4010 4139 Kenas
4024 4123 4042 4153 ,
4086 4072 4203 4174 yel
4240 4072 4416 4157 quod

2473 4163 2645 4246 apud
2702 4162 3067 4229 Kenisaeos
3131 4158 3526 4226 habitaverit
3581 4159 3605 4223 i
3688 4180 3754 4239 e,
3821 4166 3937 4225 aut
3992 4178 4139 4243 quis
4183 4179 4315 4224 iam
4374 4178 4413 4223 e

2476 4247 2845 4315 maioribus.
2936 4245 3071 4314 Sed
3135 4244 3308 4329 apud
3365 4264 3471 4310 me
3524 4244 3595 4309 ni
3650 4244 3691 4308 ‘l
3749 4245 4032 4311 firmum.
4187 4243 4298 4310 uid
4354 4245 4414 4310 si

2474 4334 2558 4401 ab
2590 4333 2807 4416 aliquo
2840 4332 3087 4416 insigni
3121 4339 3275 4397 actu
3309 4330 3571 4396 titulum
3607 4328 3883 4414 adeptus
3911 4330 4155 4396 fuerit?
4201 4329 4414 4398 Sicuti

2475 4420 2758 4487 victores
2816 4415 3144 4484 interdum
3207 4435 3568 4500 cognomen
3625 4436 3709 4481 ex
3762 4415 4069 4501 gentibus
4123 4416 4412 4483 subactis

2473 4509 2838 4571 assumunt.
2923 4501 3152 4603 Primo
3167 4551 3204 4601 ².
3242 4501 3395 4586 quia
3451 4519 3665 4600 neque
3706 4501 3777 4567 in
3823 4500 4112 4584 publicas
4153 4501 4412 4601 tabulas

2472 4591 3210 4759 {ztmzw
3149 4606 3432 4752 ψεῖ
3475 4593 4412 4771 sszsszgtz‘ffiffl‘tss

2473 4762 2604 4828 bile
2644 4769 2864 4826 autem
2909 4766 3041 4838 est,
3100 4778 3302 4843 quum
3360 4757 3805 4842 exploratores
3865 4757 4084 4823 decem
4143 4777 4411 4823 nomina

2474 4844 2769 4915 Enakim
2811 4844 2895 4911 ad
2938 4843 3321 4911 terrendum
3360 4844 3675 4928 populum
3718 4842 4145 4909 obiectarent:
4206 4841 4408 4909 Oaleb

2473 4941 2550 4999 ut
2592 4951 2816 4998 eorum
2861 4929 3343 5015 improbitatem
3385 4928 3730 5007 refelleret,
3743 5013 3757 5027 ·
3774 4927 3945 5012 quod
3989 4947 4222 4995 verum
4268 4934 4412 4993 erat

2472 5016 2913 5101 respondisse,
2966 5036 3077 5083 eos
3129 5035 3332 5098 quum
3384 5016 3701 5098 aspiceret
3738 5033 3811 5077 ιιι
3855 5020 4074 5083 monte
4115 5011 4406 5090 Hebron,

2473 5102 2634 5169 adeo
2655 5123 2788 5168 non
2810 5102 3012 5169 fuisse
3045 5100 3385 5180 terribiles,
3423 5110 3500 5165 ut
3519 5120 3629 5165 eos
3661 5118 3952 5165 seorsum
3979 5118 4410 5183 aggressurus

2430 5208 2437 5225 ⁵
2475 5196 2665 5266 esset,
2702 5187 2893 5253 modo
2912 5186 3045 5253 illis
3079 5185 3372 5270 expulsis
3406 5182 3798 5252 succederet.
3863 5184 4083 5268 Atque
4115 5183 4241 5249 hac
4262 5184 4409 5268 lege

2473 5274 2944 5342 habitationem
2997 5292 3038 5338 a
3089 5272 3273 5339 Mose
3335 5272 3534 5338 fuisse
3586 5288 3956 5336 concessam
4013 5269 4087 5334 in
4137 5289 4214 5335 eo
4265 5269 4408 5335 loco

2473 5380 2670 5444 quem
2710 5380 2831 5427 sua
2870 5356 3252 5426 fortitudine
3292 5355 3712 5440 acquisiisset.
