5017 6142
604 425 734 493 559

606 616 730 695 eis,
784 632 976 697 neque
1034 612 1371 679 incursetis
1425 630 1536 676 vos
1583 610 1692 681 eis.
1787 609 1846 676 8.
1911 608 2035 676 Sed
2089 607 2351 676 Iehovae
2404 606 2546 674 Deo

601 706 802 768 vestro
851 697 1267 776 adhaereatis,
1310 699 1473 764 sieut
1510 695 1752 780 fecistis
1792 716 1990 780 usque
2029 695 2117 761 ad
2157 694 2324 760 diem
2365 692 2545 760 hane.

603 788 664 854 9.
720 785 1059 868 Propterea
1114 783 1358 868 expulit
1399 803 1442 850 a
1480 783 1647 866 facie
1688 787 1900 848 vestra
1937 785 2143 865 yentes
2182 799 2449 864 maynas
2491 783 2550 843 et

598 873 796 958 fortes
813 922 829 952 ,
885 890 994 936 nec
1043 870 1208 935 stetit
1250 869 1590 952 quisquam
1630 868 1701 934 in
1742 871 2069 949 conspectu
2111 871 2308 932 vestro
2350 885 2549 947 usque

602 960 692 1028 ad
745 958 910 1024 diem
965 955 1142 1022 hanc.
1223 954 1325 1020 10.
1385 953 1504 1019 Vir
1556 974 1724 1020 unus
1774 972 1853 1019 ex
1906 952 2076 1018 vobis
2121 956 2547 1033 persequutus

601 1049 694 1112 est
732 1042 922 1122 mille,
966 1042 1120 1126 quia
1156 1040 1386 1107 Iehova
1418 1039 1600 1105 Deus
1642 1043 1837 1105 vester
1871 1042 1961 1103 est
2001 1037 2112 1118 qm·
2143 1041 2388 1120 puynat
2417 1055 2546 1118 pro

601 1129 790 1206 vobis,
833 1128 994 1194 siccat
1029 1127 1322 1209 loquutus
1357 1126 1571 1209 fuerat
1612 1124 1799 1191 vobis.
1863 1123 1963 1189 11.
2017 1120 2327 1190 Gustodite
2367 1121 2549 1188 valde

601 1236 795 1298 super
858 1211 1189 1279 animabus
1240 1211 1466 1278 vestris
1519 1217 1593 1277 ut
1643 1209 1928 1295 daiqatis
1986 1206 2282 1274 Iehovam
2336 1205 2549 1273 Deum

603 1306 894 1368 vestrum,

773 1384 904 1451 Hic
947 1392 1256 1450 narratur
1296 1382 1584 1450 solennis
1627 1379 2028 1458 contestatio,
2072 1397 2201 1462 qua
2242 1398 2401 1443 usus
2444 1383 2549 1441 est

602 1472 797 1539 Iosue
841 1469 961 1536 sub
1005 1480 1266 1553 tempus
1310 1469 1558 1544 mortis,
1605 1477 1680 1532 ut
1722 1486 1962 1550 purum
1998 1464 2125 1529 Dei
2161 1463 2410 1530 cultum
2455 1464 2544 1529 si-

600 1558 666 1624 bi
736 1555 1162 1640 superstitem
1232 1553 1653 1638 relinqueret.
1756 1552 1902 1617 Etsi
1977 1559 2197 1615 autem
2247 1547 2356 1614 hic
2415 1568 2544 1631 pax

601 1653 669 1710 et
710 1644 895 1728 quies
935 1661 1067 1726 qua
1108 1639 1304 1725 potiti
1346 1649 1503 1706 sunt
1524 1637 1861 1705 Israelitae
1904 1636 2077 1701 inter
2115 1642 2344 1720 gentes
2367 1632 2546 1699 Cha-

600 1750 774 1796 naan
827 1748 947 1812 pro
1011 1726 1252 1792 eximio
1306 1725 1436 1791 Dei
1493 1723 1803 1790 beneficio
1857 1735 2186 1789 censetur:
2248 1729 2544 1803 repetere

600 1825 818 1883 tamen
878 1814 1193 1879 memoria
1249 1812 1556 1877 convenit
1612 1808 1783 1894 quod
1841 1816 1993 1873 ante
2039 1805 2258 1882 docui,
2313 1825 2543 1870 eorum

597 1901 876 1988 ignavia*
900 1900 1143 1966 factum
1179 1917 1340 1975 esse,
1389 1905 1460 1961 ut
1494 1896 1670 1960 inter
1704 1895 1928 1960 hostes
1960 1913 2112 1959 suos
2152 1892 2547 1974 habitarent,

595 2007 761 2072 quos
817 1985 1167 2069 profligare
1222 1990 1289 2047 et
1341 1981 1599 2047 abolere
1656 1979 1920 2046 difficile
1980 2000 2112 2044 non
2155 1985 2317 2043 erat.
2406 1974 2543 2042 Sed

599 2071 841 2139 merito
898 2068 1208 2135 laudatur
1251 2068 1379 2133 Dei
1438 2066 1882 2150 indulgentia,
1940 2063 2113 2148 quod
2173 2083 2396 2129 eorum
2440 2063 2543 2126 in-

597 2154 1000 2243 gratitudini
1055 2154 1399 2240 ignoverit.
1487 2152 1611 2219 Pia
1667 2153 1864 2218 etiam
1920 2147 2289 2217 sollicitudo
2348 2148 2544 2213 Iosue

595 2241 906 2310 omnibus
929 2241 1039 2325 qui
1084 2238 1229 2306 aliis
1272 2247 1589 2323 praesunt
1630 2235 1713 2303 ad
1755 2237 2192 2302 imitationem
2236 2234 2347 2301 hic
2389 2253 2541 2317 pro·

685 2329 885 2394 nitur.
967 2326 1138 2392 Nam
1181 2325 1377 2392 sicuti
1421 2323 1895 2408 paterfamilias
1937 2342 2071 2387 non
2115 2321 2276 2388 satis
2318 2319 2542 2404 provi·

595 2351 722 2481 {gs
770 2411 1198 2497 reputabitur,
1242 2411 1297 2477 si
1335 2420 1590 2475 tantum
1635 2408 1717 2475 de
1758 2408 1895 2474 suis
1937 2407 2162 2473 liberis
2207 2426 2412 2490 usque
2455 2403 2538 2469 ad

596 2501 778 2566 vitae
834 2500 1032 2564 finem
1090 2497 1370 2582 cogitat,
1429 2495 1559 2561 nisi
1619 2515 1847 2562 curam
1890 2515 2076 2560 suam
2122 2491 2381 2576 longius
2423 2511 2540 2556 ex-

598 2584 827 2652 tendat
842 2635 858 2662 ,
918 2591 987 2649 et
1034 2580 1248 2666 quoad
1303 2582 1375 2646 in
1433 2604 1505 2648 se
1547 2590 1648 2646 est
1690 2578 1954 2646 studeat
1995 2578 2192 2645 etiam
2237 2584 2539 2643 mortuus

596 2669 936 2755 prodesse:
997 2669 1090 2733 ita
1144 2667 1299 2734 boni
1358 2668 1784 2753 magistratus
1834 2676 1902 2731 et
1944 2663 2253 2748 praefecti
2287 2662 2539 2746 prospi-

595 2778 741 2824 cere
788 2754 1060 2832 debent,
1117 2762 1192 2818 ut
1233 2773 1428 2837 quem
1473 2753 1857 2835 relinquunt
1896 2749 2062 2816 bene
2106 2747 2536 2832 compositum

595 2851 861 2920 statum,
906 2840 1293 2906 confirment
1328 2859 1404 2905 ac
1438 2844 1793 2922 prorogent
1825 2836 1894 2901 in
1940 2836 2214 2919 longum
2259 2844 2537 2918 tempus.

593 2929 744 2995 Hac
789 2925 1045 2992 ratione
1089 2924 1318 2991 scribit
1361 2924 1605 2990 Petrus
1647 2944 1718 2988 se
1760 2920 2074 2987 daturum
2117 2939 2379 3003 operam
2398 2970 2416 3000 ‚
2465 2925 2541 2983 ut

596 3034 799 3099 quum
837 3011 1227 3095 migraverit
1268 3031 1305 3074 e
1350 3008 1614 3089 mundo,
1659 3029 1930 3074 suarum
1974 3014 2197 3073 tamen
2241 3005 2538 3071 admoni-

594 3100 849 3165 tionum
910 3117 1162 3162 memor
1209 3096 1295 3162 sit
1339 3096 1630 3173 ecclesia,
1675 3095 2086 3176 fructumque
2130 3091 2283 3157 inde
2327 3090 2537 3176 perci·

640 3186 735 3251 iat
790 3180 876 3269 (2.
923 3183 1067 3248 Pet.
1117 3182 1173 3261 1,
1224 3181 1348 3268 15).
1439 3179 1633 3262 Quod
1687 3179 1929 3244 dicitur
1993 3197 2259 3243 vocasse
2324 3187 2537 3241 totum

594 3207 910 3337 Israelem
929 3319 946 3348 ,
1006 3268 1320 3334 continuo
1376 3279 1592 3333 autem
1638 3276 1788 3349 post
1831 3264 2205 3345 subiicitur,
2247 3263 2541 3329 seniores

596 3358 756 3434 eius,
803 3364 870 3421 et
912 3355 1160 3438 capita,
1217 3367 1285 3419 et
1327 3353 1607 3432 iudices,
1653 3362 1721 3418 et
1763 3351 2150 3434 praefectos,
2196 3350 2289 3416 sic
2331 3350 2537 3414 inter—

595 3451 838 3527 pretor,
882 3438 1188 3506 omnibus
1237 3438 1498 3523 quidem
1543 3438 1745 3504 fuisse
1789 3436 2198 3520 permissum,
2243 3441 2320 3500 ut
2361 3435 2542 3501 veni-

597 3535 779 3605 rent,
841 3523 954 3591 sed
1013 3535 1413 3592 conventum
1464 3522 1785 3591 indictum
1842 3523 2042 3588 fuisse
2099 3519 2420 3605 capitibus
2464 3540 2542 3586 ac

596 3612 960 3697 praefectis.
1029 3613 1247 3695 Atque
1290 3612 1386 3677 ita
1426 3610 1553 3679 hoc
1595 3608 1920 3693 posterius
1964 3608 2329 3674 membrum
2373 3606 2540 3672 mihi

598 3718 720 3764 exe
766 3697 1003 3764 sticum
1048 3716 1191 3763 esse
1234 3696 1517 3763 videtur.
1583 3696 1676 3762 Et
1716 3703 1895 3762 certe
1938 3693 2121 3759 nullo
2164 3691 2356 3759 modo
2399 3713 2538 3758 cre·

598 3782 733 3850 dibi
760 3805 796 3849 e
869 3793 969 3848 est
1039 3791 1248 3848 totum
1300 3782 1613 3866 populum
1672 3781 1871 3847 fuisse
1932 3787 2268 3847 vocatum:
2332 3798 2539 3863 neque

596 3870 790 3936 etiam
851 3868 996 3934 fieri
1056 3869 1282 3951 potuit..
1386 3867 1532 3934 Hoc
1590 3869 1811 3951 itaque
1867 3865 2058 3932 modo
2116 3872 2385 3931 vocatus
2439 3872 2541 3929 est

597 3955 875 4040 populus
899 3954 1053 4037 quia
1071 3953 1450 4030 senioribus,
1494 3951 1836 4031 iudicibus,
1874 3961 1940 4016 et
1975 3949 2124 4017 aliis
2159 3950 2541 4016 mandatum

598 4041 725 4107 fuit
781 4048 858 4106 ut
911 4040 1250 4118 venirent,
1310 4047 1377 4104 et
1419 4059 1639 4106 secum
1692 4037 2092 4103 adducerent
2135 4035 2541 4102 voluntarios

597 4147 910 4212 quosque.
1011 4124 1355 4192 Recitatur
1420 4124 1683 4209 quidem
1741 4122 1983 4206 duplex
2041 4142 2257 4188 sermo
2310 4119 2539 4187 Iosue:

600 4210 717 4279 sed
741 4211 902 4277 mihi
935 4210 1200 4277 videtur
1234 4213 1516 4294 scriptor
1558 4210 1893 4287 historiae,
1937 4207 2247 4287 breviter,
2293 4216 2369 4273 ut
2410 4205 2545 4271 fert

598 4299 865 4384 linguae
889 4318 1067 4376 usus,
1102 4296 1301 4362 totius
1335 4298 1661 4363 concionis
1705 4316 2029 4362 summam
2074 4292 2540 4378 perstringere,

601 4383 839 4451 deinde
873 4382 1072 4449 latius
1108 4383 1412 4467 persequi
1449 4403 1524 4449 ac
1565 4381 1906 4467 complecti
1950 4401 2117 4465 quae
2162 4380 2541 4464 praetermi-

600 4476 795 4537 serat.
881 4467 963 4532 In
1014 4468 1156 4547 hac,
1201 4488 1366 4550 quae
1400 4469 1686 4553 priorem
1734 4468 1947 4534 locum
1996 4466 2278 4545 obtinet,
2329 4466 2540 4532 brevi-

600 4564 755 4635 tate,
800 4554 996 4619 Iosue
1037 4553 1350 4637 populum
1397 4554 1479 4618 ad
1522 4562 1768 4621 certam
1812 4553 2164 4621 continuae
2208 4565 2276 4617 et
2317 4552 2537 4617 infati-

648 4640 837 4707 abilis
872 4638 1002 4705 Dei
1036 4639 1288 4723 gratiae
1332 4638 1640 4706 fiduciam
1684 4638 1985 4706 hortatur
2029 4649 2223 4723 atque
2267 4639 2535 4705 animat.

599 4664 771 4793 {lain
819 4746 1021 4810 quum
1059 4726 1317 4809 experti
1360 4734 1581 4792 essent
1625 4726 1842 4792 Deum
1898 4727 1967 4790 in
2034 4725 2337 4791 omnibus
2395 4744 2538 4791 esse

602 4832 919 4892 veracem,
964 4811 1146 4877 nulla
1188 4811 1260 4877 in
1307 4821 1638 4897 posterum
1686 4811 2004 4877 dubitatio
2026 4810 2535 4896 relinquebatur,

602 4899 761 4986 quin
820 4897 1086 4965 eosdem
1144 4906 1288 4964 tuto
1344 4907 1686 4980 sperarent
1726 4917 2062 4964 successus
2120 4898 2189 4963 in
2242 4896 2537 4963 hostibus

602 4985 944 5053 vincendis
1015 5007 1090 5053 ac
1143 4982 1509 5070 perdendis.
1613 4981 2040 5049 Sortitionem
2100 5003 2353 5068 quoque
2410 5004 2540 5067 qua

600 5072 736 5137 illis
766 5071 1092 5138 residuam
1139 5082 1382 5136 terram
1427 5066 1868 5146 distribuerat,
1914 5078 2223 5152 tanquam
2270 5070 2534 5135 arrham

605 5158 711 5224 vel
735 5157 973 5241 pignus
1006 5155 1314 5223 indubiae
1356 5155 1685 5221 fruitionis
1728 5154 1798 5219 in
1844 5153 2057 5220 medio
2100 5154 2233 5219 illis
2276 5155 2535 5222 statuit:

604 5244 756 5327 quia
789 5263 922 5307 non
957 5250 1219 5321 temere,
1264 5242 1378 5310 sed
1402 5242 1530 5308 Dei
1566 5241 1747 5308 iussu
1791 5260 1978 5305 suam
2024 5240 2252 5323 cuique
2296 5241 2538 5325 sedem,

602 5348 883 5411 suosque
926 5328 1089 5393 fines
1133 5327 1586 5414 descripserat.

1714 418 2454 489 COMMENTARIUS
2497 419 2595 486 IN
2640 418 2920 489 IOSUE
2965 420 3161 488 CAP.
3207 419 3477 488 XXIII.

4464 415 4591 483 560

2823 611 2882 676 6.
2932 609 3240 677 Roborate
3261 610 3479 695 iyitur.
3539 609 3683 675 Iam
3718 606 3982 674 modum
4022 604 4330 674 vincendi
4367 614 4586 673 osten-

2650 694 2776 775 dit,
2836 717 2917 761 ne
2975 716 3262 762 crassam
3321 696 3740 762 securitatem
3760 744 3777 773 ,
3834 702 3910 759 ut
3964 714 4158 778 saepe
4214 693 4357 759 fieri
4401 691 4585 769 solet,

2651 782 2790 847 loco
2832 780 3108 848 fiduciae
3152 782 3493 867 arripiant.
3552 781 3769 847 Deum
3816 780 4021 865 igitur
4065 779 4423 865 propitium
4458 777 4587 842 illis

2651 868 2788 933 fore
2831 867 3133 944 affirmat,
3178 878 3244 932 et
3285 867 3598 953 quidquid
3658 865 3952 951 aggressi
4005 864 4253 932 fuerint
4309 862 4587 929 feliciter

2652 974 2987 1019 cessurum
3013 953 3354 1036 promittit,
3398 954 3453 1020 si
3490 950 3682 1018 modo
3717 953 3787 1016 in
3822 951 3988 1036 legis
4028 950 4398 1018 obedientia
4443 970 4588 1033 per·

2652 1040 2904 1105 sistant.
2982 1038 3387 1124 Hypocritae
3429 1038 3730 1124 quamvis
3772 1057 3999 1103 secure
4037 1036 4253 1103 Deum
4298 1045 4586 1103 contem·

2651 1132 2816 1192 nant
2875 1146 2951 1190 ac
2993 1123 3362 1203 derideant,
3420 1146 3568 1191 eum
3629 1135 3844 1188 tamen
3891 1122 4136 1188 vellent
4179 1122 4303 1188 sibi
4345 1119 4588 1186 habere

2648 1208 3061 1277 obstrictum:
3108 1211 3240 1275 imo
3263 1209 3472 1293 plenis
3499 1210 3720 1277 buccis
3762 1229 3894 1274 non
3941 1208 4084 1275 sine
4127 1206 4408 1274 ludibrio
4450 1207 4585 1273 iac·

2650 1303 2798 1361 tant
2864 1296 3006 1361 eius
3076 1295 3555 1379 promissiones.
3657 1296 3864 1378 Atqui
3929 1314 4089 1360 vera
4143 1292 4309 1360 fides
4361 1293 4455 1358 sic
4512 1293 4586 1357 in

2650 1381 2865 1447 Deum
2922 1381 3274 1457 recumbit,
3335 1392 3408 1446 ut
3461 1380 3655 1447 simul
3703 1379 4001 1447 homines
4045 1381 4116 1444 in
4162 1380 4303 1446 eius
4347 1379 4587 1445 tim0re

2648 1467 2948 1533 retineat.
3069 1466 3371 1551 Denique
3450 1480 3526 1533 ut
3589 1465 3966 1531 inveniatur
4043 1466 4256 1545 Deus,
4331 1466 4587 1533 sincere

2648 1554 3057 1702 guaerendus
3092 1561 3222 1619 est:
3268 1561 3334 1618 et
3368 1553 3426 1618 si
3461 1553 3694 1637 respici
3740 1552 3819 1617 ab
3865 1572 3942 1617 eo
3984 1552 4301 1636 cupimus,
4345 1571 4588 1618 caven-

2695 1660 2804 1704 um
2850 1659 2934 1705 ne
2977 1646 3162 1723 terga
3206 1639 3266 1704 ei
3310 1638 3749 1705 obvertemus.
3830 1638 4052 1704 Verbo
4094 1635 4462 1718 roborandi,
4509 1648 4585 1702 ut-

2650 1723 2803 1790 alibi
2851 1723 3100 1791 dictum
3142 1733 3269 1803 est,
3316 1725 3557 1790 serium
3603 1722 3893 1789 studium
3939 1721 4271 1808 designat:
4315 1723 4467 1806 quia
4510 1724 4583 1788 in

2657 1818 2841 1876 tanta
2898 1811 3340 1877 imbecillitate
3398 1829 3592 1876 nemo
3652 1808 3733 1874 ad
3792 1807 4182 1875 servandam
4243 1808 4305 1874 le
4353 1830 4456 1873 em
4512 1830 4583 1876 se

2648 1898 2907 1978 penitus
2950 1895 3262 1981 accinget,
3308 1896 3435 1961 nisi
3480 1914 3679 1980 supra
3725 1895 3896 1960 vires
3941 1895 4210 1961 nitatur.
4342 1893 4583 1960 otanda

2647 1982 2843 2047 etiam
2888 2001 3085 2047 verae
3129 1981 3538 2048 obedientiae
3582 1980 3889 2061 definitio,
3933 2001 4099 2064 quae
4143 1980 4250 2048 hic
4284 2000 4366 2046 ex
4399 1980 4582 2047 Mose

2645 2068 2996 2238 ἔῧρθιίιιιέ,
3020 2088 3133 2240 3¹33
3176 2067 3597 2135 deflectamus
3638 2066 3722 2131 ad
3758 2066 4062 2132 dextram
4107 2066 4210 2133 vel
4245 2065 4580 2133 sinistram

2741 2165 2869 2220 eut.
2962 2205 2976 2231 ,
3138 2204 3151 2219 .

2818 2241 2877 2305 7.
2928 2239 3141 2321 Neque
3182 2239 3721 2305 commisceamini.
3793 2236 4062 2303 Diserte
4104 2235 4410 2303 admonet
4448 2259 4579 2303 non

2646 2324 2839 2391 aliter
2895 2326 3094 2409 probe
3147 2326 3590 2392 satisfacturos
3644 2344 3785 2390 esse
3841 2323 4054 2388 officio
4071 2375 4089 2403 ,
4153 2323 4278 2390 nisi
4336 2331 4581 2390 attente

2645 2411 2769 2476 sibi
2839 2422 3115 2477 caveant
3186 2411 3267 2477 ab
3326 2410 3629 2476 omnibus
3684 2407 4101 2492 corruptelis:
4160 2408 4330 2492 quod
4389 2408 4581 2477 valde

2644 2497 3087 2563 necessarium
3157 2496 3281 2562 fuit
3348 2497 3478 2562 illis
3542 2496 3935 2579 praecipere.
4033 2493 4337 2578 Undique
4407 2495 4580 2561 enim

2641 2580 3028 2648 circumdati
3062 2593 3251 2648 erant
3285 2580 3617 2650 Sathanae
3635 2579 3905 2665 laqueis,
3949 2588 4015 2646 et
4057 2580 4299 2648 scimus
4340 2590 4583 2665 quanta

2639 2687 2867 2733 eorum
2897 2668 3096 2734 fuerit
3133 2666 3218 2733 ad
3261 2666 3759 2751 superstitiones
3805 2666 4168 2751 propensio,
4216 2665 4320 2732 vel
4364 2668 4581 2750 potius

2643 2775 2836 2838 quam
2908 2774 3220 2837 praeceps
3274 2752 3614 2838 cupiditas.
3714 2752 3940 2819 Primo
3996 2753 4201 2837 igitur
4257 2758 4440 2819 vetat
4498 2773 4582 2818 ne

2640 2839 2913 2905 interior
2968 2840 3261 2924 gentium
3316 2836 3726 2907 necessitudo
3769 2837 4085 2904 scelerum
4129 2837 4444 2905 societate
4478 2859 4585 2905 eos

2641 2924 2959 3009 implicet,
3018 2925 3273 2992 misceri
3333 2926 3506 2991 enim
3563 2924 3686 2991 hoc
3742 2924 3883 2990 loco
3939 2923 4331 2989 tantundem
4390 2924 4579 3004 valet,

2642 3022 2837 3094 atque
2900 3011 3072 3095 apud
3117 3010 3401 3077 Paulum
3463 3011 3693 3095 iugum
3740 3009 3974 3076 ducere
4017 3007 4104 3096 (2.
4152 3008 4299 3076 Cor.
4345 3010 4408 3090 6,
4456 3010 4581 3096 14).

2640 3097 2944 3180 Denique
3003 3097 3216 3180 primo
3271 3094 3680 3164 idololatriae
3734 3094 4025 3162 fomenta
4083 3095 4186 3163 vel
4241 3094 4582 3163 illecebras

2638 3190 2965 3248 removet:
3012 3181 3245 3249 deinde
3281 3184 3304 3246 i
3424 3204 3489 3247 m
3534 3180 3966 3247 idololatriam
4011 3180 4389 3249 detestatur.
4448 3181 4582 3249 No·

2641 3267 2914 3333 tandum
2962 3289 3116 3335 vero
3161 3290 3288 3353 quo
3377 3289 3588 3351 neque
3632 3267 4176 3352 genuflexionem,
4221 3287 4434 3351 neque
4477 3289 4579 3335 sa·

2641 3354 2914 3432 crificia,
2975 3375 3187 3437 neque
3244 3354 3404 3420 alios
3458 3356 3625 3420 ritus
3684 3354 4028 3438 exprimit:
4074 3352 4187 3419 sed
4235 3374 4581 3438 perversos

2642 3462 2868 3507 omnes
2891 3439 3107 3506 cultus
3131 3438 3268 3506 desi
3318 3448 3436 3505 nat
3467 3437 3741 3506 vocibus
3762 3439 4172 3506 memorandi
4199 3450 4268 3505 et
4296 3439 4576 3506 iurandi.

2641 3525 2837 3593 Unde
2872 3524 3235 3610 colligimus
3314 3525 3529 3591 etrahi
3558 3525 3700 3591 Deo
3737 3546 3931 3591 suum
3970 3526 4302 3606 honorem,
4340 3525 4456 3592 ubi
4497 3546 4582 3591 ex

2642 3610 2945 3678 omnibus
3000 3631 3168 3695 quae
3224 3611 3350 3677 sibi
3408 3610 3716 3679 vendicat
3758 3611 3865 3677 vel
3907 3610 4237 3676 tantillum
4283 3610 4365 3676 ad
4410 3609 4583 3678 idola

2642 3696 3052 3764 transfertur.
3140 3696 3374 3782 Itaque
3433 3697 3762 3764 concludit
3805 3706 3880 3762 ut
3925 3696 4067 3762 Deo
4110 3697 4226 3761 uni
4270 3696 4581 3763 adhaere-

2645 3794 2797 3935 adnglt
2857 3784 3028 3868 quod
3086 3783 3477 3849 tantundem
3540 3782 3717 3850 valet
3758 3793 3955 3866 atque
4001 3783 4072 3848 in
4116 3780 4397 3848 solidum
4443 3804 4582 3850 esse

2642 3891 2681 3935 a
2775 3869 2951 3935 ‘ctos

2815 3954 2876 4021 9.
2925 3954 3269 4037 Propterea
3323 3954 3578 4038 expulit.
3671 3952 4017 4039 Significat
4074 3952 4266 4019 modo
4326 3977 4407 4021 ne
4456 3955 4582 4038 ipsi

2646 4050 3014 4117 mutentur,
3061 4040 3276 4106 Deum
3335 4060 3416 4105 ex
3475 4061 3593 4106 sua
3642 4054 3828 4124 parte
3872 4038 4141 4104 minime
4183 4038 4324 4106 fore
4367 4050 4579 4106 muta·

2645 4126 2861 4193 bilem.
2960 4125 3187 4209 Itaque
3255 4125 3445 4192 modo
3503 4126 3627 4193 sibi
3691 4126 3812 4191 Dei
3869 4124 4161 4190 favorem
4212 4126 4579 4205 concilient,

2644 4214 3030 4279 continuum
3089 4211 3507 4280 victoriarum
3551 4220 3845 4277 tenorem
3889 4211 4026 4275 fore
4067 4211 4317 4278 asserit.
4407 4213 4579 4279 Tan-

2645 4298 2793 4364 dem
2839 4298 3080 4365 iterum
3118 4296 3444 4373 hortatur,
3491 4307 3565 4362 ut
3609 4303 3919 4380 quantum
3957 4295 4089 4362 illis
4129 4317 4282 4363 cara
4324 4307 4428 4363 est
4465 4318 4584 4363 sua

2644 4385 2785 4451 vita
2828 4393 2897 4450 et
2937 4384 3151 4462 salus,
3190 4384 3424 4449 attenti
3467 4383 3602 4449 sint
3642 4382 3724 4448 ad
3770 4382 3988 4447 Deum
4033 4382 4404 4449 amandum.
4475 4384 4581 4450 Ex

2644 4492 2771 4554 quo
2826 4471 3004 4536 fonte
3059 4469 3364 4534 oriuntur
3421 4468 3643 4534 omnia
3683 4486 3843 4533 vera
3886 4469 4002 4534 obs
4087 4467 4212 4548 uia,
4259 4469 4414 4553 quia
4456 4469 4583 4535 nisi

2643 4556 3009 4623 liberaliter
3040 4575 3491 4640 propensoque
3524 4554 3765 4621 affectu
3789 4575 3940 4619 eum
3984 4575 4059 4622 co
4085 4575 4291 4634 amus,
4336 4553 4584 4622 frustra

2645 4663 2865 4709 mores
2922 4654 3181 4708 nostros
3230 4661 3619 4725 componere
3661 4638 4069 4706 studebimus
4111 4639 4193 4706 ad
4236 4650 4582 4709 externam

2649 4728 2819 4814 legis
2861 4729 3158 4793 formam.

2817 4899 2917 4964 12.
2970 4897 3136 4981 Quia
3191 4898 3254 4964 si
3310 4898 3637 4964 avertendo
3693 4899 3904 4965 aversi
3942 4898 4215 4982 fueritis,
4257 4902 4316 4963 et
4356 4898 4581 4966 adhae-

2638 4985 2853 5051 seritis
2893 4984 3174 5050 residuis
3209 4982 3494 5068 qentibus
3534 4984 3711 5062 istis,
3755 4985 4032 5052 residuis
4047 5035 4063 5063 ,
4107 4984 4370 5067 inquam
4383 5034 4401 5065 ,
4444 4986 4582 5052 istis

2640 5090 2800 5154 quae
2819 5075 2966 5136 sunt
2982 5070 3326 5137 vobiscum:
3367 5075 3420 5136 et
3442 5067 3814 5153 affinitatem
3834 5070 4266 5137 contu-auritis
4298 5090 4441 5136 cum
4473 5071 4578 5149 eis,

2641 5162 2698 5223 et
2715 5156 3033 5222 misceatis
3050 5175 3160 5221 vos
3178 5175 3320 5221 eum
3341 5156 3450 5234 eis,
3474 5162 3531 5223 et
3549 5156 3728 5239 ipsae
3747 5155 4057 5222 vobiscum
4074 5181 4094 5221 .-
4127 5154 4228 5221 13.
4256 5154 4409 5223 Iam
4427 5176 4582 5223 nuno

2639 5243 2846 5309 scitote
2865 5240 3300 5325 quodposthac
3321 5240 3552 5308 Iehooa
3573 5241 3754 5308 Deus
3786 5247 3985 5307 vester
4012 5262 4133 5307 non
4166 5242 4428 5324 expellet
4460 5262 4581 5308 om-

2640 5328 3159 5415 nesqentesistas
3190 5327 3676 5410 afacievestra:
3716 5327 4066 5410 sedpotius
4100 5333 4282 5395 erunt
4313 5328 4483 5395 vobis
4513 5329 4578 5394 in
