5017 6142
631 425 760 493 435

632 634 767 684 non
807 613 1000 683 modo
1043 610 1375 697 probabile
1409 619 1530 694 est,
1571 610 1686 679 sed
1722 611 1989 679 omnino
2026 632 2426 696 persuasum,
2470 613 2585 679 ubi

634 722 721 769 ex
760 720 987 767 eorum
1016 699 1229 765 relatu
1263 718 1339 765 co
1387 698 1574 765 novit
1600 717 1765 781 quae
1793 697 2069 776 volebat,
2116 706 2273 765 tunc
2318 698 2584 764 demum

635 785 715 852 de
779 785 1014 853 castris
1078 805 1313 850 moven
1364 785 1439 849 is·
1491 783 1837 850 consilium
1903 786 2211 867 coepisse.
2312 784 2583 868 Alioqui

631 880 1052 956 praepostera
1091 871 1320 936 fuisset
1360 869 1713 948 festinatio,
1756 871 1936 935 viam
1979 870 2376 954 incognitam
2421 871 2587 936 arri-

632 976 821 1042 pere:
866 957 926 1024 si
967 954 1226 1039 quidem
1268 955 1429 1022 utile
1485 955 1821 1036 censebat,
1876 954 1962 1021 de
2004 955 2228 1023 multis
2270 955 2465 1022 rebus
2506 976 2582 1022 se

632 1044 817 1129 prius
862 1040 1094 1121 doceri,
1137 1061 1334 1125 quam
1379 1040 1611 1125 pedem
1654 1040 1930 1107 inferret
1970 1041 2043 1106 in
2086 1048 2330 1108 terram
2377 1041 2582 1109 hosti-

631 1130 782 1196 lem.
840 1128 980 1196 Nec
1014 1147 1169 1194 vero
1190 1146 1432 1194 novum
1468 1134 1587 1206 est,
1634 1126 1947 1210 temporis
1980 1127 2279 1193 ordinem
2315 1127 2579 1214 negligi,

632 1225 701 1282 et
743 1212 916 1299 quod
956 1213 1272 1279 omissum
1316 1213 1547 1290 fuerat,
1591 1210 1827 1278 deinde
1870 1214 2097 1281 attexi.
2157 1214 2337 1299 Ergo
2381 1222 2582 1297 caput

631 1298 993 1368 secundum
1074 1299 1199 1363 erit
1283 1307 1594 1381 tanquam
1681 1298 2096 1383 parenthesis
2170 1301 2577 1383 interposita,

677 1407 802 1452 uae
864 1385 1124 1470 plenius
1186 1383 1543 1450 lectoribus
1605 1384 1917 1467 explicet,
1983 1384 2244 1467 quando
2313 1385 2579 1452 tandem

669 1490 827 1539 osue
892 1469 1207 1554 populum
1269 1470 1536 1536 iusserit
1599 1488 1759 1535 vasa
1817 1468 2141 1554 colligere.
2227 1470 2358 1538 Ubi
2422 1491 2581 1556 ergo

631 1556 828 1624 rebus
872 1557 1037 1625 bene
1084 1556 1465 1639 compertis,
1523 1553 1693 1620 vidit
1748 1563 2081 1622 maturum
2124 1577 2267 1623 esse
2309 1577 2577 1642 progre-

635 1641 856 1709 diendi
900 1651 1189 1726 tempus,
1244 1639 1560 1725 populum
1603 1639 1813 1708 edicto
1853 1641 2046 1708 iussit
2088 1643 2170 1707 ad
2222 1642 2580 1725 expeditio-

632 1749 787 1796 nem
845 1749 918 1795 se
981 1727 1341 1812 accingere.
1449 1725 1557 1791 Ex
1614 1735 1799 1793 tanta
1869 1726 2106 1794 fiducia
2169 1730 2582 1812 pronunciat,

632 1814 855 1898 elapso
920 1813 1137 1881 triduo
1199 1812 1551 1878 Iordanem
1617 1814 2044 1879 transituros:
2109 1835 2450 1898 nunquam
2511 1815 2583 1881 id

631 1920 832 1968 ausus
873 1900 1121 1979 fuisset,
1157 1898 1289 1965 nisi
1323 1897 1561 1981 spiritu
1594 1906 2008 1983 suggerente.
2074 1898 2343 1966 Vadum
2387 1921 2583 1967 nemo

630 1995 1035 2065 tentaverat,
1097 2003 1220 2050 nec
1286 2004 1434 2067 spes
1499 1983 1970 2050 ostendebatur
2033 2004 2224 2069 posse
2284 1985 2354 2055 id
2416 1987 2580 2053 fieri.

627 2071 860 2155 Neque
912 2076 1159 2156 ponte,
1202 2090 1408 2153 neque
1463 2070 1747 2136 navibus
1804 2070 2107 2137 traiicere
2151 2070 2403 2139 licebat.
2491 2074 2584 2138 Et

630 2157 841 2225 facilis
883 2155 1257 2239 nulliusque
1300 2155 1547 2239 negotii
1591 2164 1733 2222 erat
1777 2155 2147 2239 prohibitis.
2201 2156 2385 2224 Nihil
2422 2178 2581 2243 ergo

630 2242 811 2309 aliud
850 2242 1171 2321 restabat,
1219 2240 1347 2307 nisi
1390 2248 1468 2306 ut
1507 2240 1685 2324 ipsos
1726 2242 1911 2309 Deus
1953 2242 2341 2310 mirabiliter
2382 2244 2579 2311 vehe-

630 2337 749 2396 ret.
839 2329 931 2395 Id¹
962 2327 1156 2395 Iosuc
1200 2348 1332 2393 non
1376 2335 1623 2394 temere
1671 2348 1883 2411 neque
1926 2348 2012 2394 ex
2053 2330 2314 2413 proprio
2356 2350 2579 2410 sensu,

630 2415 748 2482 sed
790 2422 865 2481 ιιι
906 2422 1048 2482 erat
1090 2412 1405 2480 divinitus
1453 2413 1885 2497 patefactum,
1943 2416 2251 2498 speravit.
2339 2415 2423 2480 In
2466 2414 2580 2481 ob-

630 2500 838 2585 sequii
904 2518 1161 2585 quoque
1224 2497 1739 2584 promptitudine
1804 2501 2045 2567 enituit
2105 2501 2333 2586 populi
2395 2501 2581 2580 fides,

630 2588 785 2671 quia
826 2594 1012 2657 tanta
1044 2585 1298 2653 obiecta
1338 2583 1745 2670 difficultate,
1791 2586 1918 2653 nisi
1961 2587 2205 2654 reiecta
2246 2588 2316 2652 in
2363 2587 2580 2653 Deum

628 2693 807 2754 cura,
826 2693 1163 2756 nunquam
1186 2671 1281 2736 ita.
1303 2669 1581 2737 fuissent
1606 2671 1935 2756 morigeri.
1973 2672 2039 2738 N
2039 2694 2113 2740 ec
2136 2694 2291 2739 vero
2307 2672 2576 2738 dubium

628 2764 761 2840 est,
821 2759 982 2842 quin
1047 2758 1219 2824 hanc
1280 2754 1682 2822 alacritatem
1738 2757 2054 2826 indiderit
2067 2757 2298 2835 ‚Deus
2350 2778 2577 2824 eorum

628 2845 897 2923 animis,
956 2851 1032 2909 ut
1069 2840 1406 2908 obstacula
1448 2844 1698 2923 omnia,
1746 2863 1915 2927 quae
1975 2845 2217 2911 morari
2276 2851 2581 2928 poterant

626 2930 1074 3014 promissionis
1117 2927 1440 3007 effectum,
1488 2927 1760 2996 tolleret.

805 3016 903 3083 12.
969 3015 1083 3081 Aa
1138 3012 1505 3080 Rubenitas.
1594 3012 1924 3083 Gonoessa
1981 3016 2112 3083 illis
2163 3017 2383 3084 fuerat
2424 3017 2580 3083 hae-

627 3102 877 3169 reditas
920 3110 1107 3167 trans
1146 3099 1495 3166 Iordanem
1540 3101 1664 3168 hac
1704 3100 1868 3189 lege,
1919 3110 1996 3167 ut
2036 3103 2109 3168 in
2151 3103 2580 3188 profligandis

629 3188 933 3274 gentibus
996 3185 1316 3253 Obanaan
1382 3186 1610 3252 eadem
1675 3208 1824 3254 cum
1888 3189 2202 3256 fratribus
2277 3190 2583 3256 militiam

628 3275 906 3341 obirent.
996 3273 1056 3338 N
1063 3293 1191 3339 unc
1246 3292 1405 3356 ergo
1469 3270 1554 3338 ad
1617 3273 2076 3356 praestandam
2143 3276 2343 3342 fidem
2401 3276 2583 3359 ipsos

629 3360 934 3427 hortatur
977 3357 1189 3433 Iesus,
1235 3367 1311 3423 ut
1351 3357 1600 3425 relictis
1643 3358 1958 3427 uxoribus
2000 3368 2068 3427 et
2111 3362 2334 3444 pueris
2375 3362 2583 3428 omni-

627 3445 876 3528 busque
909 3443 1395 3528 impedimentis
1429 3443 1782 3512 Iordanem
1824 3446 2174 3528 traiiciant‚
2217 3468 2340 3515 nec
2377 3449 2580 3515 finem

633 3529 918 3596 bellandi
981 3529 1258 3610 faciant,
1328 3528 1535 3596 donec
1597 3530 1837 3600 fratres
1909 3553 2059 3599 suos
2124 3533 2585 3602 collocaverint

630 3618 701 3683 in
736 3616 1091 3701 tranquilla
1113 3615 1538 3700 possessione.
1598 3615 1877 3685 Duobus
1915 3625 2138 3685 autem
2174 3622 2585 3705 argumentis

630 3722 744 3768 eos
789 3702 872 3768 ad
915 3703 1202 3769 officium
1247 3701 1660 3782 exstimulat,
1718 3724 1997 3787 quorum
2040 3706 2226 3788 prius
2273 3705 2355 3772 ab
2399 3714 2585 3781 auto-

631 3790 824 3855 ritate
867 3785 1135 3855 dnctum
1185 3795 1321 3868 est,
1366 3786 1649 3853 alterum
1706 3791 1789 3856 ab
1848 3792 2191 3874 aequitate.
2281 3790 2588 3858 Gemme-

631 3881 846 3941 morat
909 3893 1067 3958 ergo
1127 3872 1284 3956 quid
1342 3872 1473 3938 illis
1528 3873 1748 3941 Moses
1812 3879 2232 3959 praeceperit,
2298 3898 2339 3943 a
2398 3877 2587 3944 cuius

635 3960 892 4027 decreto
926 3959 1029 4026 fas
1064 3979 1196 4025 non
1228 3968 1375 4025 erat
1411 3958 1773 4041 deflectere,
1809 3981 2015 4046 quum
2051 3964 2353 4030 omnibus
2387 3964 2588 4047 probe

636 4053 1040 4129 compertum
1082 4052 1274 4124 esset,
1319 4043 1486 4110 nihil
1530 4066 1571 4111 a
1611 4067 1682 4111 se
1703 4046 1849 4129 ipsc
1872 4046 2241 4131 protulisse,
2280 4048 2396 4113 sed
2441 4058 2587 4115 tan-

639 4140 781 4198 tum
834 4131 1006 4214 quod
1061 4131 1248 4198 Deus
1292 4150 1405 4196 ore
1452 4150 1573 4196 suo
1632 4131 2010 4200 dictaverat.
2098 4132 2366 4199 Interea
2414 4134 2587 4217 quod

637 4238 771 4283 non
812 4216 1124 4301 exprimit
1155 4216 1417 4299 oblique
1460 4216 1847 4297 subindicat,
1890 4240 1974 4285 ex
2017 4226 2353 4304 compacto
2388 4220 2590 4286 etiam

634 4304 814 4387 ipsos
877 4303 1115 4380 teneri,
1181 4302 1491 4386 quoniam
1554 4313 1936 4387 receperant
1993 4325 2065 4371 se
2128 4307 2223 4371 ita
2281 4307 2590 4374 facturos.

637 4388 785 4456 Iam
843 4388 1173 4473 aequitate
1228 4387 1569 4471 proposita
1622 4410 1731 4455 eos
1787 4398 2039 4471 movet,
2095 4413 2180 4456 ne
2237 4391 2454 4474 dispar
2503 4394 2590 4458 sit

641 4493 870 4541 eorum
918 4473 1233 4553 conditio,
1300 4473 1536 4556 quibus
1593 4474 1818 4541 eadem
1877 4474 2240 4543 haereditas
2296 4498 2588 4544 commu-

639 4561 815 4627 niter
871 4559 1195 4626 destinata
1245 4568 1408 4624 erat.
1493 4559 1771 4627 Minime
1827 4570 2340 4630 consentaneum
2398 4574 2590 4645 esset,

640 4646 875 4730 inquit,
918 4645 1155 4710 fratres
1200 4652 1451 4712 vestros
1495 4645 1869 4729 periclitari,
1926 4648 2031 4714 vel
2073 4649 2309 4714 saltem
2354 4649 2588 4716 sudare

639 4731 887 4799 bellum
932 4731 1246 4816 gerendo:
1293 4750 1409 4796 vos
1454 4740 1673 4797 autem
1715 4734 1786 4798 in
1830 4743 2061 4817 pacata
2103 4735 2383 4801 statione
2413 4757 2589 4802 com·

641 4816 856 4883 modis
907 4814 1209 4882 omnibus
1266 4816 1533 4900 perfrui.
1621 4818 1833 4885 Porro
1890 4819 2061 4902 quod
2106 4822 2286 4887 iubet
2331 4840 2589 4905 praece·

643 4902 818 4982 dere,
864 4923 997 4967 non
1041 4922 1118 4968 eo
1165 4900 1394 4979 tendit,
1441 4909 1517 4967 ut
1561 4904 1756 4986 primi
1797 4906 2154 4991 confligant
2187 4928 2336 4973 cum
2381 4908 2590 4973 hosti·

642 4990 786 5068 bus,
830 4997 899 5056 et
941 4986 1024 5054 ad
1068 4987 1447 5055 discrimina
1489 4989 1815 5071 quaelibet
1856 4993 2135 5076 expositi
2183 4993 2329 5076 plus
2372 4993 2590 5060 oneris

645 5083 714 5141 et
746 5074 1086 5141 molestiae
1128 5076 1513 5140 sustineant.
1583 5075 1871 5142 Tantum
1916 5077 2039 5145 hoc
2080 5078 2272 5145 modo
2315 5078 2398 5144 ad
2439 5099 2590 5162 per-

646 5159 845 5246 gendi
898 5159 1310 5227 alacritatem
1351 5179 1462 5226 eos
1508 5159 1844 5227 hortatur:
1905 5163 2056 5247 quia
2113 5163 2592 5249 tergiversandi

648 5266 681 5312 s
765 5247 896 5313 cies
951 5246 1215 5325 fuisset,
1283 5256 1685 5329 postremum
1737 5269 1974 5333 agmen
2028 5250 2314 5317 tenendo
2332 5299 2348 5326 ,
2414 5250 2590 5316 lente

646 5267 813 5400 afieos
876 5332 1076 5417 sequi.
1163 5331 1345 5418 Ergo
1409 5332 1691 5399 transire
1755 5344 1907 5401 ante
1961 5335 2233 5417 fratres,
2299 5356 2432 5401 non
2489 5341 2593 5400 est

1898 421 2644 493 COMMENTARIUS
2688 423 2789 490 IN
2833 422 3113 490 IOSUE
3157 422 3355 491 OAP.
3399 423 3454 489 Ι.

2630 4560 2638 4605 ,ᾳ

4501 423 4624 491 436

2687 617 2865 677 stare
2903 610 2974 676 in
3017 611 3217 683 aciet,
3246 611 3361 679 sed
3405 612 3702 679 ordinem
3755 613 4079 681 servando
4121 614 4324 681 studii
4368 635 4626 700 promp-

2687 695 3040 762 titudinem
3107 700 3352 764 teetari.
3440 698 3613 765 Nam
3674 710 3924 767 certum
3987 709 4121 778 est,
4185 709 4261 767 ut
4315 711 4506 767 erant
4557 704 4626 770 in

2728 789 2965 848 uatuor
3043 783 3289 849 vexilla
3368 783 3690 868 dispositi,
3775 786 3871 852 ita
3948 787 4145 853 fuisse
4231 807 4626 873 progressos.

2686 801 2882 948 Quod
2925 877 3146 934 autem
3193 870 3369 935 viros
3412 869 3748 938 bellicosos
3791 872 4119 952 nominat,
4175 873 4332 940 inde
4379 875 4626 959 colligi·

2683 967 2793 1018 tur
2848 952 3022 1037 quod
3065 954 3221 1021 alibi
3278 955 3521 1023 clarius
3564 957 3842 1039 patebit,
3902 958 4171 1024 senibus
4214 968 4284 1024 et
4324 958 4474 1027 aliis
4514 981 4627 1045 pa-

2684 1059 2835 1104 rum
2883 1040 3167 1107 robustis
3270 1041 3620 1108 ermissum
3676 1042 3877 1110 fuisse
3896 1092 3912 1122 ,
3969 1042 4145 1111 domi
4201 1066 4322 1113 sua
4363 1049 4630 1132 negotia

2682 1145 2947 1275 cugare,
3004 1125 3110 1191 vel
3156 1127 3380 1206 otiari,
3439 1128 3496 1193 si
3539 1138 3760 1194 essent
3798 1130 4008 1196 fracta
4058 1145 4124 1196 et
4163 1131 4412 1199 caduca
4453 1132 4628 1201 vale-

2681 1219 2757 1277 tu
2801 1212 2929 1276 ine.

2857 1296 2958 1362 16.
3018 1296 3196 1363 Tunc
3226 1298 3694 1381 responderunt.
3759 1298 3912 1367 Non
3953 1300 4145 1367 modo
4187 1303 4627 1386 acquiescunt,

2683 1378 2799 1448 sed
2854 1381 3216 1450 liberaliter
3257 1393 3326 1449 et
3368 1383 3622 1467 prolixe
3665 1384 3970 1453 deferunt
4017 1387 4190 1470 quod
4234 1388 4477 1456 debent
4518 1393 4629 1459 ob-

2683 1468 3003 1550 sequium.
3088 1470 3311 1552 Atque
3367 1470 3490 1537 hoc
3548 1469 3812 1538 demum
3872 1480 3973 1539 est
4028 1473 4154 1539 rite
4209 1475 4423 1540 officio
4481 1498 4629 1561 per-

2683 1554 2891 1637 fungi,
2928 1554 3228 1621 hilariter
3269 1563 3603 1638 praestare
3646 1556 3816 1642 quod
3860 1556 4045 1625 Deus
4081 1559 4321 1644 exigit,
4366 1582 4500 1627 non
4544 1584 4630 1629 ex

2683 1639 3046 1719 moestitia,
3113 1648 3191 1706 ut
3243 1641 3496 1709 Paulus
3560 1642 3852 1727 loquitur
3915 1642 4002 1729 (2.
4063 1644 4213 1712 Cor.
4258 1647 4330 1726 9,
4379 1646 4465 1734 7).
4553 1648 4634 1716 Si

2685 1725 2830 1808 quis
2874 1725 3155 1805 obiiciat,
3198 1748 3435 1810 parum
3479 1728 3845 1796 verecunde
3888 1751 3998 1796 eos
4039 1730 4303 1808 iactare,
4347 1754 4419 1800 se
4461 1734 4635 1801 Mosi

2684 1809 2890 1877 fuisse
2954 1811 3328 1879 obedientes
3349 1863 3365 1893 ,
3444 1813 3555 1881 cui
3618 1834 3813 1899 saepe
3876 1816 4140 1883 fuerant
4215 1818 4417 1884 immo
4459 1819 4473 1833 ⁸
4525 1822 4640 1902 eri,

2686 1894 3063 1979 respondeo,
3107 1900 3409 1982 quamvis
3452 1920 3587 1966 non
3620 1920 3881 1985 semper
3920 1922 4047 1986 quo
4091 1902 4362 1970 decebat
4403 1926 4479 1971 ar
4525 1925 4637 1973 ore

2686 1983 2966 2082 sequuti·
3006 1983 3285 2065 fuerint,
3350 1992 3572 2052 tamen
3635 1988 3826 2087 satis·
3857 1987 3941 2053 ad
4006 1987 4369 2072 parendum
4434 1991 4634 2059 fuisse

2686 2076 3074 2239 3323&
3088 2078 3248 2223 '003⁶
3279 2071 4124 2243 sffmfflfffisslmdifflff⁰
4139 2085 4636 2244 ,3108ῗὲζαῖῗὲ

2687 2260 2883 2323 quam
2949 2243 3227 2325 superbe
3291 2263 3517 2309 eorum
3572 2251 3792 2326 patres
3868 2247 4257 2311 tumultuati
4322 2249 4490 2329 sint,
4569 2258 4636 2316 et

2686 2334 2935 2408 quanta
3001 2329 3366 2410 pervicacia
3428 2337 3738 2396 excutere
3802 2332 4016 2396 conati
4093 2331 4344 2397 fuerint
4405 2333 4636 2420 iugum

2686 2410 2814 2477 sibi
2891 2411 3209 2480 divinitus
3288 2415 3693 2500 impositum.
3781 2416 4183 2500 Loquuntur
4260 2419 4436 2486 enim
4504 2442 4637 2487 non

2685 2497 3050 2564 refractarii
3091 2499 3223 2580 illi,
3265 2520 3308 2565 a
3350 2499 3588 2584 quibus
3621 2522 3692 2567 se
3735 2501 3940 2568 fuisse
3983 2504 4441 2572 exacerbatum
4487 2526 4639 2573 con·

2684 2584 2980 2665 queritur
3014 2584 3200 2653 Deus
3241 2587 3310 2652 in
3342 2586 3606 2654 Psalmo
3649 2586 3780 2675 (95,
3824 2589 3882 2654 8.
3930 2586 4127 2675 sqq.):
4174 2589 4290 2655 sed
4331 2592 4443 2674 qui
4489 2612 4638 2676 poe-

2684 2688 2925 2735 narum
2975 2671 3295 2756 exemplis
3345 2673 3596 2741 subacti
3639 2674 3895 2758 placide
3937 2695 4007 2742 se
4049 2675 4433 2744 submittere
4479 2677 4639 2745 didi-

2686 2763 2928 2822 cerant.
3020 2756 3417 2842 Quanquam
3469 2779 3603 2824 non
3669 2769 3802 2825 tam
3860 2759 4238 2843 praedicant
4293 2784 4448 2829 suas
4508 2766 4638 2833 vir-

2687 2847 2890 2916 tutes,
2935 2863 3133 2926 quam
3177 2843 3504 2912 extollunt
3545 2845 3960 2912 autoritatem
4004 2845 4230 2927 Iosue,
4292 2846 4448 2914 dum
4485 2871 4638 2935 prc-

2684 2926 2961 2993 fitentur
3002 2929 3231 2996 ecdem
3274 2930 3398 2997 sibi
3438 2930 3578 2998 loco
3609 2931 3769 3012 fore,
3815 2952 3942 3015 quo
3976 2932 4212 2999 Mosen
4248 2932 4638 3004 habuerant.

2653 3010 2933 3078 *Votum
2978 3016 3151 3098 quod
3194 3016 3555 3083 subiiciunt
3601 3018 3797 3086 simul
3840 3018 4136 3085 continet
4174 3017 4456 3087 fiduciae
4498 3043 4639 3088 ma·

2687 3099 2946 3166 teriam:
3007 3109 3083 3167 ut
3125 3102 3310 3168 Deus
3354 3101 3526 3169 adsit
3590 3123 3783 3170 servo
3842 3123 3960 3169 suo
4001 3103 4226 3184 Iosue,
4285 3107 4456 3173 sicut
4498 3109 4638 3192 opi-

2689 3185 2939 3253 tulatus
3003 3187 3220 3253 fuerat
3271 3188 3461 3254 Mosi.
3551 3187 3928 3257 Ostendant
3991 3191 4171 3256 enim
4233 3211 4307 3258 se
4370 3202 4638 3276 praesto

2685 3269 2829 3337 fore
2883 3272 2966 3338 ad
3024 3272 3400 3340 bellandum
3455 3275 3576 3342 sub
3635 3274 3943 3359 auspiciis
3998 3276 4158 3343 novi
4215 3274 4429 3357 ducis,
4487 3281 4640 3363 quia

2685 3360 2979 3441 persuasi
3014 3361 3152 3425 sint
3186 3358 3317 3426 Dei
3361 3360 3609 3427 virtute
3652 3382 3795 3429 esse
3835 3360 4232 3428 instructum
4275 3370 4344 3430 et
4384 3365 4639 3431 auxilio

2688 3444 3003 3512 victorem
3041 3447 3182 3512 fore
3224 3454 3522 3530 sperent:
3579 3447 3772 3515 sicuti
3814 3449 4069 3530 experti
4111 3448 4374 3514 fuerant
4418 3450 4638 3521 Deum

2688 3529 2813 3597 sibi
2867 3531 3257 3598 mirabiliter
3324 3531 3612 3600 adfuisse
3672 3554 3791 3616 per
3845 3554 4120 3600 manum
4173 3534 4400 3601 Mosis.
4490 3536 4638 3604 Hac

2688 3636 2882 3699 porro
2935 3617 3176 3685 fiducia
3229 3618 3558 3702 praeditos
3599 3618 3803 3686 fuisse
3859 3618 4224 3703 colligitur,
4277 3630 4420 3686 tum
4466 3621 4638 3707 quod

2690 3703 3138 3786 experimenta
3193 3706 3444 3788 gratiae
3499 3705 3624 3772 Dei
3683 3713 4195 3771 commemorant
4251 3705 4335 3773 ad
4377 3727 4450 3773 se
4491 3709 4638 3774 ani-

2689 3789 2983 3868 mandos,
3020 3798 3161 3855 tum
3196 3790 3367 3873 quod
3394 3790 3590 3857 Iosue
3617 3797 3920 3858 statuunt
3941 3790 4151 3857 Mosis
4173 3811 4638 3874 successorem,

2691 3874 2902 3957 quoad
2942 3875 3164 3941 felices
3198 3895 3560 3943 successus.
3634 3875 3863 3960 Neque
3905 3876 4079 3943 enim
4125 3877 4416 3960 pondere
4457 3890 4642 3946 caret

2693 3961 3047 4045 epitheton,
3090 3960 3274 4027 Deus
3318 3967 3493 4029 tuus:
3539 3962 3654 4028 sed
3698 3962 3783 4028 ad
3824 3961 4343 4030 continuandum
4387 3966 4640 4048 gratiae

2692 4047 2818 4112 Dei
2859 4066 3124 4114 cursum
3160 4048 3464 4130 pertinet.
3520 4048 3764 4114 Forma
3805 4056 4023 4114 tamen
4067 4047 4376 4132 loquendi
4419 4050 4642 4117 media

2691 4140 2793 4199 cst
2848 4132 3023 4198 inter
3062 4131 3219 4198 fidei
3275 4134 3731 4218 gloriationem
3778 4145 3846 4200 et
3900 4146 4149 4203 votum.
4239 4133 4639 4220 Quanquam

2693 4238 2848 4302 ergo
2903 4219 3140 4284 bonam
3203 4239 3388 4302 spem
3444 4241 3516 4285 se
3572 4221 3644 4285 in
3709 4219 3947 4286 animis
4008 4221 4184 4287 alere
4239 4222 4639 4305 significant,

2693 4311 2935 4382 tamen,
2980 4313 3053 4369 nt
3094 4305 3160 4369 in
3206 4326 3279 4370 rc
3321 4306 3609 4372 maxime
3644 4305 3883 4386 ardua,
3928 4306 4128 4373 simul
4171 4307 4256 4373 ad
4300 4328 4526 4390 preces
4569 4328 4640 4375 se

2691 4397 3101 4455 convertunt.
3164 4388 3365 4463 Certe
3408 4388 3564 4457 dum
3608 4413 3764 4458 mox
3799 4412 3946 4459 eum
3984 4392 4159 4459 ultro
4202 4391 4285 4458 ad
4328 4401 4639 4460 constan·

2692 4476 2852 4541 tiam
2897 4476 3271 4556 hortantur,
3333 4496 3404 4543 se
3448 4477 3740 4544 eiusdem
3783 4478 4058 4544 fiduciae
4101 4477 4370 4545 comites
4411 4499 4490 4545 ac
4533 4500 4638 4545 so·

2690 4561 2823 4628 cios
2864 4560 3004 4627 fore
3047 4560 3517 4629 demonstrant.
3604 4563 3735 4633 Ubi
3773 4564 4132 4631 notandum
4173 4573 4292 4645 est,
4337 4567 4641 4648 quamvis

2691 4648 2991 4715 omnibus
3046 4647 3451 4715 fortitudinis
3502 4648 3842 4735 exemplar
3895 4658 4065 4717 esset
4118 4650 4310 4717 Iosue
4325 4697 4341 4728 ,
4397 4670 4642 4735 eosque

2693 4742 2825 4798 tam
2864 4735 3224 4819 praeceptis
3259 4755 3458 4820 quam
3494 4736 3683 4803 factis
3718 4736 4059 4815 animaret,
4096 4737 4380 4803 vicissim
4415 4746 4640 4802 tamen

2691 4820 2994 4887 stimulos
3038 4824 3486 4905 praecurrenti
3529 4822 3700 4904 addi,
3745 4831 3819 4887 ut
3861 4842 3981 4889 sna
4021 4822 4358 4889 alacritate
4401 4821 4640 4888 melius

2689 4905 3007 4991 populum
3047 4907 3296 4975 incitet.
