5017 6142
420 451 547 518 341

418 641 824 709 intervenire
868 663 1135 710 necesse
1177 642 1333 724 fuit,
1379 663 1715 728 quousque
1758 650 1824 710 et
1865 643 1938 709 in
1981 664 2175 727 quam
2219 664 2371 730 par·

420 736 553 794 tem
596 728 972 814 porrigendi
1016 730 1181 796 fines
1224 741 1444 796 essent
1482 729 1805 796 maiorum
1840 730 2164 796 tribuum:
2212 730 2372 795 alio·

421 817 531 898 qui
577 814 861 881 minores
903 824 1316 882 recusassent
1358 816 1675 882 coarctari
1734 835 1864 900 qua
1916 823 2105 900 parte
2148 814 2371 881 minus

419 906 563 966 erat
604 899 1031 967 commodum.
1120 901 1268 967 Etsi
1329 912 1546 968 autem
1601 921 1861 968 summa
1903 907 2191 985 potestas
2233 921 2372 967 me·

418 986 547 1052 rito
606 993 746 1053 erat
800 1007 1004 1072 penes
1045 986 1309 1053 Iosuam
1370 995 1436 1053 et
1479 988 1781 1066 Eleazar,
1839 1007 1923 1052 ne
1979 992 2202 1052 tamen
2262 1007 2372 1054 eos

418 1070 704 1138 invidiae
769 1082 838 1138 et
900 1072 1246 1141 calumniis
1310 1085 1669 1156 exponeret
1733 1073 1918 1139 Deus
1935 1123 1951 1152 ‚
2025 1071 2369 1139 consilium

421 1158 752 1237 adiunxit,
819 1159 886 1223 in
953 1179 1081 1243 quo
1146 1160 1343 1226 etiam
1409 1158 1768 1243 prudenter
1832 1177 2176 1224 occursum
2244 1158 2371 1224 fuit

418 1243 875 1310 aemulationi:
911 1244 1065 1328 quia
1098 1245 1309 1311 tribus
1344 1243 1683 1311 duodecim
1719 1243 2011 1330 singulos
2046 1242 2370 1310 dederunt

419 1329 696 1409 iudices,
754 1331 865 1414 qui
920 1329 1361 1397 distributioni
1403 1338 1808 1416 praeessent,
1866 1338 1939 1395 ut
1983 1329 2168 1395 nulla
2210 1351 2368 1396 con-

418 1417 602 1500 queri
646 1424 866 1501 posset
899 1436 970 1481 se
1005 1416 1204 1482 fuisse
1240 1425 1601 1501 gravatam.
1669 1417 1876 1483 Porro
1910 1416 2063 1500 quia
2096 1435 2366 1501 magno·

418 1521 573 1586 pere
632 1502 949 1568 intererat
967 1553 981 1580 ,
1039 1502 1305 1568 firmam
1364 1502 1536 1587 apud
1595 1510 1890 1585 posteros
1948 1500 2173 1586 vigere
2216 1522 2365 1586 pos-

417 1587 772 1654 sessionem
851 1587 1052 1654 semel
1131 1594 1478 1654 statutam:
1553 1588 1768 1673 primo
1844 1588 2205 1653 recitantur
2282 1585 2364 1653 ad

412 1672 723 1740 historiae
780 1673 1240 1740 certitudinem
1299 1674 1672 1758 principum
1730 1674 2031 1752 nomina,
2109 1671 2364 1751 deinde,

418 1758 589 1826 sicut
652 1761 720 1824 in
785 1761 1110 1846 principio
1173 1760 1407 1844 capitis
1472 1759 1716 1827 dictum
1785 1759 2030 1840 fuerat,
2095 1760 2165 1823 in
2232 1761 2365 1825 fine

417 1846 753 1929 repetitur,
799 1868 837 1911 a
881 1846 1023 1912 Deo
1067 1847 1266 1912 fuisse
1309 1845 1583 1913 electos:
1632 1844 1806 1910 unde
1850 1843 2188 1911 Israelitae
2233 1844 2365 1911 dis-

416 1932 650 1997 cebant
683 1953 815 1998 non
849 1952 1040 2016 posse
1075 1933 1392 1998 terminos
1428 1939 1587 1998 tunc
1620 1930 1867 2015 positos
1903 1931 2182 1998 convelli
2206 1932 2363 2015 quin

414 2017 951 2102 pessumdaretur
991 2018 1197 2102 ipsius
1243 2019 1370 2084 Dei
1413 2020 1748 2084 autoritas.

884 2359 1015 2426 EX
1061 2358 1330 2428 DEUT.
1378 2360 1579 2428 OAP.
1623 2361 1894 2427 XXXI.

589 2534 645 2598 1.
689 2531 876 2599 Abiit
915 2534 1126 2615 itaque
1172 2532 1402 2612 Moses,
1445 2537 1503 2598 et
1544 2532 1832 2614 loquutus
1874 2538 1963 2599 est
2004 2532 2191 2598 verba
2233 2534 2359 2598 ista

414 2618 502 2685 ad
540 2619 903 2685 uuiversum
945 2618 1266 2685 Israelem.
1356 2618 1415 2682 2.
1474 2617 1781 2700 Dixitque
1821 2619 1948 2684 eis:
2007 2617 2263 2684 Centum
2305 2624 2361 2683 et

414 2705 640 2790 viqinti
683 2726 993 2771 annorum
1033 2725 1177 2772 sum
1219 2703 1398 2771 hodie
1413 2753 1429 2783 ‚
1478 2725 1603 2771 uon
1632 2724 1897 2788 possum
1938 2703 2108 2769 ultra
2150 2705 2362 2789 eqo-edi

414 2797 471 2857 et
501 2791 780 2875 inmedi:
809 2796 1145 2873 praeterea
1184 2789 1413 2856 Iehova
1455 2790 1622 2856 dixit
1664 2792 1748 2857 ad
1789 2811 1919 2856 me.-
1964 2790 2115 2856 Non
2154 2796 2361 2856 traus-

411 2876 537 2943 ibis
557 2876 893 2943 Iordanem
934 2877 1144 2942 istum
1213 2876 1271 2941 3.
1318 2875 1549 2942 Iehova
1568 2875 1751 2943 Deus
1791 2881 1937 2943 tuus
1977 2877 2115 2958 ipse
2154 2881 2358 2942 trans·

414 2963 1068 3043 itmusestautete,
1128 2964 1265 3045 ipse
1316 2963 2362 3046 disperdetqeutessstasafacie

413 3054 543 3131 tua,
574 3049 1047 3132 possidebisque
1090 3069 1226 3114 eas.-
1270 3049 1473 3114 Iosua
1504 3049 1642 3131 ipse
1675 3049 2062 3114 transiturus
2094 3052 2184 3115 est
2218 3053 2361 3115 ante

413 3139 518 3235 ξε..
541 3135 1063 3217 quemadmodum
1105 3133 1558 3233 dixit-lehem.
1649 3133 1708 3198 4.
1755 3132 2089 3233 Facietque
2132 3134 2362 3201 Iehova

414 3413 554 3491 erqo
592 3392 829 3492 dederit
871 3413 973 3492 eos
1015 3393 1243 3492 Jehova
1286 3396 1427 3457 ante
1481 3391 1711 3473 factem
1752 3397 2039 3472 vestram,
2081 3397 2224 3491 tum
2258 3392 2360 3491 fa—

414 3479 589 3545 cistis
608 3498 702 3544 ets
724 3498 971 3545 ommno
1003 3483 1191 3545 iuxta
1214 3482 1619 3560 praeceptum
1651 3477 1814 3560 quod
1838 3497 2136 3578 praeceps
2170 3478 2355 3543 vobis.

401 3562 782 3750 :ufai-:2
796 3564 991 3733 ἴῃς
1005 3616 1021 3645 ‚
1037 3564 1597 3718 mmsis?
1610 3584 1786 3715 ’.τῇ
1806 3568 2362 3748 “mum

411 3756 525 3817 qut
559 3742 768 3820 peryzt
809 3741 1024 3812 tecum,
1070 3756 1192 3802 nou
1234 3737 1467 3802 deseret
1507 3741 1594 3816 te,
1636 3755 1829 3834 neque
1867 3740 1922 3801 te
1962 3735 2357 3835 derelmquet.

415 3823 475 3886 7.
551 3821 807 3887 Vocavit
861 3843 1001 3907 erqo
1044 3822 1257 3888 Moses
1292 3821 1488 3888 Iosua
1505 3873 1522 3901 ,
1580 3825 1636 3886 et
1687 3822 1855 3887 ἆται
1909 3821 2010 3886 illa
2050 3843 2123 3888 m
2164 3822 2361 3887 oeulis

411 3908 600 3973 totius
642 3907 940 3974 Israelis:
984 3908 1138 3975 Esto
1175 3907 1390 3990 fortis,
1449 3911 1508 3972 et
1547 3906 1768 3974 robora
1809 3912 1894 3972 te.-
1944 3911 2013 3971 tu
2057 3908 2224 3972 euim
2263 3907 2360 3972 iu-

407 3994 717 4079 qredieris
756 4013 897 4060 cum
933 3995 1163 4077 populo
1205 3995 1327 4059 isto
1370 3998 1602 4059 terram
1642 4012 1835 4076 quam
1866 3993 2106 4058 iuravit
2126 3992 2358 4058 Iehova

402 4079 699 4162 patribus
739 4100 951 4145 eorum
992 4101 1059 4145 se
1099 4081 1396 4147 daturum
1436 4079 1574 4144 illis
1588 4130 1603 4160 ,
1645 4084 1700 4144 et
1740 4080 1878 4160 ipse
1918 4084 2077 4144 sorte
2117 4079 2361 4147 divides

416 4185 555 4231 eam
598 4165 752 4232 mis.
843 4166 900 4231 8.
961 4165 1194 4231 Iehova
1247 4170 1458 4230 autem
1499 4170 1590 4231 est
1630 4165 1742 4247 qui
1773 4186 2226 4247 praecessurus
2269 4170 2359 4231 est

413 4254 501 4401 Ξε,
548 4252 693 4401 {pste
726 4251 846 4316 erit
889 4256 1121 4318 tecum.-
1176 4270 1298 4316 nou
1340 4257 1396 4316 te
1439 4251 1702 4331 deseret,
1746 4270 1939 4334 neque
1982 4252 2360 4333 derelinquet

437 4358 485 4416 e,
528 4357 603 4403 ne
666 4356 883 4417 meas,
926 4357 1117 4420 neque
1146 4357 1402 4420 paveas.

589 4511 644 4574 1.
712 4509 894 4574 Abiit
945 4510 1157 4591 itaque
1202 4507 1430 4575 Moses.
1522 4506 1830 4574 Abeundi
1889 4507 2088 4573 verbo
2152 4506 2355 4592 signi-

415 4595 595 4675 ficat,
639 4595 923 4678 acceptis
969 4613 1008 4659 a
1051 4595 1195 4659 Deo
1238 4592 1568 4659 mandatis
1612 4593 1694 4659 ad
1739 4593 2050 4677 populum
2096 4595 2357 4658 venisse

417 4689 491 4746 ut
532 4701 609 4746 ea
644 4682 978 4765 perferret.
1042 4679 1235 4747 Unde
1279 4680 1663 4764 colligimus,
1707 4682 1775 4744 in
1820 4689 2113 4764 tempore
2156 4678 2357 4744 fuisse

416 4764 783 4832 admonitos
818 4776 892 4834 ut
926 4765 1050 4832 sibi
1086 4774 1414 4844 caverent,
1453 4767 1510 4832 si
1545 4765 1809 4849 quidem
1844 4767 2123 4831 fuissent
2154 4784 2355 4830 sanae

414 4853 670 4918 mentis.
759 4854 847 4918 Et
892 4875 973 4918 ex
1028 4873 1139 4918 ore
1194 4852 1334 4917 eius
1392 4872 1655 4918 necesse
1712 4852 1835 4916 fuit
1878 4853 2189 4937 populum
2237 4874 2355 4917 au-

418 4937 557 5004 dire
600 4959 935 5005 sermones
990 4938 1151 5005 istos
1205 4937 1476 5003 minime
1546 4938 1895 5018 iucundos,
1967 4948 2191 5020 utpote
2245 4938 2355 5020 qui

416 5035 482 5090 et
539 5025 867 5092 atrocibus
921 5023 1116 5091 minis
1178 5035 1245 5089 et
1310 5023 1490 5089 duris
1553 5022 2109 5107 obiurgationibus
2173 5023 2356 5108 pleni

410 5121 634 5177 erant:
704 5112 859 5196 quia
916 5112 973 5178 si
1037 5111 1294 5178 recitati
1353 5110 1613 5175 demum
1670 5111 1948 5175 fuissent
2002 5118 2150 5194 post·
2213 5109 2354 5175 eius

415 5206 726 5279 mortem,
792 5199 1018 5264 statim
1076 5196 1468 5265 clamassent
1522 5217 1750 5261 omnes
1813 5197 1893 5261 ab
1954 5197 2079 5261 alio
2136 5196 2354 5260 dolose

416 5286 722 5351 confictos
766 5304 925 5363 esse,
969 5291 1163 5367 atque
1196 5285 1289 5347 ita
1331 5283 1492 5349 falso
1538 5281 1874 5364 praetendi
1920 5283 2059 5348 eius
2093 5302 2351 5347 nomen.

414 5369 559 5435 Iam
599 5380 666 5435 et
708 5371 1015 5455 temporis
1050 5369 1538 5436 circumstantia
1571 5367 1651 5433 ad
1690 5367 1944 5452 pondus
1980 5366 2351 5452 augendum

1826 451 2233 524 REDITUS
2279 454 2406 524 AD
2450 453 2998 525 HISTORIAM.

4296 452 4427 521 342

2477 665 2608 711 non
2649 665 2882 728 parum
2916 644 3147 725 valuit,
3195 652 3271 711 ut
3303 667 3433 711 non
3469 646 3678 712 solum
3717 652 4061 714 mansueta
4096 646 4426 718 docilitate

2474 752 2547 798 se
2612 742 2766 798 tunc
2824 730 3157 798 doctrinae
3212 731 3634 813 subiicerent,
3689 730 3807 798 sed
3857 740 3934 799 ut
3975 734 4045 798 in
4086 742 4421 818 posterum

2471 817 2736 901 penitus
2805 817 3012 882 infixa
3074 826 3374 883 maneret
3438 838 3661 883 eorum
3731 818 4053 885 cordibus.
4161 820 4424 890 Scimus

2474 910 2723 987 quanta
2765 902 3129 968 attentione
3164 903 3376 986 excipi
3411 904 3663 969 soleant
3695 904 3967 970 ultimae
4000 907 4419 975 morientium

2472 1008 2701 1055 voces:
2767 989 2990 1056 Moses
3049 987 3131 1055 ad
3187 996 3464 1055 mortem
3525 988 3892 1056 obeundam
3938 991 4068 1057 Dei
4109 992 4421 1063 mandato

2472 1075 2604 1141 iam
2650 1075 2995 1154 accinctus,
3043 1074 3216 1159 apud
3259 1075 3570 1161 populum
3615 1076 3818 1143 verba
3859 1076 4032 1156 fecit,
4077 1079 4264 1162 quasi
4307 1102 4423 1146 ex·

2471 1169 2754 1226 tremum
2821 1159 2969 1225 vale
3027 1159 3339 1227 dicturus.
3429 1162 3609 1246 Ergo
3654 1160 3734 1226 ad
3780 1161 3978 1228 fidem
4022 1171 4089 1228 et
4144 1165 4422 1250 dignita-

2471 1253 2607 1313 tem
2717 1244 3033 1329 rophetici
3089 1247 3382 1313 muneris
3438 1247 3707 1314 accessit
3763 1248 3866 1315 vis
3923 1252 4300 1316 testamenti
4354 1260 4422 1317 et

2470 1341 2809 1398 autoritas.
2901 1330 3113 1399 Sicuti
3172 1352 3368 1416 porro
3424 1341 3564 1397 tota
3621 1332 3760 1399 vita
3817 1331 3897 1400 de
3939 1335 4161 1418 populi
4206 1338 4420 1403 salute

2468 1416 2834 1485 incredibili
2881 1415 3071 1482 modo
3125 1417 3445 1484 sollicitus
3502 1419 3744 1498 fuerat,
3803 1419 3900 1485 ita
3956 1441 4131 1487 nunc
4190 1443 4419 1489 curam

2468 1504 2618 1589 plus
2674 1524 2867 1588 quam
2922 1510 3267 1586 paternam
3322 1503 3584 1589 longius
3648 1504 3959 1571 extendit.
4047 1507 4140 1572 Et
4218 1522 4418 1589 certe,

2469 1591 2611 1673 pios
2657 1588 2977 1668 doctores,
3024 1600 3341 1673 quantum
3387 1588 3458 1654 in
3503 1611 3575 1656 se
3624 1600 3723 1655 est
3767 1592 4135 1674 prospicere
4178 1613 4419 1660 conve-

2468 1676 2587 1754 nit,
2632 1684 2710 1741 ut
2751 1675 2910 1758 ipsis
2952 1683 3283 1758 superstes
3327 1676 3549 1760 vigeat
3591 1675 3886 1742 laborum
3931 1697 4201 1743 suorum
4245 1680 4420 1745 fruc-

2469 1769 2593 1828 tus.
2683 1760 2890 1827 Cuius
2934 1759 3301 1826 sedulitatis
3343 1763 3714 1844 exemplum
3761 1762 4002 1828 Petrus
4043 1763 4114 1829 in
4160 1786 4229 1831 se
4275 1785 4420 1849 pro-

2468 1846 2673 1932 ponit.
2759 1846 3021 1912 Iustum
3080 1844 3346 1932 (inquit)
3404 1846 3721 1928 arbitror,
3780 1847 4093 1932 quamdiu
4151 1871 4298 1916 sum
4341 1851 4415 1916 in

2467 1933 2592 2000 hoc
2637 1931 3086 2012 tabernacu10,
3154 1933 3441 1998 excitare
3484 1954 3600 1999 vos
3641 1953 3763 2017 per
3807 1934 4415 2002 commonitionem:

2468 2020 2626 2103 quin
2694 2027 2762 2083 et
2832 2017 2995 2083 dabo
3074 2037 3333 2102 semper
3410 2038 3710 2102 operam:
3789 2028 3864 2084 ut
3940 2029 4089 2104 post
4165 2021 4416 2087 obitum

2465 2124 2693 2255 {neutri
2757 2104 3002 2277 lhgssmm
3081 2125 3299 2169 rerum
3380 2105 3641 2187 possitis
3717 2125 3858 2171 esse
3937 2126 4260 2173 memores
4327 2106 4414 2195 (2.

2525 2199 2609 2257 et.
2700 2241 2717 2269 ,
2870 2241 2883 2256 .

2637 2277 2698 2343 2.
2760 2276 3069 2357 Dixitque
3124 2276 3247 2341 eis:
3310 2273 3567 2341 Genuam
3622 2280 3681 2342 et
3739 2277 3983 2361 viqinti.
4092 2277 4414 2360 Quamvis

2465 2364 2744 2445 superbe
2786 2373 2855 2426 et
2897 2360 3228 2427 fastidiose
3271 2362 3528 2444 saepius
3571 2362 3853 2429 reiectus
3897 2362 4128 2429 fuisset
4173 2365 4413 2448 Moses,

2465 2449 2610 2514 fieri
2654 2455 2875 2513 tamen
2920 2467 3050 2512 non
3095 2446 3309 2531 potuit
3352 2446 3512 2530 quin
3556 2448 3699 2513 eius
3755 2446 4078 2515 discessus
4122 2457 4188 2515 et
4231 2471 4413 2517 sum-

2463 2554 2645 2600 mum
2669 2552 3033 2600 moerorem
3070 2534 3355 2612 afferret,
3394 2540 3462 2598 et
3494 2533 3821 2599 incuteret
3844 2554 4115 2619 gravem
4138 2544 4409 2604 metum.

2464 2620 2645 2704 Ergo
2687 2626 2900 2685 aetate
2943 2639 3064 2685 sua
3114 2618 3479 2703 proposita,
3542 2620 3944 2685 anxietatem
4000 2621 4248 2687 solatur
4266 2673 4281 2703 ,
4341 2632 4408 2687 et

2463 2705 2803 2772 tristitiam
2846 2704 3137 2790 mitigat:
3201 2702 3434 2770 deinde
3476 2705 3606 2770 alia
3648 2726 3901 2790 quoque
3944 2706 4195 2772 ratione
4239 2728 4413 2774 com·

2463 2792 2669 2875 pescit
2736 2811 2962 2856 eorum
3030 2791 3504 2875 querimonias,
3585 2792 3740 2875 quia
3805 2789 3988 2857 Deus
4054 2793 4411 2859 terminum

2465 2878 2606 2944 eius
2650 2877 2827 2945 vitae
2868 2878 3105 2943 fixerit.
3194 2877 3533 2942 Levamen
3578 2897 3734 2962 ergo
3794 2876 4088 2956 adducit,
4149 2878 4303 2961 quia
4344 2889 4411 2945 et

2464 2984 2642 3029 mors
2682 2964 2769 3028 sit
2809 2962 2960 3047 plus
2993 2982 3185 3047 quam
3233 2972 3513 3041 matura,
3559 2983 3768 3045 neque
3808 2963 3938 3028 iam
3985 2963 4271 3029 ferendis
4313 2965 4411 3030 la-

2464 3048 2734 3115 boribus
2794 3049 2868 3115 in
2935 3056 3119 3114 tanta
3183 3055 3517 3114 senectute
3580 3048 3877 3115 sufficiat.
3995 3049 4125 3116 Hic
4187 3056 4407 3116 tamen

2461 3136 2760 3202 nascitur
2823 3134 3149 3219 quaestio:
3220 3133 3562 3216 Quomodo
3622 3155 3692 3199 se
3761 3133 4080 3200 caducum
4139 3156 4281 3202 esse
4341 3144 4408 3202 et

2461 3221 2686 3287 fractis
2741 3220 2994 3286 viribus
3060 3218 3262 3286 dicat:
3333 3221 3486 3304 quia
3548 3218 3742 3302 paulo
3807 3231 3953 3304 post
4017 3218 4405 3300 videbimus,

2460 3306 2741 3391 integris
2784 3306 3084 3372 sensibus
3141 3306 3431 3390 viguisse
3486 3326 3689 3388 usque
3744 3305 3824 3369 ad
3883 3313 4179 3372 mortem.
4272 3306 4405 3374 Sed

2461 3393 2698 3459 solutio
2739 3392 2949 3458 facilis
2993 3399 3125 3470 est,
3184 3412 3320 3457 non
3368 3390 3515 3457 ideo
3550 3412 3709 3475 prae
3743 3391 3923 3458 senio
3970 3391 4258 3458 futurum
4303 3393 4407 3458 in·

2461 3479 2688 3545 utilem
2735 3478 2967 3556 fuisse,
3012 3476 3165 3561 quia
3207 3476 3315 3543 vel
3360 3475 3563 3543 oculis
3608 3476 3806 3543 hebes
3849 3486 4047 3557 esset,
4118 3479 4220 3544 vel
4263 3480 4409 3547 aliis

2458 3563 2773 3630 membris
2817 3564 3175 3640 tremulus,
3232 3561 3347 3629 sed
3390 3563 3544 3646 quia
3597 3571 3779 3629 aetas
3838 3584 3968 3628 non
4028 3564 4276 3630 ferebat
4331 3574 4409 3630 ut

2461 3649 2712 3716 diutius
2748 3650 3013 3716 solitum
3050 3669 3293 3714 munus
3327 3647 3555 3714 obiret.
3625 3648 3791 3714 Nam
3836 3656 4097 3732 praeter
4133 3659 4407 3717 naturae

2459 3739 2818 3815 rationem,
2877 3734 3268 3801 mirabiliter
3322 3733 3399 3799 ad
3462 3742 3723 3819 tempus
3767 3733 3931 3799 illud
3976 3746 4406 3803 conservatus

2458 3823 2703 3888 fuerat:
2748 3821 2863 3888 sed
2908 3822 3060 3906 quia
3101 3821 3231 3886 iam
3277 3820 3358 3886 ad
3402 3830 3642 3886 metam
3686 3840 3915 3887 cursus
3950 3822 4051 3886 sui
4088 3842 4406 3904 pervene-

2460 3916 2583 3990 rat,
2619 3907 2836 3975 subito
2879 3905 3108 3972 collabi
3155 3926 3419 3973 necesse
3463 3913 3621 3986 erat,
3665 3916 3733 3972 et
3774 3905 4081 3971 facultate
4117 3906 4402 3974 destitui.

2459 3995 2669 4061 Porro
2711 3992 2958 4079 Egredi
3018 4003 3084 4058 et
3127 3990 3398 4078 Ingredi
3453 3991 3841 4058 tantundem
3890 3992 4066 4057 valet
4109 4013 4184 4058 ac
4226 3995 4404 4059 vitae

2457 4081 2826 4147 functiones
2883 4099 3213 4163 peragere.
3302 4079 3414 4145 Sic
3473 4079 3542 4143 in
3586 4078 3851 4144 Psalmo
3897 4075 4087 4163 (121,
4132 4078 4198 4164 8)
4246 4077 4404 4146 dici·

2458 4176 2599 4233 tur:
2661 4167 2846 4232 Nosti
2907 4165 3217 4230 introitus
3261 4186 3438 4230 meos
3483 4175 3550 4229 et
3591 4184 3909 4249 egressus.
3997 4165 4090 4229 Et
4131 4164 4255 4231 hac
4299 4187 4403 4231 ra·

2458 4255 2637 4320 tione
2675 4253 2909 4318 dicitur
2931 4251 3149 4317 David
3186 4251 3522 4335 ingressus
3559 4261 3621 4314 et
3667 4269 3969 4334 egressus
4014 4271 4154 4315 esse
4199 4271 4400 4334 quum

2458 4346 2931 4422 exsequeretur
2966 4357 3210 4403 munus
3245 4336 3365 4402 sibi
3403 4357 3441 4400 a
3463 4334 3665 4401 Saule
3700 4336 4069 4399 iniunctum
4109 4333 4194 4421 (1.
4224 4335 4399 4403 Sam.

2461 4427 2576 4503 18,
2622 4424 2709 4511 5).
2799 4421 3101 4490 Secundo
3158 4422 3296 4489 loco
3349 4422 3457 4487 ubi
3515 4429 3981 4487 commemorat
4023 4442 4094 4487 se
4145 4422 4401 4487 excludi

2457 4531 2498 4576 a
2532 4524 2707 4576 terra
2729 4509 3071 4588 chanaan,
3118 4519 3185 4573 et
3218 4507 3550 4593 prohiberi
3586 4508 3726 4574 eius
3762 4507 4099 4591 ingressu:
4145 4506 4401 4592 oblique

2456 4596 2768 4681 populum
2816 4594 3228 4678 perstringit,
3271 4595 3456 4660 cuius
3498 4593 3691 4677 culpa
3734 4591 3918 4659 Deus
3961 4591 4401 4659 excanduerat

2456 4691 2684 4747 contra
2719 4680 2953 4745 Mosen
2997 4680 3211 4763 ipsum
3257 4689 3323 4744 et
3371 4680 3664 4745 Aharon.
3766 4677 3998 4763 Itaque
4041 4679 4164 4744 hac
4205 4680 4401 4746 tacita

2455 4766 2954 4851 exprobratione
2993 4764 3309 4830 admoniti
3334 4766 3601 4831 fuerunt
3622 4764 3958 4831 Israelitae
3979 4772 4054 4828 ut
4073 4763 4401 4848 patienter

2451 4855 2691 4920 iustam
2736 4850 3230 4938 ingratitudinis
3274 4872 3428 4918 suae
3470 4872 3752 4934 poenam
3796 4851 4064 4915 ferrent.
4126 4849 4398 4916 Interea

2454 4941 2647 5007 sicuti
2693 4960 2762 5004 se
2821 4938 3217 5022 morigerum
3276 4938 3561 5004 ostendit
3605 4936 3734 5002 Dei
3791 4934 4080 5015 decreto,
4138 4935 4232 5000 ita
4287 4956 4397 5003 eos

2455 5026 2861 5112 acquiescere
2902 5022 3100 5089 iubet.

2624 5112 2683 5178 3.
2730 5109 2959 5176 Iehova
3002 5109 3181 5175 Deus
3220 5114 3386 5176 tuus.
3453 5109 3584 5173 Hic
3628 5130 3759 5173 non
3806 5106 4062 5190 vulgari
4104 5106 4393 5173 consola-

2455 5198 2631 5263 tione
2675 5196 2759 5263 ad
2815 5216 3049 5261 novam
3114 5195 3515 5262 alacritatem
3571 5194 3764 5278 erigit
3818 5210 4047 5257 eorum
4104 5193 4391 5258 animos:

2455 5284 2606 5367 quia
2640 5282 2896 5349 sensuri
2932 5283 3064 5348 sint
3098 5283 3239 5366 ipso
3276 5303 3527 5366 quoque
3563 5288 3819 5344 mortuo
3863 5298 4216 5361 perennem
4265 5278 4395 5344 Dei

2455 5369 2757 5454 gratiam.
2859 5366 3054 5435 Unde
3111 5368 3437 5451 colligitur
3494 5367 3783 5448 apprime
3840 5363 4021 5430 utilis
4079 5363 4392 5447 doctrina,

3880 5465 3981 5519 22*
