5017 6142
568 419 697 487 211

573 597 2516 756 maadmffietcirwivinmemontemfleirdiebm

754 859 812 923 1.
882 856 1107 924 Postea
1170 857 1418 922 reversi.
1525 855 1610 922 In
1676 855 1986 922 Numeris
2050 866 2312 941 tempus
2374 876 2508 921 non

580 955 846 1011 notatur
910 963 1034 1026 quo
1099 951 1310 1007 castra
1374 950 1740 1007 moverunt.
1850 939 1983 1008 Hic
2048 961 2204 1026 ergo
2280 960 2514 1007 versus

581 1028 928 1097 historiam
962 1037 1115 1112 apte
1149 1034 1485 1094 contexat:
1522 1027 1674 1110 quia
1707 1026 1951 1109 alioqui
1986 1025 2260 1109 abrupta
2295 1034 2517 1092 essent

582 1135 748 1267 aiae·
781 1134 939 1180 mox
972 1121 1354 1213 sequuntur.
1411 1110 1673 1213 poinde
1707 1110 1996 1177 breviter
2028 1110 2273 1177 indicat
2306 1111 2516 1196 qualis

658 1211 783 1267 erit
815 1197 1274 1282 peregrinandi
1310 1208 1475 1263 ratio
1512 1217 1713 1280 usque
1734 1195 1817 1262 ad
1838 1196 2202 1280 praefixum
2224 1205 2510 1281 tempus:

585 1303 821 1434 ⁰⁶⁰?
840 1283 1738 1436 Ἓὲεῖὲἓὲἱῗῖἓὲῗξῧέἓξοὲ
1772 1280 2141 1435 ἭἭΞ
2163 1281 2517 1434 {2³²3ss

584 1379 876 1523 ἕξοις-Ἐς
919 1453 1284 1521 deflectere.
1738 1388 1818 1451 eq
1890 1418 1908 1447 ’
2319 1390 2360 1453 q

978 1778 982 1783 ’
1039 1793 1172 1861 Ex
1215 1791 1517 1860 anl'r.
1562 1791 1763 1861 oAP.
1806 1791 2070 1860 xxw.

766 1966 867 2032 10.
904 1965 1221 2049 Eyressus
1251 1968 1341 2031 eat
1370 1968 1577 2031 autem
1605 1964 1786 2045 filius
1805 1962 2092 2031 mulieris
2114 1964 2522 2043 Israelitidis,

589 2052 701 2134 qai
743 2057 877 2118 erat
912 2049 1094 2131 tilitas
1130 2050 1261 2115 viri
1293 2048 1605 2133 Aeqyptii,
1647 2051 1718 2115 in
1760 2049 1960 2115 medio
1992 2049 2273 2131 filiorum
2294 2050 2524 2128 Israel,

590 2141 646 2203 ei
699 2137 939 2221 iuryati
990 2139 1139 2201 sunt
1193 2136 1264 2200 in
1313 2136 1540 2200 castris
1602 2135 1771 2216 ipsis
1822 2134 2000 2214 filius
2044 2133 2432 2202 Israelitidis
2470 2140 2528 2202 d

589 2222 691 2287 vir
726 2221 1042 2288 Israelita.
1133 2220 1234 2286 11.
1278 2219 1367 2284 Et
1409 2219 1734 2300 transfixit
1769 2219 1950 2300 filius
1980 2221 2270 2287 mulieris
2311 2220 2527 2287 Israe-

595 2306 800 2374 liudis
849 2325 1065 2372 nomen
1080 2355 1097 2385 ,
1158 2311 1217 2371 et
1267 2305 1626 2371 maledixit.-
1687 2305 2200 2389 adda-verumque
2246 2326 2385 2371 eum
2441 2306 2527 2373 ad

599 2390 853 2459 an:
906 2411 1124 2456 nomen
1165 2395 1370 2456 autem
1416 2392 1642 2456 mffis
1685 2391 1823 2456 cias
1870 2396 2005 2456 erat
2047 2390 2347 2458 Selomiffl
2381 2391 2528 2474 filia

595 2476 807 2555 Dion-i,
850 2476 924 2542 de
958 2477 1126 2542 trihu
1156 2475 1330 2542 Dan.
1401 2474 1501 2541 12.
1544 2473 2017 2558 Etposuemmt
2048 2497 2189 2543 eum
2225 2478 2297 2542 in
2331 2483 2528 2543 eusto-

597 2562 802 2639 diam,
880 2567 951 2627 ut
1029 2565 1351 2644 exponeret
1425 2562 1519 2627 eis
1590 2562 1776 2626 iuxta
1843 2580 2180 2627 sermonem
2244 2560 2526 2629 Iekovae.

600 2647 700 2713 13.
1127 2650 1215 2712 est
1259 2650 1463 2712 autem
1513 2645 1742 2711 Iehova
1795 2646 1882 2713 ad
1926 2645 2179 2726 Mosen,
2237 2648 2530 2715 dicendo:

600 2733 702 2799 14.
747 2731 932 2799 Educ
974 2730 1395 2815 blasphemum
1435 2736 1618 2797 «τινα
1660 2735 1899 2812 castra,
1959 2736 2015 2797 et
2042 2738 2288 2815 ponant
2321 2754 2531 2801 onmes

596 2819 709 2901 qai
751 2818 1091 2885 audierunt
1120 2837 1349 2882 manus
1381 2836 1535 2882 suas
1568 2836 1761 2901 super
1792 2822 1981 2901 caput
2011 2818 2165 2900 eiua,
2209 2824 2266 2885 et
2298 2819 2532 2902 lapidet

597 2923 739 2970 eam
780 2903 1108 2969 universus
1150 2906 1363 2969 coetus.

770 3072 870 3138 10.
916 3070 1247 3156 Emessue.
1333 3070 1551 3154 Quoto
1607 3091 1780 3139 anno
1800 3124 1817 3153 ,
1876 3082 1946 3140 et
2001 3074 2069 3138 in
2115 3093 2242 3158 qua
2288 3073 2529 3140 deserti

596 3158 879 3227 statione
937 3157 1061 3223 hoc
1118 3154 1422 3223 acciderit
1478 3157 1800 3224 incertum
1859 3171 1977 3226 est.
2075 3160 2308 3242 Itaque
2366 3160 2529 3226 duas

598 3264 707 3310 res
742 3264 873 3311 non
909 3241 1236 3308 absimiles
1269 3242 1665 3326 coniungere
1698 3243 1958 3329 placuit.
2027 3243 2375 3311 Probabile
2410 3255 2528 3322 est,

598 3331 774 3396 inter
829 3327 952 3394 hoc
1009 3348 1252 3410 poenae
1304 3329 1674 3412 exemplum
1736 3339 1803 3394 et
1836 3329 2114 3395 alterum
2161 3330 2331 3414 quod
2376 3351 2531 3397 mox

597 3429 921 3498 sequetur,
965 3413 1340 3480 interfuisse
1381 3413 1637 3496 aliquod
1671 3415 1957 3498 spatium
1996 3415 2327 3501 temporis.
2395 3415 2527 3483 Sed

597 3521 818 3566 rerum
861 3499 1171 3565 similium
1214 3500 1538 3564 connexio
1581 3499 1721 3565 visa
1763 3512 1861 3566 est
1909 3500 2152 3584 optime
2206 3501 2529 3584 quadrare

600 3583 684 3651 ad
727 3584 1032 3651 historiae
1075 3585 1329 3662 seriem,
1367 3585 1523 3649 dum
1561 3606 1732 3650 unus
1764 3584 2091 3668 lapidatur
2126 3588 2236 3670 qui
2271 3607 2530 3654 sacrum

597 3671 727 3737 Dei
793 3689 1031 3736 nomen
1097 3670 1300 3753 impia
1357 3668 1769 3752 blasphemia
1814 3672 2308 3754 profanaverat,
2364 3673 2531 3739 alter

597 3776 757 3822 vero
799 3755 882 3821 ob
923 3765 1363 3839 contemptum
1411 3764 1477 3819 et
1519 3753 1937 3821 violationem
1980 3756 2316 3824 Sabbathi.
2394 3758 2529 3824 No·

600 3840 871 3906 tandum
918 3851 1046 3917 est,
1101 3841 1345 3905 crimen
1394 3840 1587 3905 unius
1633 3840 1914 3907 hominis
1957 3862 2223 3909 causam
2269 3842 2529 3911 dedisse

598 3927 730 4011 legi
763 3925 1089 4003 ferendae,
1135 3946 1300 4009 quae
1337 3924 1491 3992 alibi
1528 3926 1827 4009 exposita
1860 3928 1997 4004 fuit,
2042 3928 2234 3995 sicuti
2272 3929 2528 4015 vulgari

599 4012 943 4098 proverbio
999 4011 1312 4077 iactatum
1367 4012 1525 4090 fuit,
1593 4033 1675 4077 ex
1733 4012 1922 4079 malis
1987 4014 2276 4080 moribus
2333 4024 2529 4082 natas

600 4118 743 4166 esse
789 4098 990 4164 bonas
1041 4095 1256 4180 leges:
1312 4097 1465 4179 quia
1519 4106 1859 4181 postquam
1905 4109 2237 4182 sumptum
2283 4101 2409 4165 fuit
2449 4099 2531 4166 de

601 4182 982 4267 blasphemo
1010 4180 1424 4265 supplicium,
1460 4183 1670 4247 edixit
1690 4183 1925 4263 Moses,
1961 4205 2045 4250 ne
2081 4188 2229 4268 quis
2262 4186 2532 4269 impune

599 4269 729 4335 Dei
773 4288 1017 4332 nomen
1072 4267 1307 4350 probro
1357 4268 1664 4334 afficeret.
1750 4268 1891 4333 Iam
1948 4270 2360 4353 providentia
2404 4272 2534 4338 Dei

599 4356 840 4420 factum
883 4361 983 4417 est
1024 4362 1102 4418 ut
1142 4350 1604 4419 documentum
1661 4354 2030 4421 severitatis
2084 4356 2407 4441 inciperet
2449 4358 2532 4424 ab

604 4437 887 4504 hominis
963 4438 1279 4522 Aegyptii
1368 4438 1521 4505 filio.
1642 4439 1813 4505 Nam
1886 4462 1968 4506 ex
2039 4461 2166 4525 quo
2245 4443 2533 4508 nominis

602 4524 702 4590 sui
746 4522 1207 4589 contumeliam
1256 4525 1435 4589 Deus
1480 4534 1611 4591 tam
1658 4524 1910 4592 duriter
1952 4526 2128 4594 ultus
2173 4538 2271 4592 est
2305 4538 2534 4594 contra

608 4609 818 4675 exteri
881 4617 950 4673 et
1018 4609 1276 4691 profani
1330 4610 1453 4675 viri
1509 4609 1822 4690 sobolem,
1883 4612 2078 4697 longe
2134 4613 2350 4680 minus
2406 4613 2536 4679 fuit

601 4692 991 4759 excusabilis
1054 4694 1356 4777 impietas
1420 4697 1491 4760 in
1560 4695 1913 4776 Israelitis,
1979 4717 2141 4781 quos
2202 4699 2387 4765 Deus
2451 4698 2535 4765 ab

603 4789 789 4845 utero
824 4779 1052 4845 matris
1093 4790 1426 4863 susceptos
1462 4783 1642 4865 quasi
1679 4783 1745 4847 in
1781 4785 1933 4849 sinu
1968 4804 2086 4850 suo
2120 4782 2532 4851 educaverat.

603 4863 842 4931 Matris
906 4863 1166 4948 quidem
1232 4876 1528 4948 respectu
1594 4868 1911 4936 oriundus
1975 4878 2115 4934 erat
2180 4890 2266 4934 ex
2330 4869 2534 4936 electo

603 4949 873 5035 populo:
941 4949 1057 5017 sed
1121 4952 1380 5035 genitus
1444 4975 1526 5018 ex
1592 4965 1778 5036 patre
1849 4955 2210 5039 Aegyptia,
2272 4955 2535 5040 proprie

602 5035 855 5103 censeri
935 5035 1161 5101 debuit
1235 5037 1408 5102 inter
1471 5037 1823 5105 Israelitas.
1931 5040 2113 5125 Ergo
2177 5040 2234 5105 si
2304 5042 2538 5108 veniae

604 5122 783 5188 locus
824 5131 1026 5201 esset,
1070 5124 1283 5206 potuit
1326 5123 1591 5189 obtendi
1637 5124 1966 5208 speciosus
2010 5125 2215 5206 color,
2258 5147 2376 5193 cur
2417 5127 2536 5193 ho·

603 5208 767 5272 mini
811 5208 1061 5274 alienae
1105 5220 1172 5274 et
1213 5210 1509 5293 impurae
1551 5211 1821 5293 originis
1865 5210 2120 5278 facilius
2174 5211 2540 5295 ignoscere-

605 5302 732 5359 tur.
823 5294 1026 5375 Atqui
1072 5295 1212 5361 cius
1258 5308 1465 5360 morte
1508 5298 1756 5362 sancita
1811 5298 1933 5361 fuit
1976 5299 2285 5364 maiestas
2328 5299 2537 5364 nomi·

1974 410 2382 481 REDI'I'US
2426 412 2558 479 AD
2599 409 3144 479 HISTORIAM.

4407 404 4544 474 212

2617 598 2722 664 nis
2767 596 2913 665 Dei.
2998 580 3196 666 Unde
3250 596 3549 680 sequitur
3598 595 3780 661 nullo
3834 594 4027 662 modo
4080 615 4225 662 esse
4266 593 4538 694 permit-

2618 683 2887 748 tendum
2930 692 3003 749 ut
3045 684 3222 749 inter
3262 681 3567 750 eeclesiae
3604 680 3775 747 filios
3816 701 4055 748 nomen
4098 679 4230 746 Dei
4270 698 4542 763 impune

2616 768 3039 853 blasphemiis
3081 768 3429 834 subiaceat.
3518 765 3790 833 Discere
3832 776 4050 833 autem
4094 765 4250 832 licet
4289 785 4375 841 ex
4418 764 4543 831 hoc

2615 853 2784 933 loco,
2837 855 2909 918 in
2965 853 3081 919 illa
3137 853 3483 938 tyrannica
3537 854 3955 937 oppressione
4007 851 4249 918 multas
4290 848 4543 934 puellas

2614 939 2998 1023 abnupsisse
3040 940 3111 1004 in
3153 946 3417 1023 gentem
3469 938 3921 1038 aegyptiacam
3939 988 3955 1019 ‚
4012 947 4088 1003 ut
4142 937 4226 1004 ab
4280 935 4543 1002 iniuriis

2615 1034 3487 1209 affiatffieaslgflgffirgtrem
3525 1023 4546 1209 ssffiFffilffitoaeolffitgsgutg

2616 1194 2917 1261 exsilium
2942 1204 3368 1278 pertraxerit:
3404 1194 3530 1261 nisi
3563 1194 3730 1260 forte
3760 1195 3893 1260 iam
3928 1193 4129 1259 vidua
4160 1201 4303 1260 erat
4332 1201 4548 1258 mater

2616 1291 2768 1346 ante
2810 1281 3034 1365 populi
3078 1299 3443 1365 egressum:
3499 1289 3575 1345 ut
3625 1280 3900 1346 liberum
3946 1279 4144 1345 fuerit
4185 1278 4391 1343 filium
4436 1298 4542 1343 se·

2617 1387 2763 1434 cum
2830 1364 3083 1432 ducere.
3192 1366 3401 1432 Porro
3474 1385 3775 1450 egressus
3852 1365 4087 1431 dicitur
4160 1384 4296 1429 non
4358 1369 4549 1429 extra

2617 1460 2830 1519 castra
2870 1451 2982 1517 sed
3028 1452 3094 1518 in
3138 1450 3487 1534 publicum,
3530 1461 3607 1517 ut
3640 1472 3680 1517 a
3719 1450 3995 1517 testibus
4028 1451 4546 1516 convinceretur.

2620 1536 2843 1620 Neque
2886 1537 3061 1603 enim
3105 1535 3187 1601 ad
3229 1556 3493 1603 causam
3535 1534 3875 1603 dicendam
3917 1542 4167 1602 tractus
4200 1534 4451 1614 fuisset,
4486 1534 4547 1599 si

2619 1623 2915 1689 latuisset
2989 1623 3233 1687 crimen
3311 1623 3487 1688 inter
3549 1620 3935 1688 domesticos
3996 1620 4293 1706 parietes.
4400 1618 4549 1685 Iam

2622 1708 2785 1775 haec
2839 1726 3098 1791 quoque
3153 1708 3645 1775 circumstantia
3706 1706 3996 1773 notanda
4051 1715 4185 1785 est,
4250 1707 4550 1789 quamvis

2621 1790 3295 1945 ξξῗῑῖοὲῖἑῗέἓὲἒ
3309 1791 4555 1963 “ffissmssdzfphfflffissffi

2623 1971 2727 2032 est
2800 1963 3253 2049 tergiversatio
3329 1973 3552 2048 petere
3626 1973 3704 2029 ut
3765 1962 4140 2029 iracundiae
4205 1971 4554 2046 praetextu

2624 2050 2999 2135 ignoscatur
3041 2048 3498 2133 blasphemiis:
3542 2047 3708 2114 nihil
3744 2048 3919 2115 enim
3955 2050 4175 2115 minus
4209 2048 4555 2114 ferendum

2625 2145 2727 2202 est
2769 2155 2961 2218 quam
3008 2144 3084 2200 ut
3122 2135 3193 2199 in
3238 2134 3457 2200 Deum
3499 2133 3750 2201 recidat
3802 2134 4085 2218 impetus
4129 2141 4352 2199 noster
4368 2185 4382 2212 ,
4442 2131 4555 2199 ubi

2624 2221 2695 2286 in
2762 2220 3093 2285 hominem
3158 2219 3705 2286 excandescimus.
3806 2220 4011 2303 Atqui
4089 2219 4363 2304 vulgare
4438 2225 4559 2300 est,

2625 2306 2738 2372 ubi
2780 2305 2929 2389 quis
2970 2304 3411 2388 blasphemiae
3452 2305 3843 2390 coarguitur,
3894 2305 4153 2390 culpam
4198 2305 4558 2371 transferre

2626 2393 2694 2456 in
2773 2389 3147 2457 iracundiae
3221 2390 3543 2456 fervorem
3604 2411 3682 2457 ac
3743 2388 3803 2457 si
3868 2391 4009 2457 Deo
4072 2388 4312 2456 luenda
4386 2398 4560 2456 esset

2627 2496 2834 2561 poena
2878 2476 3132 2561 quoties
3189 2495 3635 2560 provocamur.
3736 2473 4032 2541 Verbum
4076 2488 4186 2565 ΞΡ)
4227 2474 4402 2558 quod
4445 2474 4561 2540 alii

2633 2570 2901 2628 vertunt
2962 2561 3333 2645 exprimere
3350 2609 3367 2642 ,
3432 2561 3552 2629 hoc
3611 2561 3753 2628 loco
3819 2562 4030 2644 potius
4093 2562 4381 2628 sumitur
4442 2579 4562 2645 pro

2631 2646 2961 2713 exsecrari
3015 2647 3120 2715 vel
3175 2647 3594 2731 transfigere:
3660 2657 3729 2713 et
3791 2655 3942 2730 apte
3995 2646 4301 2714 convenit
4358 2654 4564 2712 meta-

2633 2731 2865 2816 phora,
2923 2753 3159 2799 nomeu
3204 2733 3332 2798 Dei
3387 2734 3684 2817 transfigi
3742 2733 3854 2798 ubi
3909 2731 4376 2799 contumeliose
4429 2732 4560 2797 iac·

2632 2827 2831 2884 tatur.

2807 2903 2908 2969 13.
2953 2901 3277 2986 Loquatus
3318 2907 3408 2970 esi
3449 2901 3681 2968 Iehova
3723 2903 3827 2969 ad.
3915 2899 4299 2969 'Ponendum
4355 2901 4563 2988 igitur

2635 2999 2751 3067 est,
2792 3008 2924 3053 non
2970 2989 3312 3055 hominum
3352 2988 3619 3055 arbitrio
3663 3008 3786 3054 nec
3825 2986 4114 3054 violento
4156 2987 4294 3053 zelo
4337 2986 4566 3071 populi

2632 3073 2947 3141 inflictam
2990 3074 3191 3140 fixisse
3235 3092 3504 3157 poenam
3549 3072 3958 3158 blasphemo:
4003 3071 4118 3139 sed
4152 3072 4380 3140 Mosen
4426 3094 4568 3140 coe-

2632 3159 2785 3224 lesti
2837 3159 3100 3225 oraculo
3153 3160 3451 3225 edoctum
3506 3178 3826 3242 quaenam
3885 3159 4154 3225 ferenda
4197 3168 4369 3226 esset
4412 3178 4568 3225 sen·

2632 3245 2859 3310 tentia.
2945 3244 3154 3310 Porro
3213 3244 3457 3311 dictum
3525 3243 3678 3310 alibi
3746 3244 3870 3310 fuit
3932 3265 4051 3311 cur
4117 3244 4298 3311 Deus
4364 3265 4564 3311 manu

2633 3331 2899 3397 testium
2943 3329 3225 3396 voluerit
3273 3329 3478 3397 occidi
3523 3329 3869 3396 maleficos.
3958 3328 4242 3397 Additur
4287 3330 4393 3396 hic
4435 3328 4568 3396 alia

2630 3416 3062 3493 caeremonia,
3118 3428 3191 3481 ut
3247 3436 3483 3482 manus
3541 3416 3883 3499 imponant
3924 3416 4066 3482 eius
4109 3416 4341 3500 capiti,
4389 3436 4465 3483 ae
4507 3416 4564 3481 si

2630 3522 2870 3568 noxam
2915 3501 2985 3565 in
3031 3522 3181 3567 eum
3227 3502 3585 3568 reiicerent.

3107 3843 3239 3909 Ex
3282 3842 3633 3911 NUMER.
3682 3842 3877 3911 CAP.
3924 3843 4079 3910 XV.

2711 4018 2730 4039 ⁸
2802 4014 2907 4080 32.
2974 4013 3181 4096 Quum
3229 4018 3434 4083 autem
3486 4019 3682 4080 essem
3731 4014 3858 4096 ficii
3912 4013 4126 4081 Israel
4174 4016 4245 4082 in
4307 4018 4564 4097 deserto,

2630 4101 3052 4251 ἒοέυεηὲαὲιίᾶᾶ
3070 4102 3320 4250 virumn&
3349 4099 3725 4269 colbiyenzetv‘t}
3779 4100 3983 4252 332?
4056 4100 4159 4167 die
4191 4100 4533 4272 ωιῗὲῗαῶί
4548 4129 4568 4168 .·

2632 4272 2835 4356 liyna,
2896 4271 2981 4336 ad
3027 4270 3246 4336 Mosen
3285 4275 3344 4336 et
3383 4270 3680 4350 Aharon,
3732 4276 3791 4337 et
3846 4272 4207 4338 universam
4246 4292 4567 4357 mareyn-

2630 4359 2872 4424 tionem,
2962 4355 3063 4422 34.
3115 4356 3239 4439 Qui
3279 4361 3628 4438 posuerunt
3670 4376 3813 4422 eum
3861 4357 3933 4422 in
3988 4358 4367 4423 custodiam.-
4411 4360 4566 4441 quia

2632 4443 2904 4509 nondam
2955 4442 3336 4525 patefactum
3399 4447 3535 4509 erat
3697 4442 3767 4508 id
3837 4442 4198 4526 faciendam
4270 4450 4423 4511 esset
4485 4445 4563 4510 ei.

2633 4527 2735 4594 35.
2793 4527 2882 4592 Et
2936 4527 3101 4593 dixit
3157 4526 3384 4593 Iehova
3438 4528 3523 4593 ad
3711 4547 3821 4593 en:
3875 4526 4205 4596 Morienao
4257 4530 4569 4597 moriatur

2631 4615 2733 4679 vir
2774 4613 2911 4678 ille:
2966 4612 3200 4696 lapidet
3252 4632 3392 4679 eum
3446 4613 3770 4697 lapidibus
3823 4613 4125 4679 universa
4179 4616 4563 4700 conqreyatio

2634 4703 2811 4764 extra
2875 4702 3098 4763 castra.
3200 4698 3303 4765 36.
3357 4697 3731 4764 Eduxerant
3793 4718 3934 4783 erqo
3985 4718 4126 4764 eum
4186 4702 4567 4786 eonqreyatio

2632 4790 2808 4850 abra
2850 4788 3090 4862 castra,
3156 4789 3214 4849 et
3253 4785 3692 4866 lapidaverunt
3732 4803 3874 4850 eam
3916 4783 4254 4865 lapidibus,
4300 4791 4359 4851 et
4398 4806 4564 4854 mor·

2633 4875 2776 4935 tuus
2817 4874 2921 4947 est,
2959 4870 3469 4950 quenmdmdmn
3504 4874 3903 4953 praeceperat
3947 4868 4178 4936 Iehova
4224 4870 4411 4938 Moci.

2807 5040 2910 5106 32.
2965 5041 3168 5124 Quum
3223 5045 3425 5108 autem
3477 5046 3690 5106 essent.
3789 5038 3966 5122 Quia
4021 5039 4312 5106 nescitur
4367 5052 4568 5124 quoto

2638 5146 2807 5192 anno
2861 5126 2969 5193 vel
3027 5145 3156 5210 quo
3222 5148 3444 5193 mense
3509 5125 3629 5192 hoc
3698 5124 4036 5206 acciderit,
4100 5125 4264 5191 nihil
4331 5126 4568 5193 melius

2637 5212 2855 5277 visum
2926 5222 3028 5277 est
3090 5231 3282 5295 quam
3339 5210 3546 5278 Mosis
3611 5219 3990 5278 contextum
4055 5210 4256 5294 sequi.
4359 5211 4566 5279 Porro

2639 5297 2803 5364 haec
2846 5296 3117 5363 historia
3151 5296 3553 5363 demonstrat
3590 5318 3721 5362 non
3758 5295 3981 5363 eadem
4019 5316 4276 5380 semper
4307 5295 4569 5365 insania
