5017 6142
500 430 632 497 363

505 622 734 689 fuisset
814 615 1013 696 Mosi,
1099 613 1243 679 fieri
1322 609 1550 677 debuit
1626 609 1970 677 exordium
2048 629 2090 675 a
2167 619 2459 693 tempore

505 704 850 774 Abrahae:
893 699 1064 766 sieut
1106 697 1425 783 propheta
1467 697 1540 764 in
1583 696 1848 764 Psalmo
1893 695 2068 783 (105,
2113 697 2180 784 8)
2215 697 2460 762 iustam

374 824 379 829 ·
507 788 955 860 narrationem
995 784 1346 851 instituens
1364 834 1379 860 ‚
1438 804 1479 849 a
1516 783 1729 867 primo
1772 781 1888 848 illo
1930 781 2189 848 foedere
2230 781 2462 866 incipit

506 875 681 964 quod
731 873 918 940 Deus
973 891 1122 938 cum
1169 868 1467 955 patribus
1529 869 1887 954 pepigerat.
1972 869 2194 952 Atque
2259 868 2460 933 etiam

506 961 824 1031 beneficia
886 958 1124 1042 quibus
1183 976 1293 1021 eos
1373 963 1806 1039 prosequutus
1867 953 2088 1020 fuerat
2151 954 2458 1033 contexit,

509 1069 712 1136 quum
770 1050 992 1111 essent
1046 1062 1323 1107 numero
1376 1042 1602 1124 pauci,
1656 1048 1724 1106 et
1764 1040 2102 1124 peregrini
2143 1041 2218 1105 in
2261 1046 2455 1118 terra,

508 1130 1008 1203 obambularent
1063 1127 1143 1193 de
1185 1134 1382 1213 gente
1425 1126 1498 1191 in
1541 1134 1837 1211 gentem,
1902 1145 2036 1191 non
2077 1145 2313 1209 passus
2357 1131 2457 1190 est

511 1219 845 1288 hominem
905 1235 1139 1282 nocere
1214 1212 1377 1294 illis,
1456 1212 1773 1296 corripuit
1847 1232 1966 1295 pro
2028 1211 2187 1295 ipsis
2244 1230 2455 1295 reges.

510 1308 732 1375 Moses
791 1321 947 1368 vero
999 1299 1308 1366 brevitati
1364 1297 1667 1377 studens,
1730 1297 2060 1365 recentius
2118 1304 2186 1364 et
2243 1296 2456 1380 magis

504 1392 766 1459 celebre
808 1386 1201 1455 beneficium
1252 1384 1414 1450 satis
1453 1382 1688 1450 habuit
1726 1382 2047 1466 proferre,
2106 1382 2240 1448 imo
2274 1382 2456 1465 prin·

504 1478 754 1562 cipium
780 1472 1185 1539 liberationis
1207 1471 1470 1550 omittit,
1505 1476 1764 1534 tantum
1793 1466 2036 1535 deserti
2057 1470 2457 1535 mentionem

510 1564 776 1630 faciens.
866 1557 1052 1624 Dicit
1097 1576 1255 1642 ergo
1273 1607 1290 1635 ,
1348 1556 1569 1622 Deum
1627 1555 1960 1622 invenisse
2016 1555 2191 1638 ipsos
2229 1555 2297 1620 in
2344 1552 2456 1620 de-

511 1657 720 1716 serto:
775 1667 911 1711 non
953 1643 1104 1727 quia
1147 1651 1308 1708 tunc
1346 1641 1633 1726 primum
1690 1662 1918 1707 eorum
1972 1640 2270 1707 misereri
2312 1660 2457 1706 coe-

509 1734 716 1821 perit,
796 1751 996 1816 quum
1062 1737 1256 1794 antea
1317 1726 1599 1793 mirabili
1653 1727 1833 1793 illius
1896 1727 2188 1810 potentia
2251 1725 2461 1810 erepti

512 1823 792 1888 fuissent
854 1839 894 1883 a
951 1814 1302 1902 tyrannide
1359 1813 1761 1891 Pharaonis,
1822 1820 1890 1878 et
1945 1832 2130 1878 mare
2185 1812 2461 1877 rubrum

513 1905 702 1973 siccis
760 1901 1033 1987 pedibus
1089 1901 1510 1966 transissent:
1568 1897 1684 1965 sed
1742 1899 1898 1982 quia
1955 1898 2116 1964 utile
2159 1897 2293 1963 illis
2338 1898 2464 1962 fuit

515 2001 672 2059 ante
706 1988 927 2056 oculos
962 1988 1161 2052 statui
1196 1984 1513 2070 quomodo
1549 2005 1585 2050 e
1606 1984 1932 2067 profunda
1963 1985 2192 2051 mortis
2228 1984 2464 2068 abysso

517 2075 797 2145 extracti
843 2080 1095 2147 essent,
1155 2092 1284 2155 quo
1328 2071 1561 2136 melius
1613 2081 2043 2155 agnoscerent
2086 2072 2264 2136 vitae
2307 2090 2462 2136 suae

516 2163 799 2229 initium.
889 2158 1065 2241 Quid
1123 2159 1298 2223 enim
1357 2165 1499 2222 erat
1552 2166 1811 2222 vastum
1857 2165 1924 2222 et
1963 2156 2189 2222 sterile
2245 2156 2463 2221 deser-

517 2258 697 2325 tum,
742 2247 854 2312 ubi
896 2266 1015 2310 1100
1058 2244 1228 2310 mica
1270 2243 1487 2326 panis,
1546 2263 1667 2308 nec
1709 2262 1915 2325 aquae
1957 2250 2145 2327 gut-ta
2179 2242 2464 2327 reperie-

517 2335 730 2413 batur,
770 2352 965 2416 quam
1003 2329 1373 2414 sepulcrum
1421 2327 1498 2393 ad
1553 2327 1995 2394 absorbendas
2028 2327 2207 2394 mille
2242 2326 2460 2393 vitas?

519 2419 790 2503 ideoque
854 2416 1186 2483 adiicitur:
1254 2413 1550 2480 Vastitas
1615 2414 1924 2481 horroris.
2017 2413 2292 2481 Summa
2347 2420 2465 2494 est,

520 2504 693 2589 quod
735 2502 1012 2588 populus
1052 2501 1235 2568 illinc
1278 2500 1501 2566 salvus
1540 2502 1834 2578 emersit,
1883 2501 2211 2583 specimen
2259 2498 2462 2585 quod-

521 2592 670 2657 dam
723 2589 926 2656 fuisse
984 2587 1504 2665 resurrectionis,
1572 2606 1703 2650 non
1762 2586 1842 2652 ab
1888 2607 2021 2652 una
2078 2593 2340 2651 tantum
2396 2592 2464 2651 et

520 2676 802 2760 simplici
846 2681 1089 2751 morte,
1144 2671 1259 2738 sed
1304 2672 1383 2737 ab
1426 2673 1814 2737 innumeris.
1908 2670 1982 2738 Si
2038 2681 2287 2737 rectum
2330 2671 2464 2737 illis

520 2773 588 2827 et
628 2760 1006 2845 expeditum
1049 2758 1281 2825 fuisset
1321 2757 1468 2835 iter,
1514 2776 1650 2821 non
1693 2764 1918 2823 tamen
1960 2757 2188 2824 confici
2222 2757 2466 2840 absque

520 2847 837 2913 miraculo
895 2852 1177 2929 poterat:
1243 2864 1423 2909 nunc
1487 2863 1691 2925 quum
1751 2863 1869 2925 per
1923 2864 2130 2909 annos
2188 2843 2465 2928 quadra-

520 2936 708 3018 ginta
750 2931 884 2997 illic
927 2929 1320 3006 erraverint,
1365 2929 1473 2992 vix
1521 2929 1943 2995 centesimam
1999 2929 2464 2996 miraculorum

520 3029 772 3102 partem
829 3016 1088 3100 capient
1145 3015 1471 3079 humanae
1527 3021 1799 3081 mentes.
1886 3014 2120 3099 Itaque
2178 3036 2310 3081 non
2357 3036 2464 3082 su·

519 3123 993 3189 pervacaneum
1032 3109 1133 3169 est
1166 3099 1440 3166 verbum
1464 3099 2041 3167 Circumducendi:
2086 3101 2238 3185 quia
2269 3101 2467 3187 longe

521 3188 922 3275 splendidior
981 3188 1106 3253 fuit
1157 3187 1281 3253 Dei
1350 3186 1562 3251 virtus
1622 3208 1819 3271 quam
1877 3188 1932 3253 si
1987 3187 2289 3253 celeriter
2353 3209 2470 3271 per

521 3290 741 3342 aerem
817 3273 1218 3340 volitassent.
1308 3271 1556 3337 Eodem
1638 3272 1850 3338 refero
1915 3271 2086 3357 quod
2148 3273 2466 3356 sequitur:

523 3360 840 3428 Erudivit
894 3360 1109 3443 ipsum
1128 3410 1144 3438 ,
1188 3378 1530 3442 perperam
1587 3360 1760 3423 enim
1806 3357 1977 3443 (meo
2020 3358 2282 3446 iudicio)
2325 3360 2470 3443 qui-

524 3447 676 3513 dam
727 3446 806 3512 de
861 3445 1003 3530 lege
1047 3445 1404 3527 accipiunt,
1462 3465 1664 3527 quum
1765 3445 1939 3511 otius
1980 3443 2062 3510 ad
2103 3444 2472 3513 doctrinam

525 3532 1105 3617 experimentalem
1161 3532 1501 3613 pertineat.
1590 3530 1712 3596 Mu
1740 3530 1944 3614 tiplex
2013 3531 2188 3596 enim
2261 3552 2472 3615 neque

524 3619 820 3704 vulgaris
862 3616 1139 3682 eruditio
1181 3617 1308 3681 fuit
1350 3615 1572 3682 oblata
1604 3616 1673 3681 in
1711 3624 1805 3682 tot
1846 3617 2179 3683 beneficiis
2216 3626 2286 3684 et
2318 3637 2472 3703 poe·

525 3706 650 3784 nis,
687 3704 799 3770 ubi
822 3701 1008 3769 Deus
1028 3703 1213 3787 quasi
1246 3723 1448 3768 manu
1482 3712 1759 3780 exserta,
1783 3701 2054 3785 gloriam
2079 3724 2265 3769 suam
2290 3704 2475 3769 illus-

526 3790 765 3857 trabat.
878 3787 1261 3871 Sequuntur
1334 3787 1500 3854 duae
1576 3787 2037 3854 similitudines
2103 3789 2185 3855 ad
2250 3790 2471 3875 expri-

524 3874 838 3942 mendum
883 3873 1010 3939 Dei
1065 3894 1354 3939 amorem
1411 3893 1560 3939 cum
1603 3872 2041 3940 sollicitudine
2083 3875 2230 3957 plus
2278 3897 2470 3959 quam

525 3972 819 4047 paterna.
887 3961 1112 4028 Primo
1155 3958 1314 4026 dicit
1356 3959 1573 4025 Deum
1615 3959 1763 4025 illos
1806 3981 1938 4025 non
1982 3959 2206 4027 minus
2249 3960 2475 4028 sedulo

525 4048 892 4132 protexisse
945 4046 1027 4111 ab
1070 4047 1251 4111 omni
1308 4045 1554 4110 iniuria
1595 4055 1664 4111 et
1718 4046 2016 4111 molestia
2056 4068 2250 4131 quam
2309 4048 2472 4113 solet

528 4134 801 4217 quisque
859 4131 1175 4216 pupillam
1229 4131 1398 4198 oculi
1441 4132 1575 4208 sui,
1632 4152 1799 4215 quae
1845 4153 1997 4215 pars
2042 4142 2143 4199 est
2185 4135 2474 4217 corporis

528 4219 916 4298 tenerrima,
971 4226 1038 4282 et
1095 4240 1135 4283 a
1188 4219 1373 4283 cuius
1425 4217 1783 4284 offensione
1840 4220 2128 4284 maxime
2184 4228 2471 4287 cavetur.

530 4305 620 4369 Et
680 4302 930 4383 David,
995 4303 1107 4368 ubi
1164 4303 1484 4388 singulari
1539 4303 1668 4369 Dei
1733 4303 2054 4388 praesidio
2118 4327 2188 4371 se
2253 4314 2469 4372 tutum

525 4389 782 4457 servari
842 4389 1160 4472 postulat,
1227 4391 1320 4457 sic
1383 4390 1689 4473 loquitur.
1779 4389 2037 4457 Deinde
2089 4391 2341 4474 aquilae
2399 4413 2473 4458 se

524 4488 857 4559 comparat
910 4474 1126 4554 Deus,
1183 4496 1351 4559 quae
1406 4497 1541 4541 non
1588 4476 1780 4542 modo
1833 4476 2046 4560 pullos
2098 4498 2249 4544 suos
2299 4479 2474 4545 fovet

525 4562 834 4645 expansis
878 4560 1026 4636 alis,
1077 4560 1192 4626 sed
1248 4560 1669 4644 indulgenter
1713 4572 1778 4628 et
1818 4584 1940 4648 pro
1983 4570 2281 4629 materna
2326 4564 2472 4629 dul-

525 4648 753 4714 cedine
796 4653 1107 4730 provocat
1150 4643 1232 4711 ad
1275 4646 1651 4715 volandum.
1740 4647 2068 4716 Subtilius
2116 4649 2196 4714 de
2239 4651 2474 4733 aquilis

524 4731 973 4817 philosophari
1016 4753 1191 4799 nunc
1234 4733 1764 4817 intempestivum
1808 4744 1997 4802 esset.
2083 4735 2348 4816 Iudaei,
2398 4747 2473 4802 ut

524 4819 740 4885 solent
803 4817 884 4887 de
948 4818 1143 4885 rebus
1206 4819 1561 4903 incognitis
1640 4819 1948 4888 audacter
2012 4822 2278 4907 nugari,
2350 4824 2472 4889 hoc

525 4907 666 4972 loco
713 4904 1297 4973 comminiscuntur
1354 4925 1522 4989 quae
1580 4905 1663 4972 ad
1718 4928 1984 4974 sensum
2037 4907 2243 4974 Mosis
2302 4909 2472 4973 nihil

527 4991 842 5070 attinent,
900 4990 1010 5074 qui
1055 4999 1231 5055 certe
1286 4991 1569 5074 aquilam
1626 4993 1846 5076 posuit
1892 5001 1965 5059 ut
2007 4994 2200 5060 aliam
2247 5015 2474 5078 quam-

527 5077 686 5143 libet
720 5097 926 5143 avem.
991 5075 1130 5143 Nec
1163 5096 1323 5143 vero
1358 5075 1629 5144 dubium
1672 5087 1773 5144 est
1814 5079 1977 5162 quin
2018 5079 2125 5145 ubi
2166 5079 2474 5149 Christus

527 5183 599 5229 se
634 5161 916 5247 gallinae
950 5170 1305 5246 comparat,
1339 5163 1615 5230 eandem
1654 5164 2066 5232 sedulitatem
2102 5168 2473 5250 exprimere

528 5247 720 5317 velit:
785 5248 1070 5330 quoties,
1134 5247 1385 5333 inquit,
1457 5250 1640 5316 volui
1706 5251 2009 5336 colligere
2072 5252 2243 5318 filios
2308 5264 2472 5335 tuos,

528 5334 697 5401 sicut
717 5332 962 5419 gallina
995 5333 1226 5419 pullos,
1264 5343 1331 5401 et
1366 5336 1679 5404 noluisti?
1729 5335 1806 5405 Si
1829 5337 1932 5403 cui
1963 5346 2183 5403 tamen
2218 5337 2473 5422 placeat

1939 421 2340 490 REDI'PUS
2387 422 2517 489 AD
2560 423 3110 492 HISTORIAM.

4386 425 4520 493 364

2563 632 2731 695 quae
2788 611 3175 679 Aristoteles
3239 611 3441 679 tradit
3498 611 3579 679 de
3632 611 3900 695 aquilis,
3965 609 4098 676 huc
4153 630 4518 679 accommo-

2563 698 2722 763 dare
2760 718 2878 782 per
2918 718 3026 763 me
3068 697 3320 766 licebit:
3379 718 3751 782 quanquam
3799 716 3936 763 non
3979 698 4284 763 existimo
4332 697 4515 763 aliud

2562 784 2825 849 venisse
2864 783 3039 850 Mosi
3095 785 3167 849 in
3209 791 3497 851 mentem
3543 805 3741 869 quam
3785 781 3960 867 quod
4002 783 4204 851 verba
4238 804 4396 867 prae
4438 804 4515 851 se

2563 869 2802 936 ferunt.
2890 871 2984 936 Et
3047 878 3225 937 certe
3298 870 3599 938 sufficere
3678 869 3868 936 nobis
3945 868 4137 935 debet
4200 868 4373 952 quod
4437 871 4511 937 in

2562 966 2867 1038 promptu
2910 955 3100 1022 nobis
3144 956 3447 1035 occurrit,
3491 955 3615 1024 hac
3649 953 4114 1023 inaestimabili
4157 954 4286 1021 Dei
4331 954 4518 1021 boni-

2560 1049 2698 1108 tate
2756 1048 2825 1108 et
2881 1041 3298 1126 indulgentia
3354 1043 3587 1108 merito
3643 1063 3763 1108 nos
3823 1039 4058 1106 debere
4099 1040 4171 1105 in
4230 1038 4513 1106 admira·

2560 1127 2807 1193 tionem
2839 1127 3003 1213 rapi,
3046 1125 3207 1194 dum
3242 1149 3313 1195 se
3347 1148 3630 1212 eousque
3672 1126 4058 1193 submittere
4092 1146 4228 1192 non
4271 1148 4516 1211 grava-

2560 1219 2673 1278 tur
2737 1224 2810 1279 ut
2870 1213 3083 1279 instar
3147 1213 3445 1281 aviculae
3510 1214 3649 1280 suis
3707 1213 3832 1280 alis
3890 1232 4011 1278 nos
4068 1220 4389 1297 protegat,
4444 1221 4514 1279 et

2558 1299 2894 1366 volitando
2935 1318 3054 1365 nos
3097 1297 3179 1364 ad
3214 1320 3285 1365 se
3319 1299 3723 1383 sequendum
3765 1299 4025 1377 formet,
4061 1305 4254 1381 atque
4288 1318 4514 1366 assue-

2558 1384 2792 1451 faciat:
2836 1405 2967 1469 qua
3008 1385 3298 1451 secunda
3338 1394 3527 1469 parte
3567 1386 3717 1471 plus
3765 1404 3964 1470 quam
4008 1391 4309 1449 materna
4351 1383 4514 1451 edu-

2561 1471 2731 1537 catio
2767 1478 3054 1537 notatur.

2737 1558 2837 1624 12.
2908 1556 3139 1623 Iehova
3180 1557 3357 1623 solus
3395 1555 3657 1624 deduxit
3696 1575 3853 1620 eum,
3945 1554 4346 1637 Antieipatio
4390 1561 4513 1635 est,

2563 1663 2696 1792 qua
2780 1663 3006 1709 omnes
3094 1640 3573 1727 tergiversandi
3657 1648 4038 1723 praetextus
4100 1640 4363 1705 adimit:
4453 1642 4517 1706 si

2594 1736 2732 1794 orte
2770 1728 3016 1796 vellent
3037 1727 3396 1808 Israelitae,
3442 1747 3560 1811 pro
3594 1746 3777 1792 more
3819 1745 3973 1793 suas
4016 1725 4518 1810 superstitiones

2566 1815 2842 1881 miscere
2900 1833 3051 1879 cum
3106 1813 3390 1898 simplici
3433 1812 3560 1880 Dei
3618 1812 3821 1878 cultu.
3909 1810 4080 1877 Nam
4124 1832 4325 1895 quum
4359 1811 4518 1879 hinc

2566 1899 2719 1966 inde
2786 1902 3000 1966 varios
3066 1897 3220 1965 deos
3283 1900 3410 1967 sibi
3475 1906 3886 1967 accerserent
3902 1948 3918 1976 ,
3985 1898 4231 1981 passim
4287 1896 4518 1963 audita

2566 1986 2692 2051 fuit
2754 1986 2872 2052 illa
2925 1986 3258 2052 excusatio
3273 2036 3289 2064 ,
3359 2006 3492 2051 non
3557 1986 3652 2051 ita
3715 1982 4067 2066 exspoliari
4111 1983 4328 2049 Deum
4394 2003 4518 2049 suo

2562 2071 2726 2138 iure.
2817 2074 3039 2155 Atque
3103 2069 3258 2138 hinc
3320 2072 3565 2138 factum
3629 2080 3730 2136 est
3777 2077 3852 2135 ut
3908 2069 4034 2136 sibi
4099 2070 4518 2153 permiserint

2564 2178 2949 2224 coacervare
3021 2157 3335 2223 falsorum
3414 2155 3683 2222 deorum
3770 2153 4033 2220 turbam
4050 2205 4067 2235 ,
4153 2176 4313 2239 quos
4394 2176 4516 2239 pro

2564 2244 2860 2327 patronis
2917 2242 3234 2310 colebant.
3322 2242 3527 2326 Atqui
3583 2242 3862 2307 occurrit
3917 2241 4167 2321 Moses,
4231 2262 4308 2308 ac
4363 2261 4515 2324 pro·

2565 2331 2865 2410 nunciat,
2930 2330 3152 2395 Deum
3209 2329 3403 2396 sicuti
3466 2328 3678 2394 alieno
3735 2327 3981 2394 auxilio
4046 2347 4178 2392 non
4241 2326 4515 2411 indiget,

2568 2423 2827 2482 exteros
2886 2415 3037 2480 deos
3108 2436 3237 2481 non
3308 2412 3685 2481 adhibuisse
3764 2413 3972 2479 socios
4048 2413 4116 2479 in
4193 2411 4519 2479 servando

2567 2501 2825 2587 populo.
2915 2500 3108 2567 Unde
3171 2502 3466 2585 seqnitur
3483 2552 3502 2580 ,
3567 2519 3986 2584 quoscunque
4043 2497 4195 2565 deos
4251 2498 4522 2564 admisit

2567 2587 2878 2672 populus,
2934 2590 3002 2652 in
3062 2607 3173 2653 eos
3216 2585 3632 2652 transtulisse
3687 2586 3828 2652 veri
3875 2592 3944 2650 et
3986 2584 4184 2649 unius
4226 2585 4354 2650 Dei
4396 2584 4520 2649 ho-

2569 2694 2816 2739 norem.
2909 2672 3256 2741 Discamus
3309 2674 3530 2755 itaque
3573 2692 3656 2737 ex
3709 2671 3833 2738 hoc
3876 2670 4019 2736 loco
4078 2670 4208 2735 nisi
4250 2670 4319 2736 in
4364 2669 4523 2736 soli-

2570 2759 2726 2824 dum
2773 2757 3028 2826 colatur
3070 2759 3254 2826 Deus
3272 2810 3288 2835 ‚
3343 2758 3545 2841 impia
3590 2755 3965 2842 corruptela
4003 2764 4206 2821 totam
4253 2755 4520 2840 religio-

2569 2865 2720 2911 nem
2757 2844 3064 2929 perverti.

2744 2931 2844 2996 13.
2911 2930 3222 3012 Equitare
3270 2930 3433 3012 fecit.
3523 2927 3719 3011 Quod
3773 2926 4085 2994 Iudaeam
4145 2927 4240 2993 sic
4297 2926 4526 2994 vocari

2570 3019 2866 3101 fingunt,
2927 3018 3078 3100 quia
3142 3016 3228 3082 sit
3290 3023 3506 3081 terrae
3568 3013 3945 3093 umbilicus,
4008 3013 4316 3080 frivolum
4385 3024 4520 3080 est:

2572 3103 2806 3170 melius
2862 3103 3168 3168 convenit
3220 3101 3547 3168 excelsam
3593 3100 3722 3167 dici
3764 3099 4053 3185 Aegypti
4113 3107 4408 3183 respectu
4454 3107 4524 3164 et

2573 3189 2734 3255 satis
2777 3188 2939 3253 trita
2981 3197 3081 3254 est
3121 3187 3427 3272 loquendi
3470 3186 3638 3252 rat-io
3658 3238 3674 3266 ,
3720 3205 3831 3253 eos
3874 3188 3984 3269 qui
4025 3186 4098 3251 in
4142 3187 4524 3269 Aegyptum

2576 3275 3073 3360 proficiscuntur
3119 3271 3537 3341 descendere:
3604 3283 3671 3338 et
3724 3293 3953 3338 rursus
4006 3269 4357 3338 ascendere
4411 3290 4527 3337 eos

2576 3362 2686 3445 qui
2723 3361 2795 3426 in
2838 3358 3152 3425 Iudaeam
3187 3360 3482 3425 veniunt.
3551 3356 3952 3442 Quanquam
3998 3358 4160 3423 mihi
4194 3356 4530 3440 probabile

2576 3456 2707 3524 est,
2762 3445 3150 3513 celsitudine
3194 3446 3406 3512 notari
3443 3444 3933 3511 excellentiam:
3989 3443 4144 3527 quia
4192 3451 4371 3508 terra
4409 3442 4530 3508 illa

2577 3532 2657 3599 011
2706 3531 3069 3615 praeclaras
3112 3530 3297 3598 dotes
3344 3539 3517 3597 esset
3564 3531 3752 3614 quasi
3799 3529 4279 3596 nobilissimum
4322 3530 4530 3595 totius

2577 3618 2753 3685 orbis
2817 3616 3168 3684 theatrum.
3257 3616 3794 3686 Foecunditatem
3865 3614 4223 3700 amplificat
4285 3614 4527 3694 Moses,

2576 3704 2693 3771 ubi
2735 3702 2893 3769 dicit
2933 3704 3247 3786 populum
3290 3704 3543 3770 suxisse
3586 3703 3717 3769 mel
3754 3723 3792 3767 e
3827 3712 4030 3786 petra,
4071 3709 4140 3766 et
4180 3699 4392 3767 oleum
4439 3722 4531 3766 ex

2578 3789 2936 3875 lapidibus:
2979 3791 3305 3875 significat
3347 3790 3521 3855 enim
3564 3788 3816 3854 nullam
3860 3797 4113 3871 partem
4159 3787 4358 3853 fuisse
4391 3796 4530 3853 ste-

2578 3876 2788 3954 rilem,
2835 3896 3038 3960 quum
3060 3897 3146 3942 ex
3175 3874 3451 3960 rupibus
3472 3875 3602 3941 mel
3630 3874 4037 3960 colligerent,
4081 3881 4149 3939 et
4169 3872 4302 3940 illic
4323 3873 4530 3938 etiam

2577 3962 2758 4029 oleae
2821 3970 3263 4029 nascerentur.
3351 3959 3603 4028 Eodem
3669 3968 3968 4044 spectant
4033 3960 4198 4026 aliae
4254 3959 4528 4043 figurae,

2576 4046 2933 4116 comedisse
2996 4049 3313 4133 butyrum
3380 4067 3467 4113 ex
3530 4047 3775 4127 vaccis,
3840 4055 3907 4112 et
3969 4046 4073 4113 100
4113 4066 4200 4112 ex
4263 4044 4530 4110 ovibus:

2576 4135 2811 4219 quibus
2854 4134 3198 4219 significat,
3243 4142 3490 4200 terram
3532 4132 3717 4199 illam
3760 4132 3998 4215 opimis
4077 4130 4290 4198 ascuis
4322 4131 4530 4198 fuisse

2578 4221 2873 4287 divitem.
2938 4221 3070 4287 Per
3115 4219 3370 4304 adipem
3416 4239 3755 4304 agnorum,
3802 4217 3979 4285 haud
4064 4218 4215 4284 ubie
4257 4236 4529 4283 carnem

2576 4308 2741 4374 110110
2780 4329 2812 4373 0
2904 4305 3147 4372 'natam
3181 4306 3537 4391 significat:
3582 4305 3735 4388 quia
3768 4306 3867 4372 fas
3901 4324 4037 4370 non
4072 4304 4302 4371 fuisset
4333 4303 4531 4388 adipe

2576 4393 2772 4460 vesci.
2918 4391 2996 4457 ed
3041 4412 3287 4459 novum
3331 4412 3463 4457 non
3507 4399 3613 4458 est
3655 4392 3778 4458 hac
3822 4412 3978 4457 voce
4031 4390 4246 4456 notari
4297 4409 4529 4473 quam·

2575 4479 2739 4545 libet
2777 4478 3273 4564 pinguedinem,
3328 4478 3520 4543 sicuti
3564 4477 3758 4562 paulo
3815 4487 3965 4561 post
4007 4476 4266 4561 adipem
4323 4475 4530 4543 tritici

2579 4566 2876 4631 nominat
2955 4565 3265 4647 optimam
3345 4562 3784 4648 similaginem
3861 4561 3973 4629 vel
4049 4562 4365 4642 farinam,
4441 4583 4529 4628 ex

2578 4673 2708 4736 qua
2771 4650 2970 4717 fiebat
3031 4650 3220 4733 panis
3285 4648 3639 4716 delicatior.
3725 4649 3808 4714 In
3874 4649 4026 4715 vino
4091 4655 4310 4715 autem
4389 4669 4528 4714 non

2578 4739 2723 4804 siue
2787 4737 3036 4820 poetico
3100 4735 3431 4801 schemate
3488 4736 3612 4801 Dei
3672 4734 4132 4801 liberalitatem
4193 4755 4528 4801 commen-

2580 4823 2723 4903 dat,
2800 4821 2918 4888 ubi
2985 4821 3176 4887 dicit:
3258 4821 3668 4905 Sanguinem
3744 4842 4026 4887 uvarum
4087 4841 4198 4887 eos
4261 4819 4525 4887 bibisse.

2578 4907 2874 4975 Dubium
2930 4907 3192 4992 quidem
3239 4929 3371 4974 non
3428 4918 3530 4974 est
3572 4909 3731 4990 quin
3780 4905 3863 4972 ad
3918 4907 4199 4974 colorem
4255 4905 4530 4987 alludat,

2578 4993 2692 5061 sed
2756 4994 2880 5061 hac
2946 4995 3280 5061 occasione
3345 4994 3474 5059 Dei
3550 4993 4043 5060 beneficentiam
4119 4991 4528 5076 splendidius

2579 5080 2865 5159 extollit,
2916 5080 3073 5145 dum
3116 5080 3511 5165 exprimitur
3552 5100 3836 5146 uvarum
3878 5098 4111 5146 succus
4155 5099 4230 5145 ac
4272 5079 4327 5144 si
4371 5099 4528 5144 san-

2578 5167 2729 5251 guis
2787 5167 3142 5250 proflueret
3186 5164 3269 5231 ad
3313 5165 3614 5231 homines
3655 5163 3945 5231 alendos.
4031 5163 4361 5247 Quoniam
4404 5186 4530 5231 au-

2579 5263 2711 5318 tem
2752 5272 2796 5317 a
2848 5252 2989 5318 vini
3043 5252 3358 5318 rubedine
3415 5260 3679 5334 sumpta
3741 5259 3843 5317 est
3905 5252 4319 5335 metaphora,
4384 5250 4529 5335 epi-

2578 5337 2808 5406 theton
2865 5351 3003 5406 ·mn
3058 5338 3132 5403 in
3175 5340 3307 5405 fine
3364 5358 3596 5405 versus
3640 5357 3773 5403 non
3818 5337 4113 5404 dubitavi
4167 5337 4532 5405 transferre
