<?xml version="1.0" encoding="UTF-8"?>
<!DOCTYPE html PUBLIC "-//W3C//DTD XHTML 1.0 Transitional//EN"
    "http://www.w3.org/TR/xhtml1/DTD/xhtml1-transitional.dtd">
<html xmlns="http://www.w3.org/1999/xhtml" xml:lang="en" lang="en">
 <head>
  <title>
</title>
<meta http-equiv="Content-Type" content="text/html;charset=utf-8" />
  <meta name='ocr-system' content='tesseract 3.04.00' />
  <meta name='ocr-capabilities' content='ocr_page ocr_carea ocr_par ocr_line ocrx_word'/>
</head>
<body>
  <div class='ocr_page' id='page_1' title='image "./ioanniscalvinio06unkngoog_0204.png"; bbox 0 0 5017 6142; ppageno 0'>
   <div class='ocr_carea' id='block_1_1' title="bbox 547 439 674 506">
    <p class='ocr_par' dir='ltr' id='par_1_1' title="bbox 547 439 674 506">
     <span class='ocr_line' id='line_1_1' title="bbox 547 439 674 506; baseline 0 -1"><span class='ocrx_word' id='word_1_1' title='bbox 547 439 674 506; x_wconf 83' lang='lat'><strong>383</strong></span> 
     </span>
    </p>
   </div>
   <div class='ocr_carea' id='block_1_2' title="bbox 532 618 2489 1049">
    <p class='ocr_par' dir='ltr' id='par_1_2' title="bbox 532 618 2489 1049">
     <span class='ocr_line' id='line_1_2' title="bbox 546 618 2484 709; baseline -0.004 -15"><span class='ocrx_word' id='word_1_2' title='bbox 546 629 661 694; x_wconf 77' lang='lat' dir='ltr'><strong>bus</strong></span> <span class='ocrx_word' id='word_1_3' title='bbox 695 623 934 709; x_wconf 79' lang='lat' dir='ltr'><strong>populi,</strong></span> <span class='ocrx_word' id='word_1_4' title='bbox 976 619 1285 704; x_wconf 75' lang='lat' dir='ltr'><strong>simulque</strong></span> <span class='ocrx_word' id='word_1_5' title='bbox 1324 618 1607 686; x_wconf 76' lang='lat' dir='ltr'><strong>tribubus</strong></span> <span class='ocrx_word' id='word_1_6' title='bbox 1630 618 1854 685; x_wconf 73' lang='lat' dir='ltr'><strong>Israel.</strong></span> <span class='ocrx_word' id='word_1_7' title='bbox 1921 619 1981 684; x_wconf 89' lang='grc'><strong>6.</strong></span> <span class='ocrx_word' id='word_1_8' title='bbox 2041 618 2226 685; x_wconf 77' lang='lat' dir='ltr'><strong>Vivat</strong></span> <span class='ocrx_word' id='word_1_9' title='bbox 2247 618 2484 699; x_wconf 77' lang='lat' dir='ltr'><strong>Ruben,</strong></span> 
     </span>
     <span class='ocr_line' id='line_1_3' title="bbox 547 704 2488 791; baseline -0.005 -12"><span class='ocrx_word' id='word_1_10' title='bbox 547 719 603 779; x_wconf 78' lang='lat' dir='ltr'><strong>et</strong></span> <span class='ocrx_word' id='word_1_11' title='bbox 633 731 763 778; x_wconf 75' lang='lat' dir='ltr'><strong>non</strong></span> <span class='ocrx_word' id='word_1_12' title='bbox 795 708 1117 788; x_wconf 76' lang='lat' dir='ltr'><strong>moriatur,</strong></span> <span class='ocrx_word' id='word_1_13' title='bbox 1153 711 1208 773; x_wconf 79' lang='lat' dir='ltr'><strong>et</strong></span> <span class='ocrx_word' id='word_1_14' title='bbox 1239 706 1324 772; x_wconf 72' lang='lat' dir='ltr'><strong>sit</strong></span> <span class='ocrx_word' id='word_1_15' title='bbox 1350 704 1399 791; x_wconf 87' lang='lat'><strong>¹)</strong></span> <span class='ocrx_word' id='word_1_16' title='bbox 1424 724 1672 787; x_wconf 78' lang='lat' dir='ltr'><strong>parvus</strong></span> <span class='ocrx_word' id='word_1_17' title='bbox 1704 724 1974 771; x_wconf 71' lang='lat' dir='ltr'><strong>numero.</strong></span> <span class='ocrx_word' id='word_1_18' title='bbox 2035 706 2092 770; x_wconf 78' lang='lat'><strong>7.</strong></span> <span class='ocrx_word' id='word_1_19' title='bbox 2128 704 2265 772; x_wconf 86' lang='lat' dir='ltr'><strong>Hoc</strong></span> <span class='ocrx_word' id='word_1_20' title='bbox 2298 706 2488 772; x_wconf 78' lang='lat' dir='ltr'><strong>etiam</strong></span> 
     </span>
     <span class='ocr_line' id='line_1_4' title="bbox 548 790 2489 877; baseline -0.004 -12"><span class='ocrx_word' id='word_1_21' title='bbox 548 799 780 877; x_wconf 72' lang='lat' dir='ltr'><strong>Iudae,</strong></span> <span class='ocrx_word' id='word_1_22' title='bbox 831 798 888 861; x_wconf 80' lang='lat' dir='ltr'><strong>et</strong></span> <span class='ocrx_word' id='word_1_23' title='bbox 933 794 1129 859; x_wconf 71' lang='lat' dir='ltr'><strong>dioeit:</strong></span> <span class='ocrx_word' id='word_1_24' title='bbox 1183 790 1367 858; x_wconf 76' lang='lat' dir='ltr'><strong>Audi</strong></span> <span class='ocrx_word' id='word_1_25' title='bbox 1421 790 1653 856; x_wconf 75' lang='lat' dir='ltr'><strong>Iehova</strong></span> <span class='ocrx_word' id='word_1_26' title='bbox 1704 811 1907 857; x_wconf 83' lang='lat' dir='ltr'><strong>vocem</strong></span> <span class='ocrx_word' id='word_1_27' title='bbox 1959 790 2238 871; x_wconf 77' lang='lat' dir='ltr'><strong>Ielmda,</strong></span> <span class='ocrx_word' id='word_1_28' title='bbox 2293 795 2348 857; x_wconf 80' lang='lat' dir='ltr'><strong>et</strong></span> <span class='ocrx_word' id='word_1_29' title='bbox 2403 790 2489 857; x_wconf 79' lang='lat' dir='ltr'><strong>ad</strong></span> 
     </span>
     <span class='ocr_line' id='line_1_5' title="bbox 532 875 2489 967; baseline -0.003 -18"><span class='ocrx_word' id='word_1_30' title='bbox 532 884 846 967; x_wconf 76' lang='lat' dir='ltr'><strong>populum</strong></span> <span class='ocrx_word' id='word_1_31' title='bbox 886 898 1072 945; x_wconf 77' lang='lat' dir='ltr'><strong>suum</strong></span> <span class='ocrx_word' id='word_1_32' title='bbox 1112 878 1233 944; x_wconf 79' lang='lat' dir='ltr'><strong>duc</strong></span> <span class='ocrx_word' id='word_1_33' title='bbox 1273 897 1428 957; x_wconf 76' lang='lat' dir='ltr'><strong>omn,</strong></span> <span class='ocrx_word' id='word_1_34' title='bbox 1471 895 1698 942; x_wconf 77' lang='lat' dir='ltr'><strong>manus</strong></span> <span class='ocrx_word' id='word_1_35' title='bbox 1730 876 1868 943; x_wconf 75' lang='lat' dir='ltr'><strong>eius</strong></span> <span class='ocrx_word' id='word_1_36' title='bbox 1901 875 2179 958; x_wconf 74' lang='lat' dir='ltr'><strong>sufficiat</strong></span> <span class='ocrx_word' id='word_1_37' title='bbox 2214 876 2290 956; x_wconf 80' lang='lat' dir='ltr'><strong>ei,</strong></span> <span class='ocrx_word' id='word_1_38' title='bbox 2333 877 2489 943; x_wconf 79' lang='lat' dir='ltr'><strong>dum</strong></span> 
     </span>
     <span class='ocr_line' id='line_1_6' title="bbox 547 962 1737 1049; baseline -0.008 -12"><span class='ocrx_word' id='word_1_39' title='bbox 547 969 794 1036; x_wconf 76' lang='lat' dir='ltr'><strong>auxilio</strong></span> <span class='ocrx_word' id='word_1_40' title='bbox 833 965 1039 1049; x_wconf 74' lang='lat' dir='ltr'><strong>fucris</strong></span> <span class='ocrx_word' id='word_1_41' title='bbox 1078 968 1292 1031; x_wconf 70' lang='lat' dir='ltr'><strong>contra</strong></span> <span class='ocrx_word' id='word_1_42' title='bbox 1334 962 1537 1029; x_wconf 73' lang='lat' dir='ltr'><strong>hostes</strong></span> <span class='ocrx_word' id='word_1_43' title='bbox 1581 963 1737 1029; x_wconf 74' lang='lat' dir='ltr'><strong>eius.</strong></span> 
     </span>
    </p>
   </div>
   <div class='ocr_carea' id='block_1_3' title="bbox 544 1130 2501 5241">
    <p class='ocr_par' dir='ltr' id='par_1_3' title="bbox 544 1130 2496 3271">
     <span class='ocr_line' id='line_1_7' title="bbox 721 1130 2488 1202; baseline -0.002 0"><span class='ocrx_word' id='word_1_44' title='bbox 721 1138 779 1202; x_wconf 91' lang='lat'><strong>1.</strong></span> <span class='ocrx_word' id='word_1_45' title='bbox 824 1134 999 1201; x_wconf 84' lang='lat' dir='ltr'><strong>Haec</strong></span> <span class='ocrx_word' id='word_1_46' title='bbox 1053 1137 1276 1199; x_wconf 80' lang='lat' dir='ltr'><strong>autem.</strong></span> <span class='ocrx_word' id='word_1_47' title='bbox 1369 1132 1514 1198; x_wconf 90' lang='lat' dir='ltr'><strong>Hoc</strong></span> <span class='ocrx_word' id='word_1_48' title='bbox 1573 1131 1755 1197; x_wconf 85' lang='lat' dir='ltr'><strong>velut</strong></span> <span class='ocrx_word' id='word_1_49' title='bbox 1807 1130 2221 1198; x_wconf 88' lang='lat' dir='ltr'><strong>condimento</strong></span> <span class='ocrx_word' id='word_1_50' title='bbox 2284 1132 2488 1198; x_wconf 88' lang='lat' dir='ltr'><strong>lenita</strong></span> 
     </span>
     <span class='ocr_line' id='line_1_8' title="bbox 547 1217 2487 1302; baseline -0.004 -11"><span class='ocrx_word' id='word_1_51' title='bbox 547 1224 676 1291; x_wconf 85' lang='lat' dir='ltr'><strong>fuit</strong></span> <span class='ocrx_word' id='word_1_52' title='bbox 734 1219 1098 1289; x_wconf 79' lang='lat' dir='ltr'><strong>amaritudo</strong></span> <span class='ocrx_word' id='word_1_53' title='bbox 1157 1218 1425 1298; x_wconf 89' lang='lat' dir='ltr'><strong>cantici,</strong></span> <span class='ocrx_word' id='word_1_54' title='bbox 1482 1217 1642 1283; x_wconf 90' lang='lat' dir='ltr'><strong>dum</strong></span> <span class='ocrx_word' id='word_1_55' title='bbox 1695 1219 1953 1283; x_wconf 86' lang='lat' dir='ltr'><strong>futurae</strong></span> <span class='ocrx_word' id='word_1_56' title='bbox 2010 1226 2080 1284; x_wconf 89' lang='lat' dir='ltr'><strong>et</strong></span> <span class='ocrx_word' id='word_1_57' title='bbox 2136 1229 2487 1302; x_wconf 77' lang='lat' dir='ltr'><strong>perpetuae</strong></span> 
     </span>
     <span class='ocr_line' id='line_1_9' title="bbox 546 1303 2487 1394; baseline -0.004 -18"><span class='ocrx_word' id='word_1_58' title='bbox 546 1310 677 1376; x_wconf 90' lang='lat' dir='ltr'><strong>Dei</strong></span> <span class='ocrx_word' id='word_1_59' title='bbox 719 1308 968 1394; x_wconf 86' lang='lat' dir='ltr'><strong>gratiae</strong></span> <span class='ocrx_word' id='word_1_60' title='bbox 1011 1304 1454 1371; x_wconf 89' lang='lat' dir='ltr'><strong>testimonium</strong></span> <span class='ocrx_word' id='word_1_61' title='bbox 1498 1303 1763 1386; x_wconf 88' lang='lat' dir='ltr'><strong>reliquit</strong></span> <span class='ocrx_word' id='word_1_62' title='bbox 1806 1303 2050 1368; x_wconf 89' lang='lat' dir='ltr'><strong>Moses:</strong></span> <span class='ocrx_word' id='word_1_63' title='bbox 2098 1323 2174 1369; x_wconf 88' lang='lat' dir='ltr'><strong>ac</strong></span> <span class='ocrx_word' id='word_1_64' title='bbox 2207 1304 2263 1370; x_wconf 92' lang='lat' dir='ltr'><strong>si</strong></span> <span class='ocrx_word' id='word_1_65' title='bbox 2305 1304 2487 1369; x_wconf 89' lang='lat' dir='ltr'><strong>inae-</strong></span> 
     </span>
     <span class='ocr_line' id='line_1_10' title="bbox 545 1387 2488 1473; baseline -0.005 -10"><span class='ocrx_word' id='word_1_66' title='bbox 545 1393 939 1463; x_wconf 88' lang='lat' dir='ltr'><strong>stimabilem</strong></span> <span class='ocrx_word' id='word_1_67' title='bbox 981 1391 1364 1456; x_wconf 88' lang='lat' dir='ltr'><strong>thesaurum</strong></span> <span class='ocrx_word' id='word_1_68' title='bbox 1406 1389 1472 1453; x_wconf 90' lang='lat' dir='ltr'><strong>in</strong></span> <span class='ocrx_word' id='word_1_69' title='bbox 1510 1390 1808 1455; x_wconf 88' lang='lat' dir='ltr'><strong>manibus</strong></span> <span class='ocrx_word' id='word_1_70' title='bbox 1848 1389 2073 1472; x_wconf 90' lang='lat' dir='ltr'><strong>populi</strong></span> <span class='ocrx_word' id='word_1_71' title='bbox 2116 1387 2488 1473; x_wconf 79' lang='lat' dir='ltr'><strong>deponeret.</strong></span> 
     </span>
     <span class='ocr_line' id='line_1_11' title="bbox 554 1473 2485 1559; baseline -0.005 -11"><span class='ocrx_word' id='word_1_72' title='bbox 554 1480 764 1549; x_wconf 88' lang='lat' dir='ltr'><strong>Sicuti</strong></span> <span class='ocrx_word' id='word_1_73' title='bbox 817 1477 994 1543; x_wconf 91' lang='lat' dir='ltr'><strong>enim</strong></span> <span class='ocrx_word' id='word_1_74' title='bbox 1038 1474 1220 1543; x_wconf 92' lang='lat' dir='ltr'><strong>Deus</strong></span> <span class='ocrx_word' id='word_1_75' title='bbox 1276 1474 1614 1558; x_wconf 88' lang='lat' dir='ltr'><strong>redempto</strong></span> <span class='ocrx_word' id='word_1_76' title='bbox 1672 1473 1943 1558; x_wconf 88' lang='lat' dir='ltr'><strong>populo,</strong></span> <span class='ocrx_word' id='word_1_77' title='bbox 2003 1494 2070 1540; x_wconf 85' lang='lat' dir='ltr'><strong>et</strong></span> <span class='ocrx_word' id='word_1_78' title='bbox 2126 1475 2270 1559; x_wconf 88' lang='lat' dir='ltr'><strong>lege</strong></span> <span class='ocrx_word' id='word_1_79' title='bbox 2314 1476 2485 1554; x_wconf 87' lang='lat' dir='ltr'><strong>data,</strong></span> 
     </span>
     <span class='ocr_line' id='line_1_12' title="bbox 544 1559 2484 1643; baseline -0.004 -10"><span class='ocrx_word' id='word_1_80' title='bbox 544 1565 772 1633; x_wconf 88' lang='lat' dir='ltr'><strong>foedus</strong></span> <span class='ocrx_word' id='word_1_81' title='bbox 814 1561 1175 1640; x_wconf 86' lang='lat' dir='ltr'><strong>renovavit,</strong></span> <span class='ocrx_word' id='word_1_82' title='bbox 1220 1562 1409 1627; x_wconf 89' lang='lat' dir='ltr'><strong>cuius</strong></span> <span class='ocrx_word' id='word_1_83' title='bbox 1444 1559 1627 1626; x_wconf 89' lang='lat' dir='ltr'><strong>testis</strong></span> <span class='ocrx_word' id='word_1_84' title='bbox 1655 1570 1724 1625; x_wconf 87' lang='lat' dir='ltr'><strong>et</strong></span> <span class='ocrx_word' id='word_1_85' title='bbox 1757 1579 1988 1643; x_wconf 88' lang='lat' dir='ltr'><strong>praeco</strong></span> <span class='ocrx_word' id='word_1_86' title='bbox 2023 1561 2241 1626; x_wconf 85' lang='lat' dir='ltr'><strong>fuerat</strong></span> <span class='ocrx_word' id='word_1_87' title='bbox 2262 1560 2484 1627; x_wconf 85' lang='lat' dir='ltr'><strong>Iacob:</strong></span> 
     </span>
     <span class='ocr_line' id='line_1_13' title="bbox 546 1644 2488 1728; baseline -0.004 -10"><span class='ocrx_word' id='word_1_88' title='bbox 546 1654 642 1718; x_wconf 90' lang='lat' dir='ltr'><strong>ita</strong></span> <span class='ocrx_word' id='word_1_89' title='bbox 663 1651 886 1717; x_wconf 91' lang='lat' dir='ltr'><strong>Moses</strong></span> <span class='ocrx_word' id='word_1_90' title='bbox 920 1647 1128 1715; x_wconf 82' lang='lat' dir='ltr'><strong>veluti</strong></span> <span class='ocrx_word' id='word_1_91' title='bbox 1162 1644 1487 1712; x_wconf 87' lang='lat' dir='ltr'><strong>secundus</strong></span> <span class='ocrx_word' id='word_1_92' title='bbox 1528 1645 1654 1710; x_wconf 88' lang='lat' dir='ltr'><strong>fuit</strong></span> <span class='ocrx_word' id='word_1_93' title='bbox 1695 1653 1898 1728; x_wconf 90' lang='lat' dir='ltr'><strong>pater,</strong></span> <span class='ocrx_word' id='word_1_94' title='bbox 1942 1645 2055 1728; x_wconf 93' lang='lat' dir='ltr'><strong>qui</strong></span> <span class='ocrx_word' id='word_1_95' title='bbox 2097 1646 2488 1712; x_wconf 89' lang='lat' dir='ltr'><strong>benedictio-</strong></span> 
     </span>
     <span class='ocr_line' id='line_1_14' title="bbox 548 1730 2486 1814; baseline -0.004 -10"><span class='ocrx_word' id='word_1_96' title='bbox 548 1757 669 1804; x_wconf 90' lang='lat' dir='ltr'><strong>nes</strong></span> <span class='ocrx_word' id='word_1_97' title='bbox 713 1756 940 1801; x_wconf 88' lang='lat' dir='ltr'><strong>rursus</strong></span> <span class='ocrx_word' id='word_1_98' title='bbox 982 1732 1283 1813; x_wconf 79' lang='lat' dir='ltr'><strong>sanciret,</strong></span> <span class='ocrx_word' id='word_1_99' title='bbox 1327 1753 1411 1796; x_wconf 94' lang='lat' dir='ltr'><strong>ne</strong></span> <span class='ocrx_word' id='word_1_100' title='bbox 1452 1751 1745 1814; x_wconf 88' lang='lat' dir='ltr'><strong>unquam</strong></span> <span class='ocrx_word' id='word_1_101' title='bbox 1789 1730 2215 1797; x_wconf 87' lang='lat' dir='ltr'><strong>obsolesceret</strong></span> <span class='ocrx_word' id='word_1_102' title='bbox 2258 1753 2486 1798; x_wconf 89' lang='lat' dir='ltr'><strong>earum</strong></span> 
     </span>
     <span class='ocr_line' id='line_1_15' title="bbox 546 1815 2486 1889; baseline -0.004 0"><span class='ocrx_word' id='word_1_103' title='bbox 546 1823 875 1889; x_wconf 88' lang='lat' dir='ltr'><strong>memoria.</strong></span> <span class='ocrx_word' id='word_1_104' title='bbox 945 1818 1153 1884; x_wconf 89' lang='lat' dir='ltr'><strong>Porro</strong></span> <span class='ocrx_word' id='word_1_105' title='bbox 1200 1827 1275 1883; x_wconf 93' lang='lat' dir='ltr'><strong>ut</strong></span> <span class='ocrx_word' id='word_1_106' title='bbox 1317 1817 1455 1883; x_wconf 89' lang='lat' dir='ltr'><strong>suis</strong></span> <span class='ocrx_word' id='word_1_107' title='bbox 1498 1816 2054 1883; x_wconf 79' lang='lat' dir='ltr'><strong>benedictionibus</strong></span> <span class='ocrx_word' id='word_1_108' title='bbox 2094 1815 2291 1885; x_wconf 90' lang='lat' dir='ltr'><strong>fidem</strong></span> <span class='ocrx_word' id='word_1_109' title='bbox 2335 1836 2486 1884; x_wconf 90' lang='lat' dir='ltr'><strong>con-</strong></span> 
     </span>
     <span class='ocr_line' id='line_1_16' title="bbox 549 1901 2488 1987; baseline -0.003 -14"><span class='ocrx_word' id='word_1_110' title='bbox 549 1909 757 1987; x_wconf 91' lang='lat' dir='ltr'><strong>ciliet,</strong></span> <span class='ocrx_word' id='word_1_111' title='bbox 814 1912 1163 1986; x_wconf 90' lang='lat' dir='ltr'><strong>antequam</strong></span> <span class='ocrx_word' id='word_1_112' title='bbox 1223 1902 1306 1968; x_wconf 92' lang='lat' dir='ltr'><strong>ad</strong></span> <span class='ocrx_word' id='word_1_113' title='bbox 1364 1923 1475 1968; x_wconf 86' lang='lat' dir='ltr'><strong>eas</strong></span> <span class='ocrx_word' id='word_1_114' title='bbox 1533 1903 1787 1981; x_wconf 82' lang='lat' dir='ltr'><strong>veniat,</strong></span> <span class='ocrx_word' id='word_1_115' title='bbox 1847 1903 2191 1986; x_wconf 88' lang='lat' dir='ltr'><strong>magnifice</strong></span> <span class='ocrx_word' id='word_1_116' title='bbox 2245 1901 2325 1969; x_wconf 91' lang='lat' dir='ltr'><strong>de</strong></span> <span class='ocrx_word' id='word_1_117' title='bbox 2368 1923 2488 1968; x_wconf 89' lang='lat' dir='ltr'><strong>sua</strong></span> 
     </span>
     <span class='ocr_line' id='line_1_17' title="bbox 547 1986 2487 2074; baseline -0.005 -12"><span class='ocrx_word' id='word_1_118' title='bbox 547 1994 886 2063; x_wconf 83' lang='lat' dir='ltr'><strong>vocatione</strong></span> <span class='ocrx_word' id='word_1_119' title='bbox 921 1991 1265 2074; x_wconf 86' lang='lat' dir='ltr'><strong>praefatur.</strong></span> <span class='ocrx_word' id='word_1_120' title='bbox 1329 1988 1479 2054; x_wconf 85' lang='lat' dir='ltr'><strong>Etsi</strong></span> <span class='ocrx_word' id='word_1_121' title='bbox 1511 1989 1687 2053; x_wconf 89' lang='lat' dir='ltr'><strong>enim</strong></span> <span class='ocrx_word' id='word_1_122' title='bbox 1732 1986 2203 2055; x_wconf 75' lang='lat' dir='ltr'><strong>benedictionis</strong></span> <span class='ocrx_word' id='word_1_123' title='bbox 2245 2008 2487 2053; x_wconf 89' lang='lat' dir='ltr'><strong>nomen</strong></span> 
     </span>
     <span class='ocr_line' id='line_1_18' title="bbox 548 2074 2488 2157; baseline -0.003 -13"><span class='ocrx_word' id='word_1_124' title='bbox 548 2077 935 2144; x_wconf 89' lang='lat' dir='ltr'><strong>tantundem</strong></span> <span class='ocrx_word' id='word_1_125' title='bbox 959 2076 1133 2141; x_wconf 87' lang='lat' dir='ltr'><strong>valet</strong></span> <span class='ocrx_word' id='word_1_126' title='bbox 1166 2096 1242 2141; x_wconf 90' lang='lat' dir='ltr'><strong>ac</strong></span> <span class='ocrx_word' id='word_1_127' title='bbox 1275 2075 1489 2140; x_wconf 85' lang='lat' dir='ltr'><strong>fausta</strong></span> <span class='ocrx_word' id='word_1_128' title='bbox 1522 2074 1840 2157; x_wconf 87' lang='lat' dir='ltr'><strong>precatio:</strong></span> <span class='ocrx_word' id='word_1_129' title='bbox 1877 2074 2228 2139; x_wconf 89' lang='lat' dir='ltr'><strong>tenendum</strong></span> <span class='ocrx_word' id='word_1_130' title='bbox 2265 2084 2488 2139; x_wconf 88' lang='lat' dir='ltr'><strong>tamen</strong></span> 
     </span>
     <span class='ocr_line' id='line_1_19' title="bbox 549 2160 2488 2244; baseline -0.004 -13"><span class='ocrx_word' id='word_1_131' title='bbox 549 2172 679 2244; x_wconf 90' lang='lat' dir='ltr'><strong>est,</strong></span> <span class='ocrx_word' id='word_1_132' title='bbox 737 2162 969 2228; x_wconf 86' lang='lat' dir='ltr'><strong>Mosen</strong></span> <span class='ocrx_word' id='word_1_133' title='bbox 1026 2161 1133 2226; x_wconf 91' lang='lat' dir='ltr'><strong>hic</strong></span> <span class='ocrx_word' id='word_1_134' title='bbox 1186 2181 1320 2225; x_wconf 92' lang='lat' dir='ltr'><strong>non</strong></span> <span class='ocrx_word' id='word_1_135' title='bbox 1374 2160 1627 2243; x_wconf 88' lang='lat' dir='ltr'><strong>precari</strong></span> <span class='ocrx_word' id='word_1_136' title='bbox 1692 2160 1952 2242; x_wconf 82' lang='lat' dir='ltr'><strong>vulgari</strong></span> <span class='ocrx_word' id='word_1_137' title='bbox 2011 2160 2236 2238; x_wconf 89' lang='lat' dir='ltr'><strong>modo,</strong></span> <span class='ocrx_word' id='word_1_138' title='bbox 2302 2160 2488 2243; x_wconf 87' lang='lat' dir='ltr'><strong>quasi</strong></span> 
     </span>
     <span class='ocr_line' id='line_1_20' title="bbox 549 2245 2489 2334; baseline -0.002 -20"><span class='ocrx_word' id='word_1_139' title='bbox 549 2251 878 2334; x_wconf 85' lang='lat' dir='ltr'><strong>privatum</strong></span> <span class='ocrx_word' id='word_1_140' title='bbox 922 2246 1275 2323; x_wconf 90' lang='lat' dir='ltr'><strong>hominem,</strong></span> <span class='ocrx_word' id='word_1_141' title='bbox 1321 2253 1397 2310; x_wconf 90' lang='lat' dir='ltr'><strong>ut</strong></span> <span class='ocrx_word' id='word_1_142' title='bbox 1438 2256 1594 2311; x_wconf 85' lang='lat' dir='ltr'><strong>vota</strong></span> <span class='ocrx_word' id='word_1_143' title='bbox 1635 2245 1973 2328; x_wconf 88' lang='lat' dir='ltr'><strong>concipere</strong></span> <span class='ocrx_word' id='word_1_144' title='bbox 2016 2245 2230 2311; x_wconf 89' lang='lat' dir='ltr'><strong>solent</strong></span> <span class='ocrx_word' id='word_1_145' title='bbox 2271 2254 2489 2329; x_wconf 91' lang='lat' dir='ltr'><strong>patres</strong></span> 
     </span>
     <span class='ocr_line' id='line_1_21' title="bbox 548 2329 2486 2420; baseline -0.003 -20"><span class='ocrx_word' id='word_1_146' title='bbox 548 2355 670 2420; x_wconf 93' lang='lat' dir='ltr'><strong>pro</strong></span> <span class='ocrx_word' id='word_1_147' title='bbox 728 2334 913 2399; x_wconf 84' lang='lat' dir='ltr'><strong>filiis:</strong></span> <span class='ocrx_word' id='word_1_148' title='bbox 973 2331 1085 2398; x_wconf 91' lang='lat' dir='ltr'><strong>sed</strong></span> <span class='ocrx_word' id='word_1_149' title='bbox 1141 2330 1519 2416; x_wconf 89' lang='lat' dir='ltr'><strong>prophetico</strong></span> <span class='ocrx_word' id='word_1_150' title='bbox 1574 2331 1808 2414; x_wconf 90' lang='lat' dir='ltr'><strong>spiritu</strong></span> <span class='ocrx_word' id='word_1_151' title='bbox 1865 2349 2030 2414; x_wconf 89' lang='lat' dir='ltr'><strong>quae</strong></span> <span class='ocrx_word' id='word_1_152' title='bbox 2073 2351 2113 2394; x_wconf 89' lang='lat' dir='ltr'><strong>a</strong></span> <span class='ocrx_word' id='word_1_153' title='bbox 2154 2329 2298 2396; x_wconf 92' lang='lat' dir='ltr'><strong>Deo</strong></span> <span class='ocrx_word' id='word_1_154' title='bbox 2341 2351 2486 2415; x_wconf 89' lang='lat' dir='ltr'><strong>spe-</strong></span> 
     </span>
     <span class='ocr_line' id='line_1_22' title="bbox 549 2415 2491 2499; baseline -0.002 -13"><span class='ocrx_word' id='word_1_155' title='bbox 549 2419 759 2487; x_wconf 87' lang='lat' dir='ltr'><strong>randa</strong></span> <span class='ocrx_word' id='word_1_156' title='bbox 815 2425 1004 2484; x_wconf 89' lang='lat' dir='ltr'><strong>erant</strong></span> <span class='ocrx_word' id='word_1_157' title='bbox 1058 2417 1369 2483; x_wconf 89' lang='lat' dir='ltr'><strong>beneficia</strong></span> <span class='ocrx_word' id='word_1_158' title='bbox 1421 2418 1491 2482; x_wconf 90' lang='lat' dir='ltr'><strong>in</strong></span> <span class='ocrx_word' id='word_1_159' title='bbox 1549 2416 1837 2481; x_wconf 91' lang='lat' dir='ltr'><strong>medium</strong></span> <span class='ocrx_word' id='word_1_160' title='bbox 1896 2415 2204 2499; x_wconf 89' lang='lat' dir='ltr'><strong>proferre.</strong></span> <span class='ocrx_word' id='word_1_161' title='bbox 2304 2417 2491 2482; x_wconf 86' lang='lat' dir='ltr'><strong>Haec</strong></span> 
     </span>
     <span class='ocr_line' id='line_1_23' title="bbox 550 2501 2492 2591; baseline -0.002 -21"><span class='ocrx_word' id='word_1_162' title='bbox 550 2507 755 2591; x_wconf 91' lang='lat' dir='ltr'><strong>igitur</strong></span> <span class='ocrx_word' id='word_1_163' title='bbox 797 2503 965 2568; x_wconf 89' lang='lat' dir='ltr'><strong>ratio</strong></span> <span class='ocrx_word' id='word_1_164' title='bbox 1007 2511 1107 2568; x_wconf 89' lang='lat' dir='ltr'><strong>est</strong></span> <span class='ocrx_word' id='word_1_165' title='bbox 1149 2524 1267 2570; x_wconf 93' lang='lat' dir='ltr'><strong>cur</strong></span> <span class='ocrx_word' id='word_1_166' title='bbox 1307 2502 1566 2585; x_wconf 89' lang='lat' dir='ltr'><strong>imperii</strong></span> <span class='ocrx_word' id='word_1_167' title='bbox 1609 2503 1710 2568; x_wconf 90' lang='lat' dir='ltr'><strong>sui</strong></span> <span class='ocrx_word' id='word_1_168' title='bbox 1747 2501 2133 2586; x_wconf 88' lang='lat' dir='ltr'><strong>dignitatem</strong></span> <span class='ocrx_word' id='word_1_169' title='bbox 2175 2521 2250 2566; x_wconf 89' lang='lat' dir='ltr'><strong>ac</strong></span> <span class='ocrx_word' id='word_1_170' title='bbox 2294 2501 2492 2567; x_wconf 86' lang='lat' dir='ltr'><strong>decus</strong></span> 
     </span>
     <span class='ocr_line' id='line_1_24' title="bbox 551 2587 2489 2676; baseline -0.003 -18"><span class='ocrx_word' id='word_1_171' title='bbox 551 2588 911 2676; x_wconf 87' lang='lat' dir='ltr'><strong>splendidis</strong></span> <span class='ocrx_word' id='word_1_172' title='bbox 964 2588 1194 2672; x_wconf 84' lang='lat' dir='ltr'><strong>elogiis</strong></span> <span class='ocrx_word' id='word_1_173' title='bbox 1240 2588 1545 2653; x_wconf 86' lang='lat' dir='ltr'><strong>extollat:</strong></span> <span class='ocrx_word' id='word_1_174' title='bbox 1614 2595 1687 2652; x_wconf 89' lang='lat' dir='ltr'><strong>ut</strong></span> <span class='ocrx_word' id='word_1_175' title='bbox 1741 2594 1919 2653; x_wconf 88' lang='lat' dir='ltr'><strong>certo</strong></span> <span class='ocrx_word' id='word_1_176' title='bbox 1975 2594 2272 2653; x_wconf 86' lang='lat' dir='ltr'><strong>statuant</strong></span> <span class='ocrx_word' id='word_1_177' title='bbox 2330 2587 2489 2652; x_wconf 91' lang='lat' dir='ltr'><strong>duo·</strong></span> 
     </span>
     <span class='ocr_line' id='line_1_25' title="bbox 550 2671 2491 2753; baseline -0.003 -11"><span class='ocrx_word' id='word_1_178' title='bbox 550 2677 759 2743; x_wconf 83' lang='lat' dir='ltr'><strong>decim</strong></span> <span class='ocrx_word' id='word_1_179' title='bbox 796 2674 1005 2741; x_wconf 88' lang='lat' dir='ltr'><strong>tribus</strong></span> <span class='ocrx_word' id='word_1_180' title='bbox 1040 2673 1270 2753; x_wconf 90' lang='lat' dir='ltr'><strong>Israel,</strong></span> <span class='ocrx_word' id='word_1_181' title='bbox 1313 2671 1533 2740; x_wconf 90' lang='lat' dir='ltr'><strong>Deum</strong></span> <span class='ocrx_word' id='word_1_182' title='bbox 1568 2692 1711 2739; x_wconf 89' lang='lat' dir='ltr'><strong>esse</strong></span> <span class='ocrx_word' id='word_1_183' title='bbox 1749 2672 2268 2739; x_wconf 86' lang='lat' dir='ltr'><strong>benedictionum</strong></span> <span class='ocrx_word' id='word_1_184' title='bbox 2311 2678 2491 2738; x_wconf 87' lang='lat' dir='ltr'><strong>auto·</strong></span> 
     </span>
     <span class='ocr_line' id='line_1_26' title="bbox 551 2756 2492 2838; baseline -0.003 -9"><span class='ocrx_word' id='word_1_185' title='bbox 551 2783 709 2829; x_wconf 90' lang='lat' dir='ltr'><strong>rem.</strong></span> <span class='ocrx_word' id='word_1_186' title='bbox 813 2758 1064 2826; x_wconf 85' lang='lat' dir='ltr'><strong>Eadem</strong></span> <span class='ocrx_word' id='word_1_187' title='bbox 1116 2759 1370 2825; x_wconf 89' lang='lat' dir='ltr'><strong>ratione</strong></span> <span class='ocrx_word' id='word_1_188' title='bbox 1426 2760 1645 2824; x_wconf 82' lang='lat' dir='ltr'><strong>virum</strong></span> <span class='ocrx_word' id='word_1_189' title='bbox 1702 2756 1830 2823; x_wconf 89' lang='lat' dir='ltr'><strong>Dei</strong></span> <span class='ocrx_word' id='word_1_190' title='bbox 1888 2779 1958 2824; x_wconf 86' lang='lat' dir='ltr'><strong>se</strong></span> <span class='ocrx_word' id='word_1_191' title='bbox 2014 2758 2342 2838; x_wconf 89' lang='lat' dir='ltr'><strong>nominat,</strong></span> <span class='ocrx_word' id='word_1_192' title='bbox 2408 2778 2492 2823; x_wconf 91' lang='lat' dir='ltr'><strong>ne</strong></span> 
     </span>
     <span class='ocr_line' id='line_1_27' title="bbox 551 2842 2493 2932; baseline -0.003 -19"><span class='ocrx_word' id='word_1_193' title='bbox 551 2867 718 2932; x_wconf 89' lang='lat' dir='ltr'><strong>quae</strong></span> <span class='ocrx_word' id='word_1_194' title='bbox 776 2847 1071 2912; x_wconf 87' lang='lat' dir='ltr'><strong>dicturus</strong></span> <span class='ocrx_word' id='word_1_195' title='bbox 1126 2853 1227 2910; x_wconf 89' lang='lat' dir='ltr'><strong>est</strong></span> <span class='ocrx_word' id='word_1_196' title='bbox 1284 2842 1474 2910; x_wconf 88' lang='lat' dir='ltr'><strong>aliter</strong></span> <span class='ocrx_word' id='word_1_197' title='bbox 1527 2843 1797 2925; x_wconf 87' lang='lat' dir='ltr'><strong>accipiat</strong></span> <span class='ocrx_word' id='word_1_198' title='bbox 1856 2843 2137 2927; x_wconf 89' lang='lat' dir='ltr'><strong>populus</strong></span> <span class='ocrx_word' id='word_1_199' title='bbox 2195 2864 2391 2927; x_wconf 89' lang='lat' dir='ltr'><strong>quam</strong></span> <span class='ocrx_word' id='word_1_200' title='bbox 2435 2842 2493 2909; x_wconf 87' lang='lat' dir='ltr'><strong>si</strong></span> 
     </span>
     <span class='ocr_line' id='line_1_28' title="bbox 550 2928 2491 3016; baseline -0.003 -18"><span class='ocrx_word' id='word_1_201' title='bbox 550 2934 840 3016; x_wconf 88' lang='lat' dir='ltr'><strong>profecta</strong></span> <span class='ocrx_word' id='word_1_202' title='bbox 882 2936 1103 2996; x_wconf 86' lang='lat' dir='ltr'><strong>essent</strong></span> <span class='ocrx_word' id='word_1_203' title='bbox 1148 2951 1187 2996; x_wconf 92' lang='lat' dir='ltr'><strong>a</strong></span> <span class='ocrx_word' id='word_1_204' title='bbox 1226 2929 1371 2995; x_wconf 92' lang='lat' dir='ltr'><strong>Deo</strong></span> <span class='ocrx_word' id='word_1_205' title='bbox 1389 2981 1404 3009; x_wconf 90' lang='lat'><strong>,</strong></span> <span class='ocrx_word' id='word_1_206' title='bbox 1449 2930 1636 2997; x_wconf 88' lang='lat' dir='ltr'><strong>cuius</strong></span> <span class='ocrx_word' id='word_1_207' title='bbox 1678 2928 1984 2996; x_wconf 90' lang='lat' dir='ltr'><strong>indubius</strong></span> <span class='ocrx_word' id='word_1_208' title='bbox 2027 2938 2128 2994; x_wconf 89' lang='lat' dir='ltr'><strong>est</strong></span> <span class='ocrx_word' id='word_1_209' title='bbox 2171 2929 2491 2995; x_wconf 88' lang='lat' dir='ltr'><strong>minister.</strong></span> 
     </span>
     <span class='ocr_line' id='line_1_29' title="bbox 549 3013 2496 3101; baseline -0.003 -16"><span class='ocrx_word' id='word_1_210' title='bbox 549 3019 689 3086; x_wconf 88' lang='lat' dir='ltr'><strong>Nec</strong></span> <span class='ocrx_word' id='word_1_211' title='bbox 754 3013 1042 3101; x_wconf 85' lang='lat' dir='ltr'><strong>pondere</strong></span> <span class='ocrx_word' id='word_1_212' title='bbox 1110 3025 1288 3082; x_wconf 90' lang='lat' dir='ltr'><strong>caret</strong></span> <span class='ocrx_word' id='word_1_213' title='bbox 1354 3015 1666 3100; x_wconf 89' lang='lat' dir='ltr'><strong>temporis</strong></span> <span class='ocrx_word' id='word_1_214' title='bbox 1743 3016 2262 3091; x_wconf 85' lang='lat' dir='ltr'><strong>circumstantia,</strong></span> <span class='ocrx_word' id='word_1_215' title='bbox 2341 3022 2496 3080; x_wconf 90' lang='lat' dir='ltr'><strong>ante</strong></span> 
     </span>
     <span class='ocr_line' id='line_1_30' title="bbox 551 3100 2496 3186; baseline -0.002 -16"><span class='ocrx_word' id='word_1_216' title='bbox 551 3112 849 3182; x_wconf 90' lang='lat' dir='ltr'><strong>mortem,</strong></span> <span class='ocrx_word' id='word_1_217' title='bbox 894 3101 1000 3168; x_wconf 85' lang='lat' dir='ltr'><strong>vol</strong></span> <span class='ocrx_word' id='word_1_218' title='bbox 1041 3102 1113 3167; x_wconf 92' lang='lat' dir='ltr'><strong>in</strong></span> <span class='ocrx_word' id='word_1_219' title='bbox 1156 3108 1397 3183; x_wconf 90' lang='lat' dir='ltr'><strong>morte,</strong></span> <span class='ocrx_word' id='word_1_220' title='bbox 1441 3122 1607 3186; x_wconf 90' lang='lat' dir='ltr'><strong>quae</strong></span> <span class='ocrx_word' id='word_1_221' title='bbox 1649 3100 2024 3184; x_wconf 87' lang='lat' dir='ltr'><strong>prophetiae</strong></span> <span class='ocrx_word' id='word_1_222' title='bbox 2066 3101 2201 3168; x_wconf 83' lang='lat' dir='ltr'><strong>vim</strong></span> <span class='ocrx_word' id='word_1_223' title='bbox 2244 3121 2496 3185; x_wconf 89' lang='lat' dir='ltr'><strong>quoque</strong></span> 
     </span>
     <span class='ocr_line' id='line_1_31' title="bbox 551 3187 1291 3271; baseline -0.004 -15"><span class='ocrx_word' id='word_1_224' title='bbox 551 3189 929 3256; x_wconf 88' lang='lat' dir='ltr'><strong>testamenti</strong></span> <span class='ocrx_word' id='word_1_225' title='bbox 972 3187 1291 3271; x_wconf 90' lang='lat' dir='ltr'><strong>adiungit.</strong></span> 
     </span>
    </p>

    <p class='ocr_par' dir='ltr' id='par_1_4' title="bbox 553 3270 2501 5241">
     <span class='ocr_line' id='line_1_32' title="bbox 725 3270 2495 3354; baseline 0 -16"><span class='ocrx_word' id='word_1_226' title='bbox 725 3275 786 3338; x_wconf 85' lang='lat'><strong>2.</strong></span> <span class='ocrx_word' id='word_1_227' title='bbox 834 3273 925 3338; x_wconf 82' lang='lat' dir='ltr'><strong>Et</strong></span> <span class='ocrx_word' id='word_1_228' title='bbox 964 3273 1143 3354; x_wconf 73' lang='lat' dir='ltr'><strong>dixit,</strong></span> <span class='ocrx_word' id='word_1_229' title='bbox 1187 3271 1416 3340; x_wconf 75' lang='lat' dir='ltr'><strong>Iehova</strong></span> <span class='ocrx_word' id='word_1_230' title='bbox 1458 3293 1490 3338; x_wconf 88' lang='lat' dir='ltr'><strong>e</strong></span> <span class='ocrx_word' id='word_1_231' title='bbox 1534 3271 1723 3337; x_wconf 70' lang='lat' dir='ltr'><strong>Sinai</strong></span> <span class='ocrx_word' id='word_1_232' title='bbox 1752 3272 2016 3354; x_wconf 69' lang='lat' dir='ltr'><strong>prodiit.</strong></span> <span class='ocrx_word' id='word_1_233' title='bbox 2101 3271 2234 3337; x_wconf 92' lang='lat' dir='ltr'><strong>His</strong></span> <span class='ocrx_word' id='word_1_234' title='bbox 2276 3270 2495 3338; x_wconf 82' lang='lat' dir='ltr'><strong>verbis</strong></span> 
     </span>
     <span class='ocr_line' id='line_1_33' title="bbox 554 3358 2496 3443; baseline -0.003 -17"><span class='ocrx_word' id='word_1_235' title='bbox 554 3359 880 3436; x_wconf 89' lang='lat' dir='ltr'><strong>admonet,</strong></span> <span class='ocrx_word' id='word_1_236' title='bbox 921 3358 1201 3425; x_wconf 90' lang='lat' dir='ltr'><strong>foederis</strong></span> <span class='ocrx_word' id='word_1_237' title='bbox 1242 3358 1416 3443; x_wconf 91' lang='lat' dir='ltr'><strong>quod</strong></span> <span class='ocrx_word' id='word_1_238' title='bbox 1450 3359 1633 3424; x_wconf 90' lang='lat' dir='ltr'><strong>Deus</strong></span> <span class='ocrx_word' id='word_1_239' title='bbox 1675 3358 1748 3422; x_wconf 90' lang='lat' dir='ltr'><strong>in</strong></span> <span class='ocrx_word' id='word_1_240' title='bbox 1792 3358 1853 3423; x_wconf 94' lang='lat' dir='ltr'><strong>le</strong></span> <span class='ocrx_word' id='word_1_241' title='bbox 1900 3378 1936 3423; x_wconf 91' lang='lat' dir='ltr'><strong>e</strong></span> <span class='ocrx_word' id='word_1_242' title='bbox 1979 3380 2099 3424; x_wconf 85' lang='lat' dir='ltr'><strong>sua</strong></span> <span class='ocrx_word' id='word_1_243' title='bbox 2139 3358 2496 3441; x_wconf 87' lang='lat' dir='ltr'><strong>pepigerat,</strong></span> 
     </span>
     <span class='ocr_line' id='line_1_34' title="bbox 554 3444 2498 3527; baseline -0.002 -15"><span class='ocrx_word' id='word_1_244' title='bbox 554 3445 1116 3513; x_wconf 88' lang='lat' dir='ltr'><strong>confirmationem</strong></span> <span class='ocrx_word' id='word_1_245' title='bbox 1162 3465 1233 3510; x_wconf 92' lang='lat' dir='ltr'><strong>se</strong></span> <span class='ocrx_word' id='word_1_246' title='bbox 1275 3445 1527 3523; x_wconf 87' lang='lat' dir='ltr'><strong>afferre,</strong></span> <span class='ocrx_word' id='word_1_247' title='bbox 1573 3462 1694 3508; x_wconf 89' lang='lat' dir='ltr'><strong>nec</strong></span> <span class='ocrx_word' id='word_1_248' title='bbox 1736 3444 1847 3527; x_wconf 91' lang='lat' dir='ltr'><strong>qui</strong></span> <span class='ocrx_word' id='word_1_249' title='bbox 1893 3465 2087 3527; x_wconf 87' lang='lat' dir='ltr'><strong>quam</strong></span> <span class='ocrx_word' id='word_1_250' title='bbox 2133 3463 2275 3510; x_wconf 86' lang='lat' dir='ltr'><strong>esse</strong></span> <span class='ocrx_word' id='word_1_251' title='bbox 2307 3464 2498 3527; x_wconf 91' lang='lat' dir='ltr'><strong>sepa-</strong></span> 
     </span>
     <span class='ocr_line' id='line_1_35' title="bbox 555 3527 2496 3596; baseline 0 -1"><span class='ocrx_word' id='word_1_252' title='bbox 555 3539 794 3595; x_wconf 87' lang='lat' dir='ltr'><strong>ratum.</strong></span> <span class='ocrx_word' id='word_1_253' title='bbox 904 3530 1089 3595; x_wconf 88' lang='lat' dir='ltr'><strong>Haec</strong></span> <span class='ocrx_word' id='word_1_254' title='bbox 1152 3537 1370 3596; x_wconf 88' lang='lat' dir='ltr'><strong>autem</strong></span> <span class='ocrx_word' id='word_1_255' title='bbox 1436 3530 1757 3595; x_wconf 84' lang='lat' dir='ltr'><strong>connexio</strong></span> <span class='ocrx_word' id='word_1_256' title='bbox 1823 3527 1907 3594; x_wconf 90' lang='lat' dir='ltr'><strong>ad</strong></span> <span class='ocrx_word' id='word_1_257' title='bbox 1970 3528 2496 3596; x_wconf 89' lang='lat' dir='ltr'><strong>benedictionum</strong></span> 
     </span>
     <span class='ocr_line' id='line_1_36' title="bbox 554 3614 2497 3698; baseline -0.002 -14"><span class='ocrx_word' id='word_1_258' title='bbox 554 3614 1012 3684; x_wconf 86' lang='lat' dir='ltr'><strong>certitudinem</strong></span> <span class='ocrx_word' id='word_1_259' title='bbox 1058 3617 1214 3680; x_wconf 89' lang='lat' dir='ltr'><strong>satis</strong></span> <span class='ocrx_word' id='word_1_260' title='bbox 1258 3635 1580 3698; x_wconf 86' lang='lat' dir='ltr'><strong>superque</strong></span> <span class='ocrx_word' id='word_1_261' title='bbox 1621 3614 1894 3695; x_wconf 87' lang='lat' dir='ltr'><strong>valebat,</strong></span> <span class='ocrx_word' id='word_1_262' title='bbox 1939 3614 2131 3680; x_wconf 92' lang='lat' dir='ltr'><strong>modo</strong></span> <span class='ocrx_word' id='word_1_263' title='bbox 2172 3614 2305 3698; x_wconf 88' lang='lat' dir='ltr'><strong>legi</strong></span> <span class='ocrx_word' id='word_1_264' title='bbox 2337 3635 2497 3681; x_wconf 89' lang='lat' dir='ltr'><strong>suus</strong></span> 
     </span>
     <span class='ocr_line' id='line_1_37' title="bbox 556 3699 2498 3784; baseline -0.002 -16"><span class='ocrx_word' id='word_1_265' title='bbox 556 3711 883 3768; x_wconf 90' lang='lat' dir='ltr'><strong>constaret</strong></span> <span class='ocrx_word' id='word_1_266' title='bbox 938 3700 1178 3765; x_wconf 90' lang='lat' dir='ltr'><strong>honor:</strong></span> <span class='ocrx_word' id='word_1_267' title='bbox 1244 3700 1413 3764; x_wconf 87' lang='lat' dir='ltr'><strong>nihil</strong></span> <span class='ocrx_word' id='word_1_268' title='bbox 1470 3701 1646 3764; x_wconf 86' lang='lat' dir='ltr'><strong>enim</strong></span> <span class='ocrx_word' id='word_1_269' title='bbox 1705 3699 1789 3765; x_wconf 91' lang='lat' dir='ltr'><strong>ad</strong></span> <span class='ocrx_word' id='word_1_270' title='bbox 1846 3699 2317 3784; x_wconf 84' lang='lat' dir='ltr'><strong>obsignandam</strong></span> <span class='ocrx_word' id='word_1_271' title='bbox 2371 3700 2498 3766; x_wconf 91' lang='lat' dir='ltr'><strong>Dei</strong></span> 
     </span>
     <span class='ocr_line' id='line_1_38' title="bbox 556 3786 2499 3872; baseline 0 -21"><span class='ocrx_word' id='word_1_272' title='bbox 556 3788 834 3872; x_wconf 85' lang='lat' dir='ltr'><strong>gratiam</strong></span> <span class='ocrx_word' id='word_1_273' title='bbox 859 3787 1075 3869; x_wconf 92' lang='lat' dir='ltr'><strong>aptius</strong></span> <span class='ocrx_word' id='word_1_274' title='bbox 1109 3794 1253 3851; x_wconf 88' lang='lat' dir='ltr'><strong>erat</strong></span> <span class='ocrx_word' id='word_1_275' title='bbox 1286 3806 1482 3869; x_wconf 89' lang='lat' dir='ltr'><strong>quam</strong></span> <span class='ocrx_word' id='word_1_276' title='bbox 1515 3786 1825 3852; x_wconf 91' lang='lat' dir='ltr'><strong>maiestas</strong></span> <span class='ocrx_word' id='word_1_277' title='bbox 1858 3786 1974 3851; x_wconf 89' lang='lat' dir='ltr'><strong>illa</strong></span> <span class='ocrx_word' id='word_1_278' title='bbox 2008 3806 2173 3869; x_wconf 88' lang='lat' dir='ltr'><strong>quae</strong></span> <span class='ocrx_word' id='word_1_279' title='bbox 2207 3786 2499 3869; x_wconf 89' lang='lat' dir='ltr'><strong>resplen-</strong></span> 
     </span>
     <span class='ocr_line' id='line_1_39' title="bbox 556 3870 2497 3959; baseline -0.001 -21"><span class='ocrx_word' id='word_1_280' title='bbox 556 3874 788 3938; x_wconf 91' lang='lat' dir='ltr'><strong>duerat</strong></span> <span class='ocrx_word' id='word_1_281' title='bbox 861 3873 932 3936; x_wconf 91' lang='lat' dir='ltr'><strong>in</strong></span> <span class='ocrx_word' id='word_1_282' title='bbox 1009 3871 1527 3956; x_wconf 88' lang='lat' dir='ltr'><strong>promulgatione</strong></span> <span class='ocrx_word' id='word_1_283' title='bbox 1601 3871 1784 3956; x_wconf 89' lang='lat' dir='ltr'><strong>legis.</strong></span> <span class='ocrx_word' id='word_1_284' title='bbox 1893 3871 2248 3954; x_wconf 90' lang='lat' dir='ltr'><strong>Perperam</strong></span> <span class='ocrx_word' id='word_1_285' title='bbox 2325 3870 2497 3959; x_wconf 88' lang='lat' dir='ltr'><strong>(meo</strong></span> 
     </span>
     <span class='ocr_line' id='line_1_40' title="bbox 553 3956 2501 4043; baseline -0.002 -19"><span class='ocrx_word' id='word_1_286' title='bbox 553 3956 817 4043; x_wconf 92' lang='lat' dir='ltr'><strong>iudicio)</strong></span> <span class='ocrx_word' id='word_1_287' title='bbox 860 3956 1127 4039; x_wconf 91' lang='lat' dir='ltr'><strong>quidam</strong></span> <span class='ocrx_word' id='word_1_288' title='bbox 1172 3965 1466 4036; x_wconf 85' lang='lat' dir='ltr'><strong>vertunt,</strong></span> <span class='ocrx_word' id='word_1_289' title='bbox 1511 3958 1697 4023; x_wconf 92' lang='lat' dir='ltr'><strong>Deus</strong></span> <span class='ocrx_word' id='word_1_290' title='bbox 1740 3956 1812 4021; x_wconf 89' lang='lat' dir='ltr'><strong>in</strong></span> <span class='ocrx_word' id='word_1_291' title='bbox 1857 3956 2046 4023; x_wconf 89' lang='lat' dir='ltr'><strong>Sinai</strong></span> <span class='ocrx_word' id='word_1_292' title='bbox 2087 3957 2302 4022; x_wconf 85' lang='lat' dir='ltr'><strong>venit:</strong></span> <span class='ocrx_word' id='word_1_293' title='bbox 2347 3957 2501 4041; x_wconf 90' lang='lat' dir='ltr'><strong>quia</strong></span> 
     </span>
     <span class='ocr_line' id='line_1_41' title="bbox 555 4041 2499 4128; baseline -0.002 -19"><span class='ocrx_word' id='word_1_294' title='bbox 555 4044 768 4128; x_wconf 89' lang='lat' dir='ltr'><strong>potius</strong></span> <span class='ocrx_word' id='word_1_295' title='bbox 825 4042 1137 4126; x_wconf 87' lang='lat' dir='ltr'><strong>intelligit</strong></span> <span class='ocrx_word' id='word_1_296' title='bbox 1177 4042 1430 4120; x_wconf 90' lang='lat' dir='ltr'><strong>Moses,</strong></span> <span class='ocrx_word' id='word_1_297' title='bbox 1488 4041 1709 4108; x_wconf 90' lang='lat' dir='ltr'><strong>Deum</strong></span> <span class='ocrx_word' id='word_1_298' title='bbox 1766 4043 1919 4108; x_wconf 89' lang='lat' dir='ltr'><strong>inde</strong></span> <span class='ocrx_word' id='word_1_299' title='bbox 1971 4042 2320 4125; x_wconf 89' lang='lat' dir='ltr'><strong>prodiisse,</strong></span> <span class='ocrx_word' id='word_1_300' title='bbox 2386 4042 2499 4108; x_wconf 91' lang='lat' dir='ltr'><strong>ubi</strong></span> 
     </span>
     <span class='ocr_line' id='line_1_42' title="bbox 556 4127 2498 4212; baseline -0.002 -17"><span class='ocrx_word' id='word_1_301' title='bbox 556 4136 939 4211; x_wconf 91' lang='lat' dir='ltr'><strong>conspectus</strong></span> <span class='ocrx_word' id='word_1_302' title='bbox 980 4129 1106 4194; x_wconf 87' lang='lat' dir='ltr'><strong>fuit</strong></span> <span class='ocrx_word' id='word_1_303' title='bbox 1148 4131 1289 4193; x_wconf 91' lang='lat' dir='ltr'><strong>eius</strong></span> <span class='ocrx_word' id='word_1_304' title='bbox 1321 4128 1570 4212; x_wconf 89' lang='lat' dir='ltr'><strong>fulgor:</strong></span> <span class='ocrx_word' id='word_1_305' title='bbox 1615 4150 1732 4212; x_wconf 92' lang='lat' dir='ltr'><strong>per</strong></span> <span class='ocrx_word' id='word_1_306' title='bbox 1753 4128 1905 4194; x_wconf 88' lang='lat' dir='ltr'><strong>Seir</strong></span> <span class='ocrx_word' id='word_1_307' title='bbox 1938 4140 2005 4194; x_wconf 88' lang='lat' dir='ltr'><strong>et</strong></span> <span class='ocrx_word' id='word_1_308' title='bbox 2025 4127 2291 4193; x_wconf 87' lang='lat' dir='ltr'><strong>Pharan</strong></span> <span class='ocrx_word' id='word_1_309' title='bbox 2326 4127 2498 4193; x_wconf 90' lang='lat' dir='ltr'><strong>idem</strong></span> 
     </span>
     <span class='ocr_line' id='line_1_43' title="bbox 556 4213 2497 4300; baseline -0.001 -19"><span class='ocrx_word' id='word_1_310' title='bbox 556 4216 830 4300; x_wconf 87' lang='lat' dir='ltr'><strong>repetit,</strong></span> <span class='ocrx_word' id='word_1_311' title='bbox 871 4223 1143 4280; x_wconf 89' lang='lat' dir='ltr'><strong>ornatus</strong></span> <span class='ocrx_word' id='word_1_312' title='bbox 1186 4236 1401 4281; x_wconf 91' lang='lat' dir='ltr'><strong>causa.</strong></span> <span class='ocrx_word' id='word_1_313' title='bbox 1490 4215 1583 4280; x_wconf 85' lang='lat' dir='ltr'><strong>Et</strong></span> <span class='ocrx_word' id='word_1_314' title='bbox 1626 4214 1888 4298; x_wconf 88' lang='lat' dir='ltr'><strong>quando</strong></span> <span class='ocrx_word' id='word_1_315' title='bbox 1931 4213 2094 4281; x_wconf 89' lang='lat' dir='ltr'><strong>haec</strong></span> <span class='ocrx_word' id='word_1_316' title='bbox 2134 4214 2261 4279; x_wconf 89' lang='lat' dir='ltr'><strong>tria</strong></span> <span class='ocrx_word' id='word_1_317' title='bbox 2304 4234 2497 4299; x_wconf 83' lang='lat' dir='ltr'><strong>syno-</strong></span> 
     </span>
     <span class='ocr_line' id='line_1_44' title="bbox 556 4300 2500 4385; baseline -0.002 -18"><span class='ocrx_word' id='word_1_318' title='bbox 556 4321 761 4385; x_wconf 82' lang='lat' dir='ltr'><strong>nyma</strong></span> <span class='ocrx_word' id='word_1_319' title='bbox 795 4311 969 4379; x_wconf 89' lang='lat' dir='ltr'><strong>sunt,</strong></span> <span class='ocrx_word' id='word_1_320' title='bbox 1004 4300 1148 4366; x_wconf 92' lang='lat' dir='ltr'><strong>ideo</strong></span> <span class='ocrx_word' id='word_1_321' title='bbox 1183 4301 1426 4378; x_wconf 85' lang='lat' dir='ltr'><strong>venire,</strong></span> <span class='ocrx_word' id='word_1_322' title='bbox 1463 4300 1705 4384; x_wconf 88' lang='lat' dir='ltr'><strong>egredi,</strong></span> <span class='ocrx_word' id='word_1_323' title='bbox 1750 4308 1817 4367; x_wconf 89' lang='lat' dir='ltr'><strong>et</strong></span> <span class='ocrx_word' id='word_1_324' title='bbox 1850 4300 2026 4378; x_wconf 88' lang='lat' dir='ltr'><strong>oriri,</strong></span> <span class='ocrx_word' id='word_1_325' title='bbox 2070 4320 2212 4365; x_wconf 92' lang='lat' dir='ltr'><strong>rem</strong></span> <span class='ocrx_word' id='word_1_326' title='bbox 2247 4319 2500 4383; x_wconf 91' lang='lat' dir='ltr'><strong>quoque</strong></span> 
     </span>
     <span class='ocr_line' id='line_1_45' title="bbox 559 4384 2497 4470; baseline -0.001 -18"><span class='ocrx_word' id='word_1_327' title='bbox 559 4408 763 4452; x_wconf 89' lang='lat' dir='ltr'><strong>unam</strong></span> <span class='ocrx_word' id='word_1_328' title='bbox 807 4385 1181 4470; x_wconf 89' lang='lat' dir='ltr'><strong>designant,</strong></span> <span class='ocrx_word' id='word_1_329' title='bbox 1225 4385 1408 4451; x_wconf 89' lang='lat' dir='ltr'><strong>illam</strong></span> <span class='ocrx_word' id='word_1_330' title='bbox 1451 4387 1692 4453; x_wconf 89' lang='lat' dir='ltr'><strong>scilicet</strong></span> <span class='ocrx_word' id='word_1_331' title='bbox 1734 4386 2028 4453; x_wconf 88' lang='lat' dir='ltr'><strong>coelestis</strong></span> <span class='ocrx_word' id='word_1_332' title='bbox 2072 4384 2314 4469; x_wconf 89' lang='lat' dir='ltr'><strong>gloriae</strong></span> <span class='ocrx_word' id='word_1_333' title='bbox 2358 4406 2497 4450; x_wconf 90' lang='lat' dir='ltr'><strong>ma-</strong></span> 
     </span>
     <span class='ocr_line' id='line_1_46' title="bbox 559 4468 2499 4555; baseline -0.001 -19"><span class='ocrx_word' id='word_1_334' title='bbox 559 4472 1030 4537; x_wconf 88' lang='lat' dir='ltr'><strong>nifestationem</strong></span> <span class='ocrx_word' id='word_1_335' title='bbox 1053 4491 1218 4555; x_wconf 90' lang='lat' dir='ltr'><strong>quae</strong></span> <span class='ocrx_word' id='word_1_336' title='bbox 1238 4471 1311 4535; x_wconf 90' lang='lat' dir='ltr'><strong>in</strong></span> <span class='ocrx_word' id='word_1_337' title='bbox 1333 4473 1435 4537; x_wconf 90' lang='lat' dir='ltr'><strong>sui</strong></span> <span class='ocrx_word' id='word_1_338' title='bbox 1456 4473 1952 4538; x_wconf 87' lang='lat' dir='ltr'><strong>admirationem</strong></span> <span class='ocrx_word' id='word_1_339' title='bbox 1973 4491 2204 4554; x_wconf 89' lang='lat' dir='ltr'><strong>rapere</strong></span> <span class='ocrx_word' id='word_1_340' title='bbox 2225 4468 2499 4537; x_wconf 87' lang='lat' dir='ltr'><strong>debebat</strong></span> 
     </span>
     <span class='ocr_line' id='line_1_47' title="bbox 561 4556 2497 4638; baseline 0 -15"><span class='ocrx_word' id='word_1_341' title='bbox 561 4557 859 4623; x_wconf 90' lang='lat' dir='ltr'><strong>omnium</strong></span> <span class='ocrx_word' id='word_1_342' title='bbox 902 4567 1191 4623; x_wconf 86' lang='lat' dir='ltr'><strong>mentes:</strong></span> <span class='ocrx_word' id='word_1_343' title='bbox 1237 4577 1313 4623; x_wconf 90' lang='lat' dir='ltr'><strong>ac</strong></span> <span class='ocrx_word' id='word_1_344' title='bbox 1359 4558 1418 4623; x_wconf 91' lang='lat' dir='ltr'><strong>si</strong></span> <span class='ocrx_word' id='word_1_345' title='bbox 1461 4556 1736 4638; x_wconf 89' lang='lat' dir='ltr'><strong>diceret,</strong></span> <span class='ocrx_word' id='word_1_346' title='bbox 1794 4558 2021 4624; x_wconf 89' lang='lat' dir='ltr'><strong>eadem</strong></span> <span class='ocrx_word' id='word_1_347' title='bbox 2077 4557 2497 4623; x_wconf 84' lang='lat' dir='ltr'><strong>veneratione</strong></span> 
     </span>
     <span class='ocr_line' id='line_1_48' title="bbox 560 4640 2498 4728; baseline -0.001 -18"><span class='ocrx_word' id='word_1_348' title='bbox 560 4640 975 4726; x_wconf 88' lang='lat' dir='ltr'><strong>excipiendas</strong></span> <span class='ocrx_word' id='word_1_349' title='bbox 1018 4662 1159 4709; x_wconf 89' lang='lat' dir='ltr'><strong>esse</strong></span> <span class='ocrx_word' id='word_1_350' title='bbox 1192 4663 1347 4708; x_wconf 85' lang='lat' dir='ltr'><strong>suas</strong></span> <span class='ocrx_word' id='word_1_351' title='bbox 1381 4643 1877 4723; x_wconf 88' lang='lat' dir='ltr'><strong>benedictiones,</strong></span> <span class='ocrx_word' id='word_1_352' title='bbox 1924 4653 2117 4728; x_wconf 89' lang='lat' dir='ltr'><strong>atque</strong></span> <span class='ocrx_word' id='word_1_353' title='bbox 2151 4643 2268 4711; x_wconf 90' lang='lat' dir='ltr'><strong>illa</strong></span> <span class='ocrx_word' id='word_1_354' title='bbox 2302 4665 2498 4728; x_wconf 88' lang='lat' dir='ltr'><strong>quam</strong></span> 
     </span>
     <span class='ocr_line' id='line_1_49' title="bbox 560 4727 2497 4813; baseline -0.001 -19"><span class='ocrx_word' id='word_1_355' title='bbox 560 4729 691 4813; x_wconf 86' lang='lat' dir='ltr'><strong>legi</strong></span> <span class='ocrx_word' id='word_1_356' title='bbox 746 4748 904 4794; x_wconf 88' lang='lat' dir='ltr'><strong>suae</strong></span> <span class='ocrx_word' id='word_1_357' title='bbox 963 4727 1145 4794; x_wconf 91' lang='lat' dir='ltr'><strong>Deus</strong></span> <span class='ocrx_word' id='word_1_358' title='bbox 1202 4730 1619 4811; x_wconf 83' lang='lat' dir='ltr'><strong>acquisierat,</strong></span> <span class='ocrx_word' id='word_1_359' title='bbox 1686 4730 1845 4795; x_wconf 90' lang='lat' dir='ltr'><strong>dum</strong></span> <span class='ocrx_word' id='word_1_360' title='bbox 1901 4731 1972 4794; x_wconf 91' lang='lat' dir='ltr'><strong>in</strong></span> <span class='ocrx_word' id='word_1_361' title='bbox 2029 4738 2252 4794; x_wconf 91' lang='lat' dir='ltr'><strong>monte</strong></span> <span class='ocrx_word' id='word_1_362' title='bbox 2313 4729 2497 4795; x_wconf 90' lang='lat' dir='ltr'><strong>Sinai</strong></span> 
     </span>
     <span class='ocr_line' id='line_1_50' title="bbox 558 4813 2497 4899; baseline -0.002 -20"><span class='ocrx_word' id='word_1_363' title='bbox 558 4814 909 4898; x_wconf 87' lang='lat' dir='ltr'><strong>conspicua</strong></span> <span class='ocrx_word' id='word_1_364' title='bbox 951 4813 1276 4878; x_wconf 86' lang='lat' dir='ltr'><strong>enituerat</strong></span> <span class='ocrx_word' id='word_1_365' title='bbox 1313 4815 1456 4880; x_wconf 89' lang='lat' dir='ltr'><strong>eius</strong></span> <span class='ocrx_word' id='word_1_366' title='bbox 1498 4816 1711 4880; x_wconf 87' lang='lat' dir='ltr'><strong>facies.</strong></span> <span class='ocrx_word' id='word_1_367' title='bbox 1789 4815 1986 4879; x_wconf 90' lang='lat' dir='ltr'><strong>Hanc</strong></span> <span class='ocrx_word' id='word_1_368' title='bbox 2028 4816 2308 4899; x_wconf 88' lang='lat' dir='ltr'><strong>figuram</strong></span> <span class='ocrx_word' id='word_1_369' title='bbox 2351 4814 2497 4877; x_wconf 90' lang='lat' dir='ltr'><strong>imi-</strong></span> 
     </span>
     <span class='ocr_line' id='line_1_51' title="bbox 559 4898 2497 4987; baseline -0.001 -24"><span class='ocrx_word' id='word_1_370' title='bbox 559 4908 739 4966; x_wconf 89' lang='lat' dir='ltr'><strong>tatus</strong></span> <span class='ocrx_word' id='word_1_371' title='bbox 773 4908 872 4967; x_wconf 91' lang='lat' dir='ltr'><strong>est</strong></span> <span class='ocrx_word' id='word_1_372' title='bbox 904 4898 1220 4983; x_wconf 90' lang='lat' dir='ltr'><strong>propheta</strong></span> <span class='ocrx_word' id='word_1_373' title='bbox 1255 4899 1568 4966; x_wconf 90' lang='lat' dir='ltr'><strong>Habacuc</strong></span> <span class='ocrx_word' id='word_1_374' title='bbox 1604 4898 1690 4985; x_wconf 88' lang='lat'><strong>(3,</strong></span> <span class='ocrx_word' id='word_1_375' title='bbox 1735 4898 1823 4987; x_wconf 83' lang='lat'><strong>6),</strong></span> <span class='ocrx_word' id='word_1_376' title='bbox 1864 4901 2015 4965; x_wconf 84' lang='lat' dir='ltr'><strong>licet</strong></span> <span class='ocrx_word' id='word_1_377' title='bbox 2047 4899 2119 4965; x_wconf 90' lang='lat' dir='ltr'><strong>in</strong></span> <span class='ocrx_word' id='word_1_378' title='bbox 2163 4898 2497 4964; x_wconf 85' lang='lat' dir='ltr'><strong>diversum</strong></span> 
     </span>
     <span class='ocr_line' id='line_1_52' title="bbox 558 4984 2501 5069; baseline -0.002 -18"><span class='ocrx_word' id='word_1_379' title='bbox 558 4987 776 5064; x_wconf 90' lang='lat' dir='ltr'><strong>finem,</strong></span> <span class='ocrx_word' id='word_1_380' title='bbox 813 5004 1048 5068; x_wconf 89' lang='lat' dir='ltr'><strong>nempe</strong></span> <span class='ocrx_word' id='word_1_381' title='bbox 1084 4992 1157 5050; x_wconf 92' lang='lat' dir='ltr'><strong>ut</strong></span> <span class='ocrx_word' id='word_1_382' title='bbox 1191 5005 1418 5052; x_wconf 90' lang='lat' dir='ltr'><strong>secure</strong></span> <span class='ocrx_word' id='word_1_383' title='bbox 1437 4986 1510 5050; x_wconf 88' lang='lat' dir='ltr'><strong>in</strong></span> <span class='ocrx_word' id='word_1_384' title='bbox 1533 4985 1673 5051; x_wconf 88' lang='lat' dir='ltr'><strong>eius</strong></span> <span class='ocrx_word' id='word_1_385' title='bbox 1706 4986 2065 5069; x_wconf 88' lang='lat' dir='ltr'><strong>potentiam</strong></span> <span class='ocrx_word' id='word_1_386' title='bbox 2090 4984 2501 5052; x_wconf 89' lang='lat' dir='ltr'><strong>recumberet</strong></span> 
     </span>
     <span class='ocr_line' id='line_1_53' title="bbox 562 5069 2500 5155; baseline -0.002 -19"><span class='ocrx_word' id='word_1_387' title='bbox 562 5070 860 5155; x_wconf 90' lang='lat' dir='ltr'><strong>populus,</strong></span> <span class='ocrx_word' id='word_1_388' title='bbox 896 5091 1061 5153; x_wconf 88' lang='lat' dir='ltr'><strong>quae</strong></span> <span class='ocrx_word' id='word_1_389' title='bbox 1095 5071 1252 5135; x_wconf 92' lang='lat' dir='ltr'><strong>olim</strong></span> <span class='ocrx_word' id='word_1_390' title='bbox 1290 5071 1534 5138; x_wconf 86' lang='lat' dir='ltr'><strong>visibili</strong></span> <span class='ocrx_word' id='word_1_391' title='bbox 1567 5072 1908 5155; x_wconf 86' lang='lat' dir='ltr'><strong>splendore</strong></span> <span class='ocrx_word' id='word_1_392' title='bbox 1942 5072 2264 5155; x_wconf 86' lang='lat' dir='ltr'><strong>patefacta</strong></span> <span class='ocrx_word' id='word_1_393' title='bbox 2285 5069 2500 5137; x_wconf 84' lang='lat' dir='ltr'><strong>fuerat</strong></span> 
     </span>
     <span class='ocr_line' id='line_1_54' title="bbox 561 5155 2499 5241; baseline 0 -20"><span class='ocrx_word' id='word_1_394' title='bbox 561 5156 875 5241; x_wconf 89' lang='lat' dir='ltr'><strong>patribus.</strong></span> <span class='ocrx_word' id='word_1_395' title='bbox 961 5157 1095 5223; x_wconf 90' lang='lat' dir='ltr'><strong>Per</strong></span> <span class='ocrx_word' id='word_1_396' title='bbox 1138 5157 1360 5224; x_wconf 91' lang='lat' dir='ltr'><strong>decem</strong></span> <span class='ocrx_word' id='word_1_397' title='bbox 1405 5156 1611 5223; x_wconf 91' lang='lat' dir='ltr'><strong>millia</strong></span> <span class='ocrx_word' id='word_1_398' title='bbox 1654 5157 2051 5236; x_wconf 87' lang='lat' dir='ltr'><strong>sanctitatis,</strong></span> <span class='ocrx_word' id='word_1_399' title='bbox 2095 5178 2229 5225; x_wconf 94' lang='lat' dir='ltr'><strong>non</strong></span> <span class='ocrx_word' id='word_1_400' title='bbox 2275 5155 2499 5223; x_wconf 87' lang='lat' dir='ltr'><strong>fideles</strong></span> 
     </span>
    </p>
   </div>
   <div class='ocr_carea' id='block_1_4' title="bbox 564 5278 964 5288">
    <p class='ocr_par' dir='ltr' id='par_1_5' title="bbox 564 5278 964 5288">
     <span class='ocr_line' id='line_1_55' title="bbox 564 5278 964 5288; baseline 0 854"><span class='ocrx_word' id='word_1_401' title='bbox 564 5278 964 5288; x_wconf 95' lang='lat' dir='ltr'><strong> </strong></span> 
     </span>
    </p>
   </div>
   <div class='ocr_carea' id='block_1_5' title="bbox 734 5342 1750 5415">
    <p class='ocr_par' dir='ltr' id='par_1_6' title="bbox 734 5342 1750 5415">
     <span class='ocr_line' id='line_1_56' title="bbox 734 5342 1750 5415; baseline 0.002 -20"><span class='ocrx_word' id='word_1_402' title='bbox 734 5344 791 5412; x_wconf 90' lang='lat'><strong>1)</strong></span> <span class='ocrx_word' id='word_1_403' title='bbox 826 5342 899 5399; x_wconf 80' lang='lat' dir='ltr'><strong>In</strong></span> <span class='ocrx_word' id='word_1_404' title='bbox 930 5346 1205 5415; x_wconf 67' lang='lat' dir='ltr'><strong>mas-qim:</strong></span> <span class='ocrx_word' id='word_1_405' title='bbox 1242 5345 1342 5412; x_wconf 86' lang='lat' dir='ltr'><strong>vel,</strong></span> <span class='ocrx_word' id='word_1_406' title='bbox 1381 5345 1626 5412; x_wconf 83' lang='lat' dir='ltr'><strong>quamvis</strong></span> <span class='ocrx_word' id='word_1_407' title='bbox 1661 5343 1750 5397; x_wconf 85' lang='lat' dir='ltr'><strong>sit.</strong></span> 
     </span>
    </p>
   </div>
   <div class='ocr_carea' id='block_1_6' title="bbox 1953 429 3123 501">
    <p class='ocr_par' dir='ltr' id='par_1_7' title="bbox 1953 429 3123 501">
     <span class='ocr_line' id='line_1_57' title="bbox 1953 429 3123 501; baseline 0 -3"><span class='ocrx_word' id='word_1_408' title='bbox 1953 429 2359 499; x_wconf 75' lang='lat' dir='ltr'><strong>REDITUS</strong></span> <span class='ocrx_word' id='word_1_409' title='bbox 2405 431 2534 498; x_wconf 87' lang='lat' dir='ltr'><strong>AD</strong></span> <span class='ocrx_word' id='word_1_410' title='bbox 2577 431 3123 501; x_wconf 72' lang='lat' dir='ltr'><strong>HISTORIAM.</strong></span> 
     </span>
    </p>
   </div>
   <div class='ocr_carea' id='block_1_7' title="bbox 2534 632 2563 5388">
    <p class='ocr_par' dir='ltr' id='par_1_8' title="bbox 2534 632 2563 5388">
     <span class='ocr_line' id='line_1_58' title="bbox 2534 632 2563 5388; baseline 0 0"><span class='ocrx_word' id='word_1_411' title='bbox 2534 632 2563 5388; x_wconf 95' lang='lat' dir='ltr'><strong> </strong></span> 
     </span>
    </p>
   </div>
   <div class='ocr_carea' id='block_1_8' title="bbox 4393 426 4527 494">
    <p class='ocr_par' dir='ltr' id='par_1_9' title="bbox 4393 426 4527 494">
     <span class='ocr_line' id='line_1_59' title="bbox 4393 426 4527 494; baseline 0 0"><span class='ocrx_word' id='word_1_412' title='bbox 4393 426 4527 494; x_wconf 84' lang='lat'><strong>384</strong></span> 
     </span>
    </p>
   </div>
   <div class='ocr_carea' id='block_1_9' title="bbox 2586 612 4550 5328">
    <p class='ocr_par' dir='ltr' id='par_1_10' title="bbox 2586 612 4550 5328">
     <span class='ocr_line' id='line_1_60' title="bbox 2588 612 4522 707; baseline -0.003 -22"><span class='ocrx_word' id='word_1_413' title='bbox 2588 618 2692 706; x_wconf 86' lang='lat' dir='ltr'><strong>(ut</strong></span> <span class='ocrx_word' id='word_1_414' title='bbox 2734 621 2964 687; x_wconf 85' lang='lat' dir='ltr'><strong>volunt</strong></span> <span class='ocrx_word' id='word_1_415' title='bbox 3005 619 3226 707; x_wconf 89' lang='lat' dir='ltr'><strong>multi)</strong></span> <span class='ocrx_word' id='word_1_416' title='bbox 3284 618 3396 685; x_wconf 87' lang='lat' dir='ltr'><strong>sed</strong></span> <span class='ocrx_word' id='word_1_417' title='bbox 3455 618 3722 703; x_wconf 89' lang='lat' dir='ltr'><strong>angelos</strong></span> <span class='ocrx_word' id='word_1_418' title='bbox 3773 612 4069 701; x_wconf 85' lang='lat' dir='ltr'><strong>intelligo</strong></span> <span class='ocrx_word' id='word_1_419' title='bbox 4127 614 4358 699; x_wconf 87' lang='lat' dir='ltr'><strong>quibus</strong></span> <span class='ocrx_word' id='word_1_420' title='bbox 4401 615 4522 681; x_wconf 88' lang='lat' dir='ltr'><strong>sti-</strong></span> 
     </span>
     <span class='ocr_line' id='line_1_61' title="bbox 2586 700 4526 788; baseline -0.003 -17"><span class='ocrx_word' id='word_1_421' title='bbox 2586 714 2777 788; x_wconf 90' lang='lat' dir='ltr'><strong>patus</strong></span> <span class='ocrx_word' id='word_1_422' title='bbox 2819 716 2962 773; x_wconf 89' lang='lat' dir='ltr'><strong>erat</strong></span> <span class='ocrx_word' id='word_1_423' title='bbox 3004 707 3221 784; x_wconf 89' lang='lat' dir='ltr'><strong>Deus,</strong></span> <span class='ocrx_word' id='word_1_424' title='bbox 3282 714 3593 788; x_wconf 88' lang='lat' dir='ltr'><strong>tanquam</strong></span> <span class='ocrx_word' id='word_1_425' title='bbox 3648 704 3830 788; x_wconf 88' lang='lat' dir='ltr'><strong>regia</strong></span> <span class='ocrx_word' id='word_1_426' title='bbox 3871 701 4150 769; x_wconf 90' lang='lat' dir='ltr'><strong>cohorte.</strong></span> <span class='ocrx_word' id='word_1_427' title='bbox 4238 700 4412 766; x_wconf 90' lang='lat' dir='ltr'><strong>Nam</strong></span> <span class='ocrx_word' id='word_1_428' title='bbox 4452 711 4526 767; x_wconf 87' lang='lat' dir='ltr'><strong>et</strong></span> 
     </span>
     <span class='ocr_line' id='line_1_62' title="bbox 2587 785 4526 865; baseline -0.004 -8"><span class='ocrx_word' id='word_1_429' title='bbox 2587 791 2770 859; x_wconf 90' lang='lat' dir='ltr'><strong>Deus</strong></span> <span class='ocrx_word' id='word_1_430' title='bbox 2806 813 3025 859; x_wconf 89' lang='lat' dir='ltr'><strong>arcam</strong></span> <span class='ocrx_word' id='word_1_431' title='bbox 3058 791 3261 858; x_wconf 90' lang='lat' dir='ltr'><strong>locari</strong></span> <span class='ocrx_word' id='word_1_432' title='bbox 3295 790 3503 858; x_wconf 83' lang='lat' dir='ltr'><strong>voluit</strong></span> <span class='ocrx_word' id='word_1_433' title='bbox 3536 789 3710 855; x_wconf 91' lang='lat' dir='ltr'><strong>inter</strong></span> <span class='ocrx_word' id='word_1_434' title='bbox 3731 788 4109 865; x_wconf 85' lang='lat' dir='ltr'><strong>Cherubim,</strong></span> <span class='ocrx_word' id='word_1_435' title='bbox 4151 796 4226 852; x_wconf 90' lang='lat' dir='ltr'><strong>ut</strong></span> <span class='ocrx_word' id='word_1_436' title='bbox 4263 785 4526 853; x_wconf 87' lang='lat' dir='ltr'><strong>doceret</strong></span> 
     </span>
     <span class='ocr_line' id='line_1_63' title="bbox 2586 871 4527 963; baseline -0.003 -21"><span class='ocrx_word' id='word_1_437' title='bbox 2586 877 2711 943; x_wconf 90' lang='lat' dir='ltr'><strong>sibi</strong></span> <span class='ocrx_word' id='word_1_438' title='bbox 2774 887 3034 963; x_wconf 86' lang='lat' dir='ltr'><strong>praesto</strong></span> <span class='ocrx_word' id='word_1_439' title='bbox 3098 898 3239 944; x_wconf 88' lang='lat' dir='ltr'><strong>esse</strong></span> <span class='ocrx_word' id='word_1_440' title='bbox 3302 877 3614 942; x_wconf 88' lang='lat' dir='ltr'><strong>coelestes</strong></span> <span class='ocrx_word' id='word_1_441' title='bbox 3678 875 4023 940; x_wconf 86' lang='lat' dir='ltr'><strong>exercitus.</strong></span> <span class='ocrx_word' id='word_1_442' title='bbox 4122 872 4281 938; x_wconf 88' lang='lat' dir='ltr'><strong>Ideo</strong></span> <span class='ocrx_word' id='word_1_443' title='bbox 4345 871 4527 956; x_wconf 90' lang='lat' dir='ltr'><strong>apud</strong></span> 
     </span>
     <span class='ocr_line' id='line_1_64' title="bbox 2586 958 4524 1048; baseline -0.003 -19"><span class='ocrx_word' id='word_1_444' title='bbox 2586 961 2828 1029; x_wconf 88' lang='lat' dir='ltr'><strong>Isaiam</strong></span> <span class='ocrx_word' id='word_1_445' title='bbox 2884 961 2982 1048; x_wconf 85' lang='lat'><strong>(6,</strong></span> <span class='ocrx_word' id='word_1_446' title='bbox 3041 961 3108 1048; x_wconf 87' lang='grc'><strong>2)</strong></span> <span class='ocrx_word' id='word_1_447' title='bbox 3165 961 3512 1045; x_wconf 79' lang='lat' dir='ltr'><strong>Seraphim</strong></span> <span class='ocrx_word' id='word_1_448' title='bbox 3580 959 3984 1027; x_wconf 85' lang='lat' dir='ltr'><strong>circumdant</strong></span> <span class='ocrx_word' id='word_1_449' title='bbox 4046 960 4185 1024; x_wconf 91' lang='lat' dir='ltr'><strong>eius</strong></span> <span class='ocrx_word' id='word_1_450' title='bbox 4250 958 4524 1024; x_wconf 88' lang='lat' dir='ltr'><strong>solium:</strong></span> 
     </span>
     <span class='ocr_line' id='line_1_65' title="bbox 2588 1043 4525 1137; baseline -0.003 -23"><span class='ocrx_word' id='word_1_451' title='bbox 2588 1048 2827 1114; x_wconf 89' lang='lat' dir='ltr'><strong>Daniel</strong></span> <span class='ocrx_word' id='word_1_452' title='bbox 2870 1047 2967 1137; x_wconf 83' lang='lat'><strong>(7,</strong></span> <span class='ocrx_word' id='word_1_453' title='bbox 3020 1048 3127 1135; x_wconf 91' lang='grc'><strong>10)</strong></span> <span class='ocrx_word' id='word_1_454' title='bbox 3186 1056 3402 1114; x_wconf 90' lang='lat' dir='ltr'><strong>autem</strong></span> <span class='ocrx_word' id='word_1_455' title='bbox 3459 1068 3530 1112; x_wconf 90' lang='lat' dir='ltr'><strong>se</strong></span> <span class='ocrx_word' id='word_1_456' title='bbox 3589 1045 3832 1112; x_wconf 84' lang='lat' dir='ltr'><strong>vidisse</strong></span> <span class='ocrx_word' id='word_1_457' title='bbox 3890 1044 4047 1112; x_wconf 87' lang='lat' dir='ltr'><strong>dicit</strong></span> <span class='ocrx_word' id='word_1_458' title='bbox 4089 1043 4298 1109; x_wconf 90' lang='lat' dir='ltr'><strong>decies</strong></span> <span class='ocrx_word' id='word_1_459' title='bbox 4340 1043 4525 1109; x_wconf 86' lang='lat' dir='ltr'><strong>mille</strong></span> 
     </span>
     <span class='ocr_line' id='line_1_66' title="bbox 2588 1129 4525 1214; baseline -0.002 -15"><span class='ocrx_word' id='word_1_460' title='bbox 2588 1134 2948 1214; x_wconf 79' lang='lat' dir='ltr'><strong>myriadas:</strong></span> <span class='ocrx_word' id='word_1_461' title='bbox 3007 1134 3121 1200; x_wconf 91' lang='lat' dir='ltr'><strong>illa</strong></span> <span class='ocrx_word' id='word_1_462' title='bbox 3175 1131 3594 1199; x_wconf 89' lang='lat' dir='ltr'><strong>multitudine</strong></span> <span class='ocrx_word' id='word_1_463' title='bbox 3635 1132 3971 1197; x_wconf 86' lang='lat' dir='ltr'><strong>infinitum</strong></span> <span class='ocrx_word' id='word_1_464' title='bbox 4016 1150 4363 1196; x_wconf 89' lang='lat' dir='ltr'><strong>numerum</strong></span> <span class='ocrx_word' id='word_1_465' title='bbox 4408 1129 4525 1195; x_wconf 89' lang='lat' dir='ltr'><strong>de·</strong></span> 
     </span>
     <span class='ocr_line' id='line_1_67' title="bbox 2587 1214 4523 1303; baseline -0.002 -18"><span class='ocrx_word' id='word_1_466' title='bbox 2587 1221 2886 1303; x_wconf 89' lang='lat' dir='ltr'><strong>signans,</strong></span> <span class='ocrx_word' id='word_1_467' title='bbox 2944 1221 3111 1287; x_wconf 86' lang='lat' dir='ltr'><strong>sicut</strong></span> <span class='ocrx_word' id='word_1_468' title='bbox 3168 1227 3236 1285; x_wconf 88' lang='lat' dir='ltr'><strong>et</strong></span> <span class='ocrx_word' id='word_1_469' title='bbox 3277 1219 3496 1285; x_wconf 91' lang='lat' dir='ltr'><strong>Moses</strong></span> <span class='ocrx_word' id='word_1_470' title='bbox 3540 1238 3656 1301; x_wconf 91' lang='lat' dir='ltr'><strong>per</strong></span> <span class='ocrx_word' id='word_1_471' title='bbox 3699 1216 3921 1283; x_wconf 91' lang='lat' dir='ltr'><strong>decem</strong></span> <span class='ocrx_word' id='word_1_472' title='bbox 3966 1215 4187 1281; x_wconf 86' lang='lat' dir='ltr'><strong>millia.</strong></span> <span class='ocrx_word' id='word_1_473' title='bbox 4276 1214 4523 1282; x_wconf 82' lang='lat' dir='ltr'><strong>Proba·</strong></span> 
     </span>
     <span class='ocr_line' id='line_1_68' title="bbox 2587 1300 4527 1386; baseline -0.003 -14"><span class='ocrx_word' id='word_1_474' title='bbox 2587 1305 2720 1372; x_wconf 92' lang='lat' dir='ltr'><strong>bile</strong></span> <span class='ocrx_word' id='word_1_475' title='bbox 2762 1315 2977 1372; x_wconf 89' lang='lat' dir='ltr'><strong>autem</strong></span> <span class='ocrx_word' id='word_1_476' title='bbox 3022 1313 3152 1386; x_wconf 85' lang='lat' dir='ltr'><strong>est,</strong></span> <span class='ocrx_word' id='word_1_477' title='bbox 3203 1328 3286 1371; x_wconf 85' lang='lat' dir='ltr'><strong>ex</strong></span> <span class='ocrx_word' id='word_1_478' title='bbox 3329 1304 3452 1370; x_wconf 88' lang='lat' dir='ltr'><strong>hoc</strong></span> <span class='ocrx_word' id='word_1_479' title='bbox 3495 1302 3635 1370; x_wconf 90' lang='lat' dir='ltr'><strong>loco</strong></span> <span class='ocrx_word' id='word_1_480' title='bbox 3679 1301 4090 1386; x_wconf 85' lang='lat' dir='ltr'><strong>Stephanum</strong></span> <span class='ocrx_word' id='word_1_481' title='bbox 4133 1309 4201 1367; x_wconf 92' lang='lat' dir='ltr'><strong>et</strong></span> <span class='ocrx_word' id='word_1_482' title='bbox 4242 1300 4527 1367; x_wconf 89' lang='lat' dir='ltr'><strong>Paulum</strong></span> 
     </span>
     <span class='ocr_line' id='line_1_69' title="bbox 2587 1385 4530 1471; baseline -0.003 -14"><span class='ocrx_word' id='word_1_483' title='bbox 2587 1400 2916 1459; x_wconf 88' lang='lat' dir='ltr'><strong>mutuatos</strong></span> <span class='ocrx_word' id='word_1_484' title='bbox 2983 1412 3125 1458; x_wconf 92' lang='lat' dir='ltr'><strong>esse</strong></span> <span class='ocrx_word' id='word_1_485' title='bbox 3187 1390 3550 1456; x_wconf 87' lang='lat' dir='ltr'><strong>doctrinam</strong></span> <span class='ocrx_word' id='word_1_486' title='bbox 3606 1388 3821 1468; x_wconf 90' lang='lat' dir='ltr'><strong>illam,</strong></span> <span class='ocrx_word' id='word_1_487' title='bbox 3887 1387 4099 1471; x_wconf 91' lang='lat' dir='ltr'><strong>legem</strong></span> <span class='ocrx_word' id='word_1_488' title='bbox 4154 1385 4530 1452; x_wconf 88' lang='lat' dir='ltr'><strong>ordinatam</strong></span> 
     </span>
     <span class='ocr_line' id='line_1_70' title="bbox 2587 1470 4529 1562; baseline -0.003 -19"><span class='ocrx_word' id='word_1_489' title='bbox 2587 1478 2787 1545; x_wconf 84' lang='lat' dir='ltr'><strong>fuisse</strong></span> <span class='ocrx_word' id='word_1_490' title='bbox 2830 1498 2948 1561; x_wconf 90' lang='lat' dir='ltr'><strong>per</strong></span> <span class='ocrx_word' id='word_1_491' title='bbox 3000 1475 3268 1562; x_wconf 90' lang='lat' dir='ltr'><strong>angelos</strong></span> <span class='ocrx_word' id='word_1_492' title='bbox 3319 1476 3389 1540; x_wconf 91' lang='lat' dir='ltr'><strong>in</strong></span> <span class='ocrx_word' id='word_1_493' title='bbox 3440 1495 3645 1541; x_wconf 90' lang='lat' dir='ltr'><strong>manu</strong></span> <span class='ocrx_word' id='word_1_494' title='bbox 3699 1472 4076 1540; x_wconf 86' lang='lat' dir='ltr'><strong>mediatoris</strong></span> <span class='ocrx_word' id='word_1_495' title='bbox 4116 1470 4289 1558; x_wconf 85' lang='lat' dir='ltr'><strong>(Act.</strong></span> <span class='ocrx_word' id='word_1_496' title='bbox 4336 1473 4396 1549; x_wconf 79' lang='lat'><strong>7,</strong></span> <span class='ocrx_word' id='word_1_497' title='bbox 4437 1470 4529 1538; x_wconf 84' lang='lat'><strong>53</strong></span> 
     </span>
     <span class='ocr_line' id='line_1_71' title="bbox 2589 1559 4530 1649; baseline -0.004 -19"><span class='ocrx_word' id='word_1_498' title='bbox 2589 1563 2739 1630; x_wconf 77' lang='lat' dir='ltr'><strong>Gal.</strong></span> <span class='ocrx_word' id='word_1_499' title='bbox 2785 1561 3045 1649; x_wconf 61' lang='lat'><strong>3‚,19):</strong></span> <span class='ocrx_word' id='word_1_500' title='bbox 3091 1584 3166 1628; x_wconf 89' lang='lat' dir='ltr'><strong>eo</strong></span> <span class='ocrx_word' id='word_1_501' title='bbox 3208 1562 3386 1626; x_wconf 90' lang='lat' dir='ltr'><strong>enim</strong></span> <span class='ocrx_word' id='word_1_502' title='bbox 3429 1560 3717 1627; x_wconf 89' lang='lat' dir='ltr'><strong>sanctior</strong></span> <span class='ocrx_word' id='word_1_503' title='bbox 3757 1560 3920 1644; x_wconf 89' lang='lat' dir='ltr'><strong>legis</strong></span> <span class='ocrx_word' id='word_1_504' title='bbox 3964 1559 4307 1638; x_wconf 89' lang='lat' dir='ltr'><strong>autoritas,</strong></span> <span class='ocrx_word' id='word_1_505' title='bbox 4358 1577 4530 1641; x_wconf 86' lang='lat' dir='ltr'><strong>quae</strong></span> 
     </span>
     <span class='ocr_line' id='line_1_72' title="bbox 2587 1642 4531 1732; baseline -0.003 -17"><span class='ocrx_word' id='word_1_506' title='bbox 2587 1659 2683 1715; x_wconf 93' lang='lat' dir='ltr'><strong>tot</strong></span> <span class='ocrx_word' id='word_1_507' title='bbox 2723 1648 2956 1715; x_wconf 92' lang='lat' dir='ltr'><strong>habuit</strong></span> <span class='ocrx_word' id='word_1_508' title='bbox 2996 1649 3460 1732; x_wconf 86' lang='lat' dir='ltr'><strong>obsignatores.</strong></span> <span class='ocrx_word' id='word_1_509' title='bbox 3531 1644 3861 1712; x_wconf 84' lang='lat' dir='ltr'><strong>Statuitur</strong></span> <span class='ocrx_word' id='word_1_510' title='bbox 3892 1642 3974 1709; x_wconf 89' lang='lat' dir='ltr'><strong>ad</strong></span> <span class='ocrx_word' id='word_1_511' title='bbox 4011 1642 4348 1709; x_wconf 84' lang='lat' dir='ltr'><strong>dexteram</strong></span> <span class='ocrx_word' id='word_1_512' title='bbox 4385 1644 4531 1710; x_wconf 90' lang='lat' dir='ltr'><strong>eius</strong></span> 
     </span>
     <span class='ocr_line' id='line_1_73' title="bbox 2588 1727 4528 1815; baseline -0.003 -15"><span class='ocrx_word' id='word_1_513' title='bbox 2588 1734 2732 1814; x_wconf 85' lang='lat' dir='ltr'><strong>lex,</strong></span> <span class='ocrx_word' id='word_1_514' title='bbox 2791 1756 2923 1800; x_wconf 91' lang='lat' dir='ltr'><strong>non</strong></span> <span class='ocrx_word' id='word_1_515' title='bbox 2983 1733 3177 1800; x_wconf 91' lang='lat' dir='ltr'><strong>modo</strong></span> <span class='ocrx_word' id='word_1_516' title='bbox 3223 1742 3532 1815; x_wconf 88' lang='lat' dir='ltr'><strong>tanquam</strong></span> <span class='ocrx_word' id='word_1_517' title='bbox 3591 1753 3697 1799; x_wconf 91' lang='lat' dir='ltr'><strong>sce</strong></span> <span class='ocrx_word' id='word_1_518' title='bbox 3746 1743 3920 1796; x_wconf 91' lang='lat' dir='ltr'><strong>trum</strong></span> <span class='ocrx_word' id='word_1_519' title='bbox 3963 1730 4070 1796; x_wconf 85' lang='lat' dir='ltr'><strong>vel</strong></span> <span class='ocrx_word' id='word_1_520' title='bbox 4111 1729 4367 1814; x_wconf 88' lang='lat' dir='ltr'><strong>insigne</strong></span> <span class='ocrx_word' id='word_1_521' title='bbox 4408 1727 4528 1795; x_wconf 86' lang='lat' dir='ltr'><strong>sed</strong></span> 
     </span>
     <span class='ocr_line' id='line_1_74' title="bbox 2589 1754 4531 1904; baseline -0.004 -18"><span class='ocrx_word' id='word_1_522' title='bbox 2589 1831 2903 1904; x_wconf 89' lang='lat' dir='ltr'><strong>tanquam</strong></span> <span class='ocrx_word' id='word_1_523' title='bbox 2946 1827 3231 1904; x_wconf 88' lang='lat' dir='ltr'><strong>potestas</strong></span> <span class='ocrx_word' id='word_1_524' title='bbox 3270 1819 3379 1882; x_wconf 76' lang='lat' dir='ltr'><strong>vel</strong></span> <span class='ocrx_word' id='word_1_525' title='bbox 3423 1817 3590 1883; x_wconf 87' lang='lat' dir='ltr'><strong>ratio</strong></span> <span class='ocrx_word' id='word_1_526' title='bbox 3623 1754 4059 1901; x_wconf 51' lang='lat' dir='ltr'><strong>gulbernandi:</strong></span> <span class='ocrx_word' id='word_1_527' title='bbox 4104 1835 4316 1899; x_wconf 91' lang='lat' dir='ltr'><strong>neque</strong></span> <span class='ocrx_word' id='word_1_528' title='bbox 4349 1814 4531 1880; x_wconf 88' lang='lat' dir='ltr'><strong>enim</strong></span> 
     </span>
     <span class='ocr_line' id='line_1_75' title="bbox 2587 1899 4533 1990; baseline -0.003 -19"><span class='ocrx_word' id='word_1_529' title='bbox 2587 1916 2906 1990; x_wconf 89' lang='lat' dir='ltr'><strong>tanquam</strong></span> <span class='ocrx_word' id='word_1_530' title='bbox 2949 1926 3068 1971; x_wconf 83' lang='lat' dir='ltr'><strong>rex</strong></span> <span class='ocrx_word' id='word_1_531' title='bbox 3111 1905 3415 1988; x_wconf 89' lang='lat' dir='ltr'><strong>apparuit</strong></span> <span class='ocrx_word' id='word_1_532' title='bbox 3455 1904 3684 1982; x_wconf 91' lang='lat' dir='ltr'><strong>solum,</strong></span> <span class='ocrx_word' id='word_1_533' title='bbox 3730 1902 3845 1969; x_wconf 87' lang='lat' dir='ltr'><strong>sed</strong></span> <span class='ocrx_word' id='word_1_534' title='bbox 3886 1899 4176 1967; x_wconf 89' lang='lat' dir='ltr'><strong>ostendit</strong></span> <span class='ocrx_word' id='word_1_535' title='bbox 4208 1899 4533 1984; x_wconf 88' lang='lat' dir='ltr'><strong>quomodo</strong></span> 
     </span>
     <span class='ocr_line' id='line_1_76' title="bbox 2589 1984 4530 2076; baseline -0.004 -19"><span class='ocrx_word' id='word_1_536' title='bbox 2589 2013 2889 2076; x_wconf 91' lang='lat' dir='ltr'><strong>praeesse</strong></span> <span class='ocrx_word' id='word_1_537' title='bbox 2931 1990 3145 2056; x_wconf 88' lang='lat' dir='ltr'><strong>vellet.</strong></span> <span class='ocrx_word' id='word_1_538' title='bbox 3234 1990 3386 2056; x_wconf 79' lang='lat' dir='ltr'><strong>Lex</strong></span> <span class='ocrx_word' id='word_1_539' title='bbox 3425 1995 3650 2053; x_wconf 87' lang='lat' dir='ltr'><strong>autem</strong></span> <span class='ocrx_word' id='word_1_540' title='bbox 3694 1990 3715 2053; x_wconf 93' lang='lat' dir='ltr'><strong>i</strong></span> <span class='ocrx_word' id='word_1_541' title='bbox 3809 1988 3868 2053; x_wconf 88' lang='lat' dir='ltr'><strong>is</strong></span> <span class='ocrx_word' id='word_1_542' title='bbox 3912 1995 4199 2067; x_wconf 85' lang='lat' dir='ltr'><strong>vocatur,</strong></span> <span class='ocrx_word' id='word_1_543' title='bbox 4251 1984 4336 2051; x_wconf 87' lang='lat' dir='ltr'><strong>ad</strong></span> <span class='ocrx_word' id='word_1_544' title='bbox 4376 1986 4530 2049; x_wconf 65' lang='lat' dir='ltr'><strong>inii«</strong></span> 
     </span>
     <span class='ocr_line' id='line_1_77' title="bbox 2587 2010 4530 2157; baseline -0.004 -14"><span class='ocrx_word' id='word_1_545' title='bbox 2587 2078 2887 2143; x_wconf 91' lang='lat' dir='ltr'><strong>ciendum</strong></span> <span class='ocrx_word' id='word_1_546' title='bbox 2916 2085 3246 2156; x_wconf 89' lang='lat' dir='ltr'><strong>terrorem,</strong></span> <span class='ocrx_word' id='word_1_547' title='bbox 3271 2083 3338 2140; x_wconf 88' lang='lat' dir='ltr'><strong>et</strong></span> <span class='ocrx_word' id='word_1_548' title='bbox 3359 2095 3585 2139; x_wconf 89' lang='lat' dir='ltr'><strong>omncs</strong></span> <span class='ocrx_word' id='word_1_549' title='bbox 3606 2073 3689 2139; x_wconf 89' lang='lat' dir='ltr'><strong>ad</strong></span> <span class='ocrx_word' id='word_1_550' title='bbox 3718 2010 4162 2139; x_wconf 36' lang='lat' dir='ltr'><strong>&amp;umilitatem</strong></span> <span class='ocrx_word' id='word_1_551' title='bbox 4183 2071 4530 2157; x_wconf 89' lang='lat' dir='ltr'><strong>cogendos.</strong></span> 
     </span>
     <span class='ocr_line' id='line_1_78' title="bbox 2589 2156 4534 2247; baseline -0.004 -19"><span class='ocrx_word' id='word_1_552' title='bbox 2589 2163 2980 2247; x_wconf 78' lang='lat' dir='ltr'><strong>Quanquam</strong></span> <span class='ocrx_word' id='word_1_553' title='bbox 3048 2182 3183 2226; x_wconf 92' lang='lat' dir='ltr'><strong>non</strong></span> <span class='ocrx_word' id='word_1_554' title='bbox 3248 2159 3572 2244; x_wconf 89' lang='lat' dir='ltr'><strong>displicet,</strong></span> <span class='ocrx_word' id='word_1_555' title='bbox 3635 2160 3865 2225; x_wconf 87' lang='lat' dir='ltr'><strong>Mosen</strong></span> <span class='ocrx_word' id='word_1_556' title='bbox 3920 2159 3991 2223; x_wconf 90' lang='lat' dir='ltr'><strong>in</strong></span> <span class='ocrx_word' id='word_1_557' title='bbox 4056 2157 4179 2223; x_wconf 91' lang='lat' dir='ltr'><strong>hoc</strong></span> <span class='ocrx_word' id='word_1_558' title='bbox 4243 2156 4534 2240; x_wconf 89' lang='lat' dir='ltr'><strong>epitheto</strong></span> 
     </span>
     <span class='ocr_line' id='line_1_79' title="bbox 2590 2240 4535 2331; baseline -0.002 -19"><span class='ocrx_word' id='word_1_559' title='bbox 2590 2248 2880 2313; x_wconf 87' lang='lat' dir='ltr'><strong>alludere</strong></span> <span class='ocrx_word' id='word_1_560' title='bbox 2924 2247 3006 2313; x_wconf 89' lang='lat' dir='ltr'><strong>ad</strong></span> <span class='ocrx_word' id='word_1_561' title='bbox 3052 2257 3328 2312; x_wconf 82' lang='lat' dir='ltr'><strong>externa</strong></span> <span class='ocrx_word' id='word_1_562' title='bbox 3371 2247 3542 2331; x_wconf 87' lang='lat' dir='ltr'><strong>ignis</strong></span> <span class='ocrx_word' id='word_1_563' title='bbox 3587 2254 3655 2311; x_wconf 89' lang='lat' dir='ltr'><strong>et</strong></span> <span class='ocrx_word' id='word_1_564' title='bbox 3698 2246 4000 2311; x_wconf 89' lang='lat' dir='ltr'><strong>flammae</strong></span> <span class='ocrx_word' id='word_1_565' title='bbox 4055 2242 4383 2328; x_wconf 83' lang='lat' dir='ltr'><strong>symbola,</strong></span> <span class='ocrx_word' id='word_1_566' title='bbox 4449 2240 4535 2308; x_wconf 89' lang='lat' dir='ltr'><strong>de</strong></span> 
     </span>
     <span class='ocr_line' id='line_1_80' title="bbox 2591 2327 4536 2418; baseline -0.003 -20"><span class='ocrx_word' id='word_1_567' title='bbox 2591 2335 2827 2418; x_wconf 90' lang='lat' dir='ltr'><strong>quibus</strong></span> <span class='ocrx_word' id='word_1_568' title='bbox 2861 2334 3170 2401; x_wconf 84' lang='lat' dir='ltr'><strong>vicesimo</strong></span> <span class='ocrx_word' id='word_1_569' title='bbox 3205 2333 3417 2415; x_wconf 87' lang='lat' dir='ltr'><strong>capite</strong></span> <span class='ocrx_word' id='word_1_570' title='bbox 3443 2331 3656 2396; x_wconf 83' lang='lat' dir='ltr'><strong>Exodi</strong></span> <span class='ocrx_word' id='word_1_571' title='bbox 3691 2332 3999 2414; x_wconf 89' lang='lat' dir='ltr'><strong>loquutus</strong></span> <span class='ocrx_word' id='word_1_572' title='bbox 4034 2337 4149 2395; x_wconf 90' lang='lat' dir='ltr'><strong>est.</strong></span> <span class='ocrx_word' id='word_1_573' title='bbox 4203 2327 4536 2409; x_wconf 83' lang='lat' dir='ltr'><strong>Quoniam</strong></span> 
     </span>
     <span class='ocr_line' id='line_1_81' title="bbox 2591 2413 4537 2500; baseline -0.004 -14"><span class='ocrx_word' id='word_1_574' title='bbox 2591 2440 2750 2486; x_wconf 84' lang='lat' dir='ltr'><strong>vero</strong></span> <span class='ocrx_word' id='word_1_575' title='bbox 2813 2440 3051 2484; x_wconf 91' lang='lat' dir='ltr'><strong>nomen</strong></span> <span class='ocrx_word' id='word_1_576' title='bbox 3116 2432 3208 2487; x_wconf 75' lang='grc' dir='ltr'><strong>ΠἾ</strong></span> <span class='ocrx_word' id='word_1_577' title='bbox 3278 2415 3612 2500; x_wconf 90' lang='lat' dir='ltr'><strong>quodlibet</strong></span> <span class='ocrx_word' id='word_1_578' title='bbox 3688 2424 4010 2483; x_wconf 89' lang='lat' dir='ltr'><strong>statutum</strong></span> <span class='ocrx_word' id='word_1_579' title='bbox 4075 2414 4182 2482; x_wconf 84' lang='lat' dir='ltr'><strong>vel</strong></span> <span class='ocrx_word' id='word_1_580' title='bbox 4247 2413 4537 2480; x_wconf 87' lang='lat' dir='ltr'><strong>edictum</strong></span> 
     </span>
     <span class='ocr_line' id='line_1_82' title="bbox 2593 2500 4533 2590; baseline -0.004 -20"><span class='ocrx_word' id='word_1_581' title='bbox 2593 2506 2937 2590; x_wconf 88' lang='lat' dir='ltr'><strong>significat,</strong></span> <span class='ocrx_word' id='word_1_582' title='bbox 2982 2502 3243 2588; x_wconf 87' lang='lat' dir='ltr'><strong>quidam</strong></span> <span class='ocrx_word' id='word_1_583' title='bbox 3288 2502 3371 2567; x_wconf 91' lang='lat' dir='ltr'><strong>ad</strong></span> <span class='ocrx_word' id='word_1_584' title='bbox 3415 2501 3913 2586; x_wconf 88' lang='lat' dir='ltr'><strong>prohibitionem</strong></span> <span class='ocrx_word' id='word_1_585' title='bbox 3958 2500 4399 2584; x_wconf 84' lang='lat' dir='ltr'><strong>restringunt,</strong></span> <span class='ocrx_word' id='word_1_586' title='bbox 4444 2520 4533 2564; x_wconf 89' lang='lat' dir='ltr'><strong>ne</strong></span> 
     </span>
     <span class='ocr_line' id='line_1_83' title="bbox 2596 2587 4536 2675; baseline -0.003 -20"><span class='ocrx_word' id='word_1_587' title='bbox 2596 2592 2742 2675; x_wconf 87' lang='lat' dir='ltr'><strong>quis</strong></span> <span class='ocrx_word' id='word_1_588' title='bbox 2788 2591 2870 2656; x_wconf 88' lang='lat' dir='ltr'><strong>ad</strong></span> <span class='ocrx_word' id='word_1_589' title='bbox 2914 2599 3205 2656; x_wconf 90' lang='lat' dir='ltr'><strong>montem</strong></span> <span class='ocrx_word' id='word_1_590' title='bbox 3247 2590 3513 2672; x_wconf 90' lang='lat' dir='ltr'><strong>propius</strong></span> <span class='ocrx_word' id='word_1_591' title='bbox 3556 2587 3909 2653; x_wconf 88' lang='lat' dir='ltr'><strong>accederet.</strong></span> <span class='ocrx_word' id='word_1_592' title='bbox 3995 2587 4142 2671; x_wconf 87' lang='lat' dir='ltr'><strong>Ego</strong></span> <span class='ocrx_word' id='word_1_593' title='bbox 4199 2606 4354 2651; x_wconf 82' lang='lat' dir='ltr'><strong>vero</strong></span> <span class='ocrx_word' id='word_1_594' title='bbox 4397 2606 4536 2650; x_wconf 91' lang='lat' dir='ltr'><strong>non</strong></span> 
     </span>
     <span class='ocr_line' id='line_1_84' title="bbox 2597 2670 4538 2756; baseline -0.003 -15"><span class='ocrx_word' id='word_1_595' title='bbox 2597 2676 2820 2743; x_wconf 91' lang='lat' dir='ltr'><strong>dubito</strong></span> <span class='ocrx_word' id='word_1_596' title='bbox 2862 2684 3067 2740; x_wconf 88' lang='lat' dir='ltr'><strong>totam</strong></span> <span class='ocrx_word' id='word_1_597' title='bbox 3117 2675 3479 2741; x_wconf 87' lang='lat' dir='ltr'><strong>doctrinam</strong></span> <span class='ocrx_word' id='word_1_598' title='bbox 3532 2673 3751 2745; x_wconf 89' lang='lat' dir='ltr'><strong>notari</strong></span> <span class='ocrx_word' id='word_1_599' title='bbox 3808 2693 3935 2756; x_wconf 88' lang='lat' dir='ltr'><strong>qua</strong></span> <span class='ocrx_word' id='word_1_600' title='bbox 3989 2671 4361 2740; x_wconf 89' lang='lat' dir='ltr'><strong>continetur</strong></span> <span class='ocrx_word' id='word_1_601' title='bbox 4402 2670 4538 2737; x_wconf 91' lang='lat' dir='ltr'><strong>Dei</strong></span> 
     </span>
     <span class='ocr_line' id='line_1_85' title="bbox 2595 2782 4537 2943; baseline -0.002 -30"><span class='ocrx_word' id='word_1_602' title='bbox 2595 2782 3109 2928; x_wconf 35' lang='lat' dir='ltr'><strong>lmpegffutgtique</strong></span> <span class='ocrx_word' id='word_1_603' title='bbox 3150 2846 3361 2930; x_wconf 72' lang='lat' dir='ltr'><strong>diliyit</strong></span> <span class='ocrx_word' id='word_1_604' title='bbox 3391 2846 3709 2943; x_wconf 37' lang='lat' dir='ltr'><strong>populos..</strong></span> <span class='ocrx_word' id='word_1_605' title='bbox 3771 2842 3849 2911; x_wconf 90' lang='lat' dir='ltr'><strong>Si</strong></span> <span class='ocrx_word' id='word_1_606' title='bbox 3892 2841 3973 2909; x_wconf 93' lang='lat' dir='ltr'><strong>de</strong></span> <span class='ocrx_word' id='word_1_607' title='bbox 4016 2843 4537 2941; x_wconf 39' lang='lat' dir='ltr'><strong>gentibus-acci-</strong></span> 
     </span>
     <span class='ocr_line' id='line_1_86' title="bbox 2599 2927 4539 3017; baseline -0.003 -18"><span class='ocrx_word' id='word_1_608' title='bbox 2599 2954 2754 3017; x_wconf 89' lang='lat' dir='ltr'><strong>pere</strong></span> <span class='ocrx_word' id='word_1_609' title='bbox 2796 2933 3015 3012; x_wconf 88' lang='lat' dir='ltr'><strong>libeat,</strong></span> <span class='ocrx_word' id='word_1_610' title='bbox 3059 2933 3151 2999; x_wconf 92' lang='lat' dir='ltr'><strong>sic</strong></span> <span class='ocrx_word' id='word_1_611' title='bbox 3195 2930 3576 2997; x_wconf 90' lang='lat' dir='ltr'><strong>resolvenda</strong></span> <span class='ocrx_word' id='word_1_612' title='bbox 3620 2938 3746 2995; x_wconf 78' lang='lat' dir='ltr'><strong>erit</strong></span> <span class='ocrx_word' id='word_1_613' title='bbox 3785 2930 4026 2994; x_wconf 90' lang='lat' dir='ltr'><strong>oratio:</strong></span> <span class='ocrx_word' id='word_1_614' title='bbox 4071 2928 4391 3010; x_wconf 76' lang='lat' dir='ltr'><strong>Quamvis</strong></span> <span class='ocrx_word' id='word_1_615' title='bbox 4434 2927 4539 2993; x_wconf 85' lang='lat' dir='ltr'><strong>di-</strong></span> 
     </span>
     <span class='ocr_line' id='line_1_87' title="bbox 2600 3013 4542 3103; baseline -0.002 -19"><span class='ocrx_word' id='word_1_616' title='bbox 2600 3020 2763 3103; x_wconf 89' lang='lat' dir='ltr'><strong>ligat</strong></span> <span class='ocrx_word' id='word_1_617' title='bbox 2783 3025 3048 3086; x_wconf 87' lang='lat' dir='ltr'><strong>cunctos</strong></span> <span class='ocrx_word' id='word_1_618' title='bbox 3070 3017 3395 3096; x_wconf 87' lang='lat' dir='ltr'><strong>mortales,</strong></span> <span class='ocrx_word' id='word_1_619' title='bbox 3429 3016 3742 3099; x_wconf 89' lang='lat' dir='ltr'><strong>peculiari</strong></span> <span class='ocrx_word' id='word_1_620' title='bbox 3763 3022 3986 3081; x_wconf 91' lang='lat' dir='ltr'><strong>tamen</strong></span> <span class='ocrx_word' id='word_1_621' title='bbox 4020 3016 4243 3081; x_wconf 81' lang='lat' dir='ltr'><strong>favore</strong></span> <span class='ocrx_word' id='word_1_622' title='bbox 4278 3013 4542 3099; x_wconf 88' lang='lat' dir='ltr'><strong>dignari</strong></span> 
     </span>
     <span class='ocr_line' id='line_1_88' title="bbox 2599 3100 4539 3184; baseline -0.003 -12"><span class='ocrx_word' id='word_1_623' title='bbox 2599 3112 2875 3184; x_wconf 88' lang='lat' dir='ltr'><strong>sanctos,</strong></span> <span class='ocrx_word' id='word_1_624' title='bbox 2922 3112 2996 3169; x_wconf 89' lang='lat' dir='ltr'><strong>ut</strong></span> <span class='ocrx_word' id='word_1_625' title='bbox 3038 3124 3258 3169; x_wconf 92' lang='lat' dir='ltr'><strong>eorum</strong></span> <span class='ocrx_word' id='word_1_626' title='bbox 3304 3102 3581 3169; x_wconf 86' lang='lat' dir='ltr'><strong>salutem</strong></span> <span class='ocrx_word' id='word_1_627' title='bbox 3625 3101 3974 3169; x_wconf 89' lang='lat' dir='ltr'><strong>custodiat:</strong></span> <span class='ocrx_word' id='word_1_628' title='bbox 4018 3121 4248 3168; x_wconf 83' lang='lat' dir='ltr'><strong>verum</strong></span> <span class='ocrx_word' id='word_1_629' title='bbox 4293 3100 4539 3167; x_wconf 88' lang='lat' dir='ltr'><strong>rectius</strong></span> 
     </span>
     <span class='ocr_line' id='line_1_89' title="bbox 2600 3186 4540 3274; baseline -0.003 -18"><span class='ocrx_word' id='word_1_630' title='bbox 2600 3190 2952 3274; x_wconf 86' lang='lat' dir='ltr'><strong>exponitur</strong></span> <span class='ocrx_word' id='word_1_631' title='bbox 2997 3188 3076 3255; x_wconf 91' lang='lat' dir='ltr'><strong>de</strong></span> <span class='ocrx_word' id='word_1_632' title='bbox 3119 3187 3272 3254; x_wconf 91' lang='lat' dir='ltr'><strong>solis</strong></span> <span class='ocrx_word' id='word_1_633' title='bbox 3315 3189 3621 3254; x_wconf 89' lang='lat' dir='ltr'><strong>Abrahae</strong></span> <span class='ocrx_word' id='word_1_634' title='bbox 3678 3187 3863 3266; x_wconf 88' lang='lat' dir='ltr'><strong>filiis,</strong></span> <span class='ocrx_word' id='word_1_635' title='bbox 3921 3207 4080 3270; x_wconf 91' lang='lat' dir='ltr'><strong>quos</strong></span> <span class='ocrx_word' id='word_1_636' title='bbox 4137 3186 4284 3251; x_wconf 91' lang='lat' dir='ltr'><strong>ideo</strong></span> <span class='ocrx_word' id='word_1_637' title='bbox 4343 3196 4540 3253; x_wconf 85' lang='lat' dir='ltr'><strong>vocat</strong></span> 
     </span>
     <span class='ocr_line' id='line_1_90' title="bbox 2601 3273 4543 3360; baseline -0.002 -19"><span class='ocrx_word' id='word_1_638' title='bbox 2601 3276 2905 3360; x_wconf 92' lang='lat' dir='ltr'><strong>populos:</strong></span> <span class='ocrx_word' id='word_1_639' title='bbox 2949 3276 3100 3359; x_wconf 90' lang='lat' dir='ltr'><strong>quia</strong></span> <span class='ocrx_word' id='word_1_640' title='bbox 3132 3276 3213 3341; x_wconf 93' lang='lat' dir='ltr'><strong>ob</strong></span> <span class='ocrx_word' id='word_1_641' title='bbox 3250 3273 3737 3340; x_wconf 89' lang='lat' dir='ltr'><strong>multitudinem</strong></span> <span class='ocrx_word' id='word_1_642' title='bbox 3771 3274 3842 3337; x_wconf 92' lang='lat' dir='ltr'><strong>in</strong></span> <span class='ocrx_word' id='word_1_643' title='bbox 3882 3292 4078 3355; x_wconf 87' lang='lat' dir='ltr'><strong>quam</strong></span> <span class='ocrx_word' id='word_1_644' title='bbox 4113 3279 4543 3339; x_wconf 85' lang='lat' dir='ltr'><strong>excreverant</strong></span> 
     </span>
     <span class='ocr_line' id='line_1_91' title="bbox 2599 3356 4538 3444; baseline -0.002 -18"><span class='ocrx_word' id='word_1_645' title='bbox 2599 3363 2672 3426; x_wconf 94' lang='lat' dir='ltr'><strong>in</strong></span> <span class='ocrx_word' id='word_1_646' title='bbox 2728 3362 2942 3427; x_wconf 88' lang='lat' dir='ltr'><strong>tribus</strong></span> <span class='ocrx_word' id='word_1_647' title='bbox 3000 3360 3228 3439; x_wconf 85' lang='lat' dir='ltr'><strong>divisi,</strong></span> <span class='ocrx_word' id='word_1_648' title='bbox 3279 3368 3581 3444; x_wconf 89' lang='lat' dir='ltr'><strong>poterant</strong></span> <span class='ocrx_word' id='word_1_649' title='bbox 3638 3358 3888 3425; x_wconf 89' lang='lat' dir='ltr'><strong>censeri</strong></span> <span class='ocrx_word' id='word_1_650' title='bbox 3951 3356 4220 3423; x_wconf 89' lang='lat' dir='ltr'><strong>totidem</strong></span> <span class='ocrx_word' id='word_1_651' title='bbox 4285 3372 4538 3442; x_wconf 87' lang='lat' dir='ltr'><strong>gentes.</strong></span> 
     </span>
     <span class='ocr_line' id='line_1_92' title="bbox 2601 3443 4539 3539; baseline -0.004 -26"><span class='ocrx_word' id='word_1_652' title='bbox 2601 3446 2928 3528; x_wconf 83' lang='lat' dir='ltr'><strong>Quoniam</strong></span> <span class='ocrx_word' id='word_1_653' title='bbox 2979 3454 3198 3512; x_wconf 90' lang='lat' dir='ltr'><strong>autem</strong></span> <span class='ocrx_word' id='word_1_654' title='bbox 3253 3444 3573 3529; x_wconf 90' lang='lat' dir='ltr'><strong>particula</strong></span> <span class='ocrx_word' id='word_1_655' title='bbox 3615 3458 3704 3539; x_wconf 61' lang='grc' dir='ltr'><strong>ἢκ</strong></span> <span class='ocrx_word' id='word_1_656' title='bbox 3755 3444 4278 3528; x_wconf 90' lang='lat' dir='ltr'><strong>prorogationem</strong></span> <span class='ocrx_word' id='word_1_657' title='bbox 4330 3443 4539 3528; x_wconf 84' lang='lat' dir='ltr'><strong>signi-</strong></span> 
     </span>
     <span class='ocr_line' id='line_1_93' title="bbox 2598 3530 4541 3616; baseline -0.002 -18"><span class='ocrx_word' id='word_1_658' title='bbox 2598 3535 2784 3613; x_wconf 91' lang='lat' dir='ltr'><strong>ficat,</strong></span> <span class='ocrx_word' id='word_1_659' title='bbox 2842 3533 3014 3598; x_wconf 88' lang='lat' dir='ltr'><strong>sicut</strong></span> <span class='ocrx_word' id='word_1_660' title='bbox 3068 3531 3242 3616; x_wconf 88' lang='lat' dir='ltr'><strong>apud</strong></span> <span class='ocrx_word' id='word_1_661' title='bbox 3283 3531 3561 3598; x_wconf 86' lang='lat' dir='ltr'><strong>Latinos</strong></span> <span class='ocrx_word' id='word_1_662' title='bbox 3603 3530 3862 3607; x_wconf 91' lang='lat' dir='ltr'><strong>Adhuc,</strong></span> <span class='ocrx_word' id='word_1_663' title='bbox 3907 3530 4148 3613; x_wconf 89' lang='lat' dir='ltr'><strong>optime</strong></span> <span class='ocrx_word' id='word_1_664' title='bbox 4190 3530 4541 3596; x_wconf 82' lang='lat' dir='ltr'><strong>conveniet</strong></span> 
     </span>
     <span class='ocr_line' id='line_1_94' title="bbox 2599 3615 4541 3700; baseline -0.002 -16"><span class='ocrx_word' id='word_1_665' title='bbox 2599 3637 2862 3684; x_wconf 85' lang='lat' dir='ltr'><strong>sensus:</strong></span> <span class='ocrx_word' id='word_1_666' title='bbox 2942 3617 3259 3700; x_wconf 87' lang='lat' dir='ltr'><strong>Quamvis</strong></span> <span class='ocrx_word' id='word_1_667' title='bbox 3322 3618 3391 3683; x_wconf 90' lang='lat' dir='ltr'><strong>in</strong></span> <span class='ocrx_word' id='word_1_668' title='bbox 3456 3617 3696 3683; x_wconf 87' lang='lat' dir='ltr'><strong>multas</strong></span> <span class='ocrx_word' id='word_1_669' title='bbox 3760 3617 3996 3699; x_wconf 87' lang='lat' dir='ltr'><strong>stirpes</strong></span> <span class='ocrx_word' id='word_1_670' title='bbox 4062 3615 4340 3699; x_wconf 86' lang='lat' dir='ltr'><strong>dispersi</strong></span> <span class='ocrx_word' id='word_1_671' title='bbox 4402 3616 4541 3680; x_wconf 89' lang='lat' dir='ltr'><strong>sint</strong></span> 
     </span>
     <span class='ocr_line' id='line_1_95' title="bbox 2598 3700 4543 3786; baseline -0.002 -16"><span class='ocrx_word' id='word_1_672' title='bbox 2598 3703 2907 3771; x_wconf 88' lang='lat' dir='ltr'><strong>Abrahae</strong></span> <span class='ocrx_word' id='word_1_673' title='bbox 2961 3703 3238 3786; x_wconf 89' lang='lat' dir='ltr'><strong>posteri,</strong></span> <span class='ocrx_word' id='word_1_674' title='bbox 3294 3711 3371 3769; x_wconf 89' lang='lat' dir='ltr'><strong>ut</strong></span> <span class='ocrx_word' id='word_1_675' title='bbox 3422 3702 3634 3771; x_wconf 82' lang='lat' dir='ltr'><strong>videri</strong></span> <span class='ocrx_word' id='word_1_676' title='bbox 3676 3701 3929 3785; x_wconf 88' lang='lat' dir='ltr'><strong>possint</strong></span> <span class='ocrx_word' id='word_1_677' title='bbox 3971 3700 4237 3767; x_wconf 87' lang='lat' dir='ltr'><strong>alienati</strong></span> <span class='ocrx_word' id='word_1_678' title='bbox 4280 3700 4364 3767; x_wconf 91' lang='lat' dir='ltr'><strong>ab</strong></span> <span class='ocrx_word' id='word_1_679' title='bbox 4407 3721 4543 3766; x_wconf 85' lang='lat' dir='ltr'><strong>una</strong></span> 
     </span>
     <span class='ocr_line' id='line_1_96' title="bbox 2597 3788 4541 3871; baseline -0.001 -17"><span class='ocrx_word' id='word_1_680' title='bbox 2597 3790 2880 3858; x_wconf 84' lang='lat' dir='ltr'><strong>familia:</strong></span> <span class='ocrx_word' id='word_1_681' title='bbox 2924 3788 3144 3855; x_wconf 90' lang='lat' dir='ltr'><strong>Deum</strong></span> <span class='ocrx_word' id='word_1_682' title='bbox 3190 3800 3410 3855; x_wconf 89' lang='lat' dir='ltr'><strong>tamen</strong></span> <span class='ocrx_word' id='word_1_683' title='bbox 3455 3788 3669 3855; x_wconf 90' lang='lat' dir='ltr'><strong>adhuc</strong></span> <span class='ocrx_word' id='word_1_684' title='bbox 3713 3808 3933 3853; x_wconf 89' lang='lat' dir='ltr'><strong>amore</strong></span> <span class='ocrx_word' id='word_1_685' title='bbox 3975 3808 4094 3853; x_wconf 92' lang='lat' dir='ltr'><strong>suo</strong></span> <span class='ocrx_word' id='word_1_686' title='bbox 4126 3808 4353 3853; x_wconf 91' lang='lat' dir='ltr'><strong>omnes</strong></span> <span class='ocrx_word' id='word_1_687' title='bbox 4387 3809 4541 3871; x_wconf 89' lang='lat' dir='ltr'><strong>pro·</strong></span> 
     </span>
     <span class='ocr_line' id='line_1_97' title="bbox 2599 3872 4542 3959; baseline -0.002 -18"><span class='ocrx_word' id='word_1_688' title='bbox 2599 3876 2780 3959; x_wconf 92' lang='lat' dir='ltr'><strong>sequi</strong></span> <span class='ocrx_word' id='word_1_689' title='bbox 2798 3926 2816 3956; x_wconf 95' lang='lat'><strong>,</strong></span> <span class='ocrx_word' id='word_1_690' title='bbox 2883 3896 3002 3942; x_wconf 90' lang='lat' dir='ltr'><strong>nec</strong></span> <span class='ocrx_word' id='word_1_691' title='bbox 3063 3874 3491 3959; x_wconf 89' lang='lat' dir='ltr'><strong>multiplicem</strong></span> <span class='ocrx_word' id='word_1_692' title='bbox 3553 3872 3816 3939; x_wconf 88' lang='lat' dir='ltr'><strong>turbam</strong></span> <span class='ocrx_word' id='word_1_693' title='bbox 3881 3874 4133 3939; x_wconf 84' lang='lat' dir='ltr'><strong>obstare</strong></span> <span class='ocrx_word' id='word_1_694' title='bbox 4188 3873 4542 3956; x_wconf 89' lang='lat' dir='ltr'><strong>quominus</strong></span> 
     </span>
     <span class='ocr_line' id='line_1_98' title="bbox 2602 3958 4542 4045; baseline -0.002 -18"><span class='ocrx_word' id='word_1_695' title='bbox 2602 3982 2804 4027; x_wconf 90' lang='lat' dir='ltr'><strong>unum</strong></span> <span class='ocrx_word' id='word_1_696' title='bbox 2868 3982 3101 4045; x_wconf 88' lang='lat' dir='ltr'><strong>corpus</strong></span> <span class='ocrx_word' id='word_1_697' title='bbox 3166 3962 3341 4044; x_wconf 89' lang='lat' dir='ltr'><strong>ipsos</strong></span> <span class='ocrx_word' id='word_1_698' title='bbox 3406 3968 3687 4026; x_wconf 89' lang='lat' dir='ltr'><strong>censeat.</strong></span> <span class='ocrx_word' id='word_1_699' title='bbox 3790 3958 4069 4025; x_wconf 89' lang='lat' dir='ltr'><strong>Summa</strong></span> <span class='ocrx_word' id='word_1_700' title='bbox 4134 3969 4266 4039; x_wconf 90' lang='lat' dir='ltr'><strong>est,</strong></span> <span class='ocrx_word' id='word_1_701' title='bbox 4328 3979 4542 4041; x_wconf 90' lang='lat' dir='ltr'><strong>neque</strong></span> 
     </span>
     <span class='ocr_line' id='line_1_99' title="bbox 2601 4044 4540 4131; baseline -0.002 -18"><span class='ocrx_word' id='word_1_702' title='bbox 2601 4048 2911 4130; x_wconf 88' lang='lat' dir='ltr'><strong>temporis</strong></span> <span class='ocrx_word' id='word_1_703' title='bbox 2952 4067 3333 4131; x_wconf 89' lang='lat' dir='ltr'><strong>progressu,</strong></span> <span class='ocrx_word' id='word_1_704' title='bbox 3389 4067 3601 4130; x_wconf 91' lang='lat' dir='ltr'><strong>neque</strong></span> <span class='ocrx_word' id='word_1_705' title='bbox 3645 4045 4067 4111; x_wconf 90' lang='lat' dir='ltr'><strong>incrementis</strong></span> <span class='ocrx_word' id='word_1_706' title='bbox 4108 4044 4365 4128; x_wconf 91' lang='lat' dir='ltr'><strong>populi,</strong></span> <span class='ocrx_word' id='word_1_707' title='bbox 4421 4066 4540 4110; x_wconf 79' lang='lat' dir='ltr'><strong>ex-</strong></span> 
     </span>
     <span class='ocr_line' id='line_1_100' title="bbox 2600 4129 4544 4227; baseline -0.001 -30"><span class='ocrx_word' id='word_1_708' title='bbox 2600 4133 2907 4198; x_wconf 90' lang='lat' dir='ltr'><strong>stinctam</strong></span> <span class='ocrx_word' id='word_1_709' title='bbox 2942 4153 3085 4221; x_wconf 75' lang='lat' dir='ltr'><strong>esse</strong></span> <span class='ocrx_word' id='word_1_710' title='bbox 3117 4130 3246 4199; x_wconf 91' lang='lat' dir='ltr'><strong>Dei</strong></span> <span class='ocrx_word' id='word_1_711' title='bbox 3280 4133 3593 4227; x_wconf 84' lang='lat' dir='ltr'><strong>gratiam:</strong></span> <span class='ocrx_word' id='word_1_712' title='bbox 3640 4129 3753 4196; x_wconf 89' lang='lat' dir='ltr'><strong>sed</strong></span> <span class='ocrx_word' id='word_1_713' title='bbox 3788 4131 4168 4196; x_wconf 89' lang='lat' dir='ltr'><strong>continuam</strong></span> <span class='ocrx_word' id='word_1_714' title='bbox 4201 4130 4339 4195; x_wconf 87' lang='lat' dir='ltr'><strong>fore</strong></span> <span class='ocrx_word' id='word_1_715' title='bbox 4381 4149 4544 4215; x_wconf 85' lang='lat' dir='ltr'><strong>erga</strong></span> 
     </span>
     <span class='ocr_line' id='line_1_101' title="bbox 2599 4215 4543 4303; baseline -0.002 -20"><span class='ocrx_word' id='word_1_716' title='bbox 2599 4239 2807 4303; x_wconf 89' lang='lat' dir='ltr'><strong>genus</strong></span> <span class='ocrx_word' id='word_1_717' title='bbox 2828 4219 3154 4298; x_wconf 85' lang='lat' dir='ltr'><strong>Abrahae,</strong></span> <span class='ocrx_word' id='word_1_718' title='bbox 3198 4218 3550 4302; x_wconf 88' lang='lat' dir='ltr'><strong>quamlibet</strong></span> <span class='ocrx_word' id='word_1_719' title='bbox 3585 4218 3778 4301; x_wconf 91' lang='lat' dir='ltr'><strong>longe</strong></span> <span class='ocrx_word' id='word_1_720' title='bbox 3813 4215 4070 4300; x_wconf 90' lang='lat' dir='ltr'><strong>lateque</strong></span> <span class='ocrx_word' id='word_1_721' title='bbox 4110 4223 4543 4300; x_wconf 87' lang='lat' dir='ltr'><strong>propagatum</strong></span> 
     </span>
     <span class='ocr_line' id='line_1_102' title="bbox 2598 4301 4548 4387; baseline -0.001 -19"><span class='ocrx_word' id='word_1_722' title='bbox 2598 4305 2811 4369; x_wconf 87' lang='lat' dir='ltr'><strong>fuerit.</strong></span> <span class='ocrx_word' id='word_1_723' title='bbox 2914 4303 3289 4370; x_wconf 87' lang='lat' dir='ltr'><strong>Notandum</strong></span> <span class='ocrx_word' id='word_1_724' title='bbox 3348 4314 3568 4370; x_wconf 89' lang='lat' dir='ltr'><strong>autem</strong></span> <span class='ocrx_word' id='word_1_725' title='bbox 3625 4314 3752 4382; x_wconf 89' lang='lat' dir='ltr'><strong>est,</strong></span> <span class='ocrx_word' id='word_1_726' title='bbox 3824 4302 3998 4387; x_wconf 91' lang='lat' dir='ltr'><strong>quod</strong></span> <span class='ocrx_word' id='word_1_727' title='bbox 4061 4322 4218 4367; x_wconf 84' lang='lat' dir='ltr'><strong>mox</strong></span> <span class='ocrx_word' id='word_1_728' title='bbox 4279 4301 4548 4367; x_wconf 89' lang='lat' dir='ltr'><strong>additur</strong></span> 
     </span>
     <span class='ocr_line' id='line_1_103' title="bbox 2600 4386 4543 4474; baseline 0 -21"><span class='ocrx_word' id='word_1_729' title='bbox 2600 4390 2841 4455; x_wconf 89' lang='lat' dir='ltr'><strong>amoris</strong></span> <span class='ocrx_word' id='word_1_730' title='bbox 2886 4391 3179 4474; x_wconf 89' lang='lat' dir='ltr'><strong>signum,</strong></span> <span class='ocrx_word' id='word_1_731' title='bbox 3238 4411 3381 4457; x_wconf 90' lang='lat' dir='ltr'><strong>esse</strong></span> <span class='ocrx_word' id='word_1_732' title='bbox 3432 4389 3680 4456; x_wconf 90' lang='lat' dir='ltr'><strong>scilicet</strong></span> <span class='ocrx_word' id='word_1_733' title='bbox 3734 4389 3804 4453; x_wconf 92' lang='lat' dir='ltr'><strong>in</strong></span> <span class='ocrx_word' id='word_1_734' title='bbox 3864 4408 4064 4453; x_wconf 89' lang='lat' dir='ltr'><strong>manu</strong></span> <span class='ocrx_word' id='word_1_735' title='bbox 4110 4386 4258 4454; x_wconf 92' lang='lat' dir='ltr'><strong>Dei.</strong></span> <span class='ocrx_word' id='word_1_736' title='bbox 4344 4387 4543 4455; x_wconf 88' lang='lat' dir='ltr'><strong>Unde</strong></span> 
     </span>
     <span class='ocr_line' id='line_1_104' title="bbox 2599 4473 4541 4560; baseline -0.001 -19"><span class='ocrx_word' id='word_1_737' title='bbox 2599 4475 2983 4560; x_wconf 89' lang='lat' dir='ltr'><strong>colligimus,</strong></span> <span class='ocrx_word' id='word_1_738' title='bbox 3019 4499 3101 4542; x_wconf 81' lang='lat' dir='ltr'><strong>ex</strong></span> <span class='ocrx_word' id='word_1_739' title='bbox 3135 4496 3263 4558; x_wconf 90' lang='lat' dir='ltr'><strong>quo</strong></span> <span class='ocrx_word' id='word_1_740' title='bbox 3299 4496 3419 4542; x_wconf 91' lang='lat' dir='ltr'><strong>nos</strong></span> <span class='ocrx_word' id='word_1_741' title='bbox 3440 4476 3783 4559; x_wconf 80' lang='lat' dir='ltr'><strong>amplexus</strong></span> <span class='ocrx_word' id='word_1_742' title='bbox 3805 4484 3905 4540; x_wconf 87' lang='lat' dir='ltr'><strong>est</strong></span> <span class='ocrx_word' id='word_1_743' title='bbox 3927 4474 4114 4539; x_wconf 92' lang='lat' dir='ltr'><strong>Deus</strong></span> <span class='ocrx_word' id='word_1_744' title='bbox 4138 4473 4212 4538; x_wconf 90' lang='lat' dir='ltr'><strong>in</strong></span> <span class='ocrx_word' id='word_1_745' title='bbox 4236 4474 4541 4558; x_wconf 88' lang='lat' dir='ltr'><strong>gratiam,</strong></span> 
     </span>
     <span class='ocr_line' id='line_1_105' title="bbox 2601 4559 4544 4628; baseline -0.002 0"><span class='ocrx_word' id='word_1_746' title='bbox 2601 4571 2851 4628; x_wconf 92' lang='lat' dir='ltr'><strong>certum</strong></span> <span class='ocrx_word' id='word_1_747' title='bbox 2893 4562 3031 4627; x_wconf 84' lang='lat' dir='ltr'><strong>fore</strong></span> <span class='ocrx_word' id='word_1_748' title='bbox 3075 4561 3306 4625; x_wconf 88' lang='lat' dir='ltr'><strong>salutis</strong></span> <span class='ocrx_word' id='word_1_749' title='bbox 3347 4569 3611 4627; x_wconf 85' lang='lat' dir='ltr'><strong>nostrae</strong></span> <span class='ocrx_word' id='word_1_750' title='bbox 3652 4560 4019 4627; x_wconf 91' lang='lat' dir='ltr'><strong>custodem:</strong></span> <span class='ocrx_word' id='word_1_751' title='bbox 4079 4559 4254 4624; x_wconf 90' lang='lat' dir='ltr'><strong>unde</strong></span> <span class='ocrx_word' id='word_1_752' title='bbox 4296 4561 4544 4624; x_wconf 87' lang='lat' dir='ltr'><strong>iterum</strong></span> 
     </span>
     <span class='ocr_line' id='line_1_106' title="bbox 2600 4644 4543 4713; baseline -0.002 0"><span class='ocrx_word' id='word_1_753' title='bbox 2600 4648 2891 4713; x_wconf 90' lang='lat' dir='ltr'><strong>nascitur</strong></span> <span class='ocrx_word' id='word_1_754' title='bbox 2932 4645 3176 4711; x_wconf 90' lang='lat' dir='ltr'><strong>solidae</strong></span> <span class='ocrx_word' id='word_1_755' title='bbox 3220 4654 3287 4711; x_wconf 88' lang='lat' dir='ltr'><strong>et</strong></span> <span class='ocrx_word' id='word_1_756' title='bbox 3329 4655 3632 4712; x_wconf 87' lang='lat' dir='ltr'><strong>aeternae</strong></span> <span class='ocrx_word' id='word_1_757' title='bbox 3691 4646 3863 4712; x_wconf 87' lang='lat' dir='ltr'><strong>vitae</strong></span> <span class='ocrx_word' id='word_1_758' title='bbox 3904 4644 4165 4712; x_wconf 90' lang='lat' dir='ltr'><strong>fiducia.</strong></span> <span class='ocrx_word' id='word_1_759' title='bbox 4255 4644 4543 4710; x_wconf 86' lang='lat' dir='ltr'><strong>Mutatio</strong></span> 
     </span>
     <span class='ocr_line' id='line_1_107' title="bbox 2599 4730 4543 4815; baseline -0.001 -18"><span class='ocrx_word' id='word_1_760' title='bbox 2599 4751 2916 4815; x_wconf 91' lang='lat' dir='ltr'><strong>personae</strong></span> <span class='ocrx_word' id='word_1_761' title='bbox 2971 4751 3237 4798; x_wconf 88' lang='lat' dir='ltr'><strong>sensum</strong></span> <span class='ocrx_word' id='word_1_762' title='bbox 3293 4752 3426 4797; x_wconf 90' lang='lat' dir='ltr'><strong>non</strong></span> <span class='ocrx_word' id='word_1_763' title='bbox 3494 4731 3795 4799; x_wconf 89' lang='lat' dir='ltr'><strong>obscurat</strong></span> <span class='ocrx_word' id='word_1_764' title='bbox 3811 4782 3827 4810; x_wconf 96' lang='lat'><strong>,</strong></span> <span class='ocrx_word' id='word_1_765' title='bbox 3897 4730 4053 4795; x_wconf 89' lang='lat' dir='ltr'><strong>dum</strong></span> <span class='ocrx_word' id='word_1_766' title='bbox 4106 4752 4147 4797; x_wconf 90' lang='lat' dir='ltr'><strong>a</strong></span> <span class='ocrx_word' id='word_1_767' title='bbox 4204 4730 4396 4796; x_wconf 87' lang='lat' dir='ltr'><strong>tertia</strong></span> <span class='ocrx_word' id='word_1_768' title='bbox 4453 4731 4543 4796; x_wconf 88' lang='lat' dir='ltr'><strong>ad</strong></span> 
     </span>
     <span class='ocr_line' id='line_1_108' title="bbox 2599 4815 4546 4899; baseline -0.001 -16"><span class='ocrx_word' id='word_1_769' title='bbox 2599 4815 2953 4884; x_wconf 86' lang='lat' dir='ltr'><strong>secundam</strong></span> <span class='ocrx_word' id='word_1_770' title='bbox 3007 4817 3263 4884; x_wconf 87' lang='lat' dir='ltr'><strong>transit.</strong></span> <span class='ocrx_word' id='word_1_771' title='bbox 3365 4817 3619 4884; x_wconf 91' lang='lat' dir='ltr'><strong>Verum</strong></span> <span class='ocrx_word' id='word_1_772' title='bbox 3679 4816 3832 4899; x_wconf 84' lang='lat' dir='ltr'><strong>quia</strong></span> <span class='ocrx_word' id='word_1_773' title='bbox 3887 4815 4186 4883; x_wconf 90' lang='lat' dir='ltr'><strong>fidelibus</strong></span> <span class='ocrx_word' id='word_1_774' title='bbox 4243 4817 4546 4899; x_wconf 88' lang='lat' dir='ltr'><strong>permisti</strong></span> 
     </span>
     <span class='ocr_line' id='line_1_109' title="bbox 2599 4902 4542 4988; baseline 0.001 -21"><span class='ocrx_word' id='word_1_775' title='bbox 2599 4912 2788 4968; x_wconf 89' lang='lat' dir='ltr'><strong>erant</strong></span> <span class='ocrx_word' id='word_1_776' title='bbox 2822 4902 3012 4968; x_wconf 88' lang='lat' dir='ltr'><strong>multi</strong></span> <span class='ocrx_word' id='word_1_777' title='bbox 3049 4903 3448 4988; x_wconf 82' lang='lat' dir='ltr'><strong>hypocritae,</strong></span> <span class='ocrx_word' id='word_1_778' title='bbox 3491 4912 3567 4969; x_wconf 93' lang='lat' dir='ltr'><strong>ut</strong></span> <span class='ocrx_word' id='word_1_779' title='bbox 3602 4902 3874 4970; x_wconf 89' lang='lat' dir='ltr'><strong>ecclesia</strong></span> <span class='ocrx_word' id='word_1_780' title='bbox 3894 4902 4023 4968; x_wconf 92' lang='lat' dir='ltr'><strong>Dei</strong></span> <span class='ocrx_word' id='word_1_781' title='bbox 4058 4924 4317 4987; x_wconf 89' lang='lat' dir='ltr'><strong>semper</strong></span> <span class='ocrx_word' id='word_1_782' title='bbox 4350 4922 4542 4968; x_wconf 87' lang='lat' dir='ltr'><strong>areae</strong></span> 
     </span>
     <span class='ocr_line' id='line_1_110' title="bbox 2599 4987 4546 5075; baseline 0.001 -22"><span class='ocrx_word' id='word_1_783' title='bbox 2599 4989 2724 5054; x_wconf 82' lang='lat' dir='ltr'><strong>fuit</strong></span> <span class='ocrx_word' id='word_1_784' title='bbox 2766 4989 3019 5067; x_wconf 90' lang='lat' dir='ltr'><strong>similis,</strong></span> <span class='ocrx_word' id='word_1_785' title='bbox 3063 4989 3460 5075; x_wconf 88' lang='lat' dir='ltr'><strong>singularem</strong></span> <span class='ocrx_word' id='word_1_786' title='bbox 3501 4989 3673 5055; x_wconf 89' lang='lat' dir='ltr'><strong>hanc</strong></span> <span class='ocrx_word' id='word_1_787' title='bbox 3707 4988 3838 5054; x_wconf 92' lang='lat' dir='ltr'><strong>Dei</strong></span> <span class='ocrx_word' id='word_1_788' title='bbox 3872 4988 4151 5071; x_wconf 87' lang='lat' dir='ltr'><strong>gratiam</strong></span> <span class='ocrx_word' id='word_1_789' title='bbox 4195 4987 4546 5073; x_wconf 85' lang='lat' dir='ltr'><strong>privilegio</strong></span> 
     </span>
     <span class='ocr_line' id='line_1_111' title="bbox 2600 5073 4546 5158; baseline -0.001 -18"><span class='ocrx_word' id='word_1_790' title='bbox 2600 5074 2684 5140; x_wconf 92' lang='lat' dir='ltr'><strong>ad</strong></span> <span class='ocrx_word' id='word_1_791' title='bbox 2729 5095 2836 5141; x_wconf 90' lang='lat' dir='ltr'><strong>eos</strong></span> <span class='ocrx_word' id='word_1_792' title='bbox 2881 5074 3118 5140; x_wconf 90' lang='lat' dir='ltr'><strong>restrin</strong></span> <span class='ocrx_word' id='word_1_793' title='bbox 3169 5076 3222 5140; x_wconf 92' lang='lat' dir='ltr'><strong>it</strong></span> <span class='ocrx_word' id='word_1_794' title='bbox 3264 5077 3517 5151; x_wconf 89' lang='lat' dir='ltr'><strong>Moses,</strong></span> <span class='ocrx_word' id='word_1_795' title='bbox 3562 5075 3673 5158; x_wconf 90' lang='lat' dir='ltr'><strong>qui</strong></span> <span class='ocrx_word' id='word_1_796' title='bbox 3717 5095 3788 5139; x_wconf 91' lang='lat' dir='ltr'><strong>se</strong></span> <span class='ocrx_word' id='word_1_797' title='bbox 3831 5074 3973 5140; x_wconf 90' lang='lat' dir='ltr'><strong>Deo</strong></span> <span class='ocrx_word' id='word_1_798' title='bbox 4017 5073 4298 5139; x_wconf 88' lang='lat' dir='ltr'><strong>libenter</strong></span> <span class='ocrx_word' id='word_1_799' title='bbox 4340 5074 4546 5142; x_wconf 90' lang='lat' dir='ltr'><strong>subii-</strong></span> 
     </span>
     <span class='ocr_line' id='line_1_112' title="bbox 2599 5159 4550 5244; baseline 0 -20"><span class='ocrx_word' id='word_1_800' title='bbox 2599 5159 2798 5240; x_wconf 92' lang='lat' dir='ltr'><strong>ciunt,</strong></span> <span class='ocrx_word' id='word_1_801' title='bbox 2843 5169 2912 5225; x_wconf 90' lang='lat' dir='ltr'><strong>et</strong></span> <span class='ocrx_word' id='word_1_802' title='bbox 2953 5160 3064 5242; x_wconf 92' lang='lat' dir='ltr'><strong>pia</strong></span> <span class='ocrx_word' id='word_1_803' title='bbox 3150 5161 3436 5227; x_wconf 89' lang='lat' dir='ltr'><strong>oeilitate</strong></span> <span class='ocrx_word' id='word_1_804' title='bbox 3470 5160 3931 5244; x_wconf 83' lang='lat' dir='ltr'><strong>amplexantur</strong></span> <span class='ocrx_word' id='word_1_805' title='bbox 3964 5161 4105 5226; x_wconf 91' lang='lat' dir='ltr'><strong>eius</strong></span> <span class='ocrx_word' id='word_1_806' title='bbox 4144 5160 4550 5227; x_wconf 89' lang='lat' dir='ltr'><strong>doctrinam:</strong></span> 
     </span>
     <span class='ocr_line' id='line_1_113' title="bbox 2602 5244 3495 5328; baseline 0 -17"><span class='ocrx_word' id='word_1_807' title='bbox 2602 5265 2731 5328; x_wconf 90' lang='lat' dir='ltr'><strong>qua</strong></span> <span class='ocrx_word' id='word_1_808' title='bbox 2772 5254 2932 5311; x_wconf 88' lang='lat' dir='ltr'><strong>nota</strong></span> <span class='ocrx_word' id='word_1_809' title='bbox 2974 5244 3282 5313; x_wconf 88' lang='lat' dir='ltr'><strong>discernit</strong></span> <span class='ocrx_word' id='word_1_810' title='bbox 3324 5248 3495 5312; x_wconf 90' lang='lat' dir='ltr'><strong>inter</strong></span> 
     </span>
    </p>
   </div>
   <div class='ocr_carea' id='block_1_10' title="bbox 2597 5245 4550 5416">
    <p class='ocr_par' dir='ltr' id='par_1_11' title="bbox 2597 5245 4550 5416">
     <span class='ocr_line' id='line_1_114' title="bbox 3584 5245 4550 5330; baseline 0.001 -20"><span class='ocrx_word' id='word_1_811' title='bbox 3584 5245 3858 5311; x_wconf 89' lang='lat' dir='ltr'><strong>enuinos</strong></span> <span class='ocrx_word' id='word_1_812' title='bbox 3893 5246 4021 5311; x_wconf 91' lang='lat' dir='ltr'><strong>Dei</strong></span> <span class='ocrx_word' id='word_1_813' title='bbox 4054 5246 4240 5326; x_wconf 90' lang='lat' dir='ltr'><strong>filios,</strong></span> <span class='ocrx_word' id='word_1_814' title='bbox 4285 5253 4351 5312; x_wconf 91' lang='lat' dir='ltr'><strong>et</strong></span> <span class='ocrx_word' id='word_1_815' title='bbox 4392 5266 4550 5330; x_wconf 87' lang='lat' dir='ltr'><strong>spu-</strong></span> 
     </span>
     <span class='ocr_line' id='line_1_115' title="bbox 2597 5330 3512 5416; baseline -0.001 -19"><span class='ocrx_word' id='word_1_816' title='bbox 2597 5332 2730 5398; x_wconf 90' lang='lat' dir='ltr'><strong>rios</strong></span> <span class='ocrx_word' id='word_1_817' title='bbox 2764 5342 2878 5397; x_wconf 88' lang='lat' dir='ltr'><strong>aut</strong></span> <span class='ocrx_word' id='word_1_818' title='bbox 2915 5330 3285 5416; x_wconf 88' lang='lat' dir='ltr'><strong>degeneres,</strong></span> <span class='ocrx_word' id='word_1_819' title='bbox 3330 5333 3444 5416; x_wconf 91' lang='lat' dir='ltr'><strong>qui</strong></span> <span class='ocrx_word' id='word_1_820' title='bbox 3481 5332 3512 5396; x_wconf 91' lang='lat' dir='ltr'>f</span> 
     </span>
    </p>
   </div>
   <div class='ocr_carea' id='block_1_11' title="bbox 3607 5331 4545 5417">
    <p class='ocr_par' dir='ltr' id='par_1_12' title="bbox 3607 5331 4545 5417">
     <span class='ocr_line' id='line_1_116' title="bbox 3607 5331 4545 5417; baseline 0 -19"><span class='ocrx_word' id='word_1_821' title='bbox 3607 5352 3644 5398; x_wconf 96' lang='lat' dir='ltr'><strong>o</strong></span> <span class='ocrx_word' id='word_1_822' title='bbox 3677 5339 4073 5417; x_wconf 84' lang='lat' dir='ltr'><strong>praetexunt</strong></span> <span class='ocrx_word' id='word_1_823' title='bbox 4105 5331 4246 5398; x_wconf 89' lang='lat' dir='ltr'><strong>eius</strong></span> <span class='ocrx_word' id='word_1_824' title='bbox 4280 5351 4545 5398; x_wconf 88' lang='lat' dir='ltr'><strong>nomen.</strong></span> 
     </span>
    </p>
   </div>
   <div class='ocr_carea' id='block_1_12' title="bbox 4944 222 4989 6113">
    <p class='ocr_par' dir='ltr' id='par_1_13' title="bbox 4944 222 4989 6113">
     <span class='ocr_line' id='line_1_117' title="bbox 4944 222 4989 6113; baseline 0 0"><span class='ocrx_word' id='word_1_825' title='bbox 4944 222 4989 6113; x_wconf 95' lang='lat' dir='ltr'><strong> </strong></span> 
     </span>
    </p>
   </div>
  </div>
 </body>
</html>
