5017 6142
445 435 579 504 385

449 634 582 704 Ubi
624 633 969 702 vertimus:
1035 631 1175 716 Ipsi
1229 630 1671 698 adhaeserunt
1726 631 1999 715 pedibus
2055 634 2216 712 tuis,
2280 632 2395 699 alii

449 721 893 789 transferunt:
928 718 1234 786 Percussi
1270 726 1424 785 sunt
1459 716 1543 783 ad
1577 717 1775 800 pedes
1810 728 1984 785 tuos:
2023 718 2138 786 sed
2174 724 2393 788 coacte

449 827 599 874 meo
665 804 920 872 iudicio.
1030 804 1321 871 Eliciunt
1388 802 1646 888 quidem
1713 804 1940 870 utilem
2005 803 2392 884 doctrinam,

449 892 678 960 ferulis
732 891 1040 958 subactos
1098 909 1241 957 esse
1298 898 1375 955 ut
1417 890 1559 955 Deo
1614 898 1946 973 parerent:
2003 889 2115 956 sed
2176 890 2393 974 potius

451 981 647 1047 ducta
680 986 779 1044 est
813 974 1195 1061 metaphora
1216 997 1256 1042 a
1291 975 1654 1059 discipulis:
1691 977 1820 1059 qui,
1844 984 2106 1060 recepto
2128 975 2393 1061 linguae

450 1064 793 1132 hebraicae
853 1083 1008 1139 usu,
1075 1062 1380 1128 dicuntur
1442 1060 1667 1127 sedere
1708 1061 1790 1127 ad
1835 1060 2030 1144 pedes
2073 1062 2392 1147 magistri,

450 1160 528 1219 ut
572 1150 948 1235 diligentius
993 1148 1227 1214 attenti
1271 1149 1422 1214 sint.
1510 1146 1717 1230 quue
1762 1146 2074 1231 probatur
2115 1168 2199 1213 ex
2244 1167 2394 1214 con-

450 1246 676 1304 textu:
737 1236 1044 1303 dicuntur
1096 1233 1272 1298 enim
1316 1232 1540 1299 fideles
1583 1254 1653 1300 se
1697 1232 2074 1300 adiunxisse
2117 1231 2391 1317 pedibus

449 1325 600 1405 Dei,
646 1328 720 1392 ut
764 1321 1083 1405 accipiant
1117 1340 1153 1384 e
1189 1317 1618 1399 sermonibus,
1662 1317 1781 1385 hoc
1819 1326 1917 1383 est
1950 1319 2018 1384 in
2065 1319 2204 1385 eius
2243 1317 2392 1384 doc-

448 1415 628 1479 trina
671 1407 1029 1495 proficiant.
1086 1410 1095 1417 ’

621 1497 682 1563 4.
729 1496 956 1578 Leyem
983 1490 1306 1574 praecepit
1346 1488 1525 1556 nobis
1547 1489 1774 1556 Moses.
1843 1488 2034 1573 Quod
2071 1489 2151 1556 de
2187 1489 2393 1575 gloria

449 1583 581 1650 Dei
639 1591 706 1649 et
758 1580 922 1665 legis
978 1576 1380 1661 praestantia
1432 1574 1769 1655 disseruit,
1837 1597 2013 1643 nunc
2070 1574 2152 1640 ad
2207 1595 2391 1641 suam

448 1688 798 1754 personam
836 1661 1294 1740 accommodat,
1330 1662 1483 1744 quia
1516 1662 1917 1745 propositum
1944 1671 2084 1728 erat
2105 1660 2206 1747 (ut
2229 1660 2391 1747 dixi)

448 1755 813 1822 ministerio
871 1769 990 1816 suo
1045 1748 1241 1814 fidem
1298 1767 1607 1813 asserere.
1697 1748 1876 1832 Ergo
1898 1744 1943 1825 ,'
1970 1756 2044 1814 ut
2087 1754 2263 1812 certa
2306 1748 2393 1812 sit

447 1842 590 1909 eius
622 1841 684 1906 le
722 1840 878 1918 atio,
914 1834 1228 1901 divinitus
1250 1854 1319 1899 se
1357 1832 1684 1900 doctorem
1719 1833 1956 1916 populo
1988 1835 2391 1918 praefectum

449 1948 591 1995 esse
644 1948 687 2011 g
715 1925 991 2000 oriatur,
1046 1940 1256 2003 neque
1314 1917 1396 1984 ad
1454 1920 1765 2003 exiguum
1810 1930 2100 2003 tempus,
2158 1917 2273 1984 sed
2316 1919 2387 1983 in

446 2034 673 2080 omnes
718 2017 985 2076 aetates.
1076 2005 1246 2071 Nam
1291 2004 1713 2070 haereditatis
1757 2004 2023 2070 nemine
2067 2003 2230 2089 legis
2275 2024 2391 2069 no-

449 2108 630 2165 tatur
676 2094 1092 2182 perpetuitas.
1162 2088 1489 2156 Vendicat
1531 2088 1764 2155 deinde
1799 2090 1923 2156 sibi
1968 2091 2140 2174 regis
2182 2091 2388 2172 impe·

447 2187 637 2263 rium,
684 2204 814 2248 non
859 2177 1027 2264 quod
1066 2177 1246 2261 regio
1281 2196 1460 2241 more
1496 2175 1866 2241 dominatus
1908 2177 2121 2255 fuerit,
2165 2175 2279 2241 sed
2315 2183 2391 2240 ut

445 2270 687 2337 summi
752 2264 1010 2350 imperii
1067 2263 1355 2344 dignitas
1415 2262 1629 2329 verbis
1687 2262 1827 2328 eius
1874 2260 2128 2345 pondus
2171 2260 2387 2326 addat.

447 2356 738 2423 Collecta
771 2363 991 2419 autem
1028 2351 1245 2433 capita
1276 2347 1478 2413 fuisse
1514 2347 1670 2414 dicit
1703 2355 1771 2412 et
1804 2348 2016 2413 tribus
2049 2347 2386 2424 coaluisse,

444 2454 746 2526 respectu
799 2439 1077 2504 miserae
1145 2433 1621 2518 dissipationis,
1689 2453 1853 2516 quae
1906 2432 1988 2497 ad
2047 2433 2383 2499 interitum

445 2528 781 2594 tendebat:
821 2545 896 2591 ac
918 2524 975 2589 si
1010 2521 1270 2599 diceret,
1306 2541 1423 2585 suo
1460 2519 1660 2586 ductu
1694 2527 1762 2584 ct
1794 2540 1993 2604 opera
2027 2517 2108 2584 de
2130 2519 2386 2602 integro

444 2621 830 2681 renovatum
898 2630 1039 2675 esse
1100 2616 1346 2673 statum
1411 2605 1651 2690 populi.
1751 2604 1996 2689 Incipit
2053 2626 2092 2670 a
2146 2603 2383 2670 Ruben

444 2697 892 2785 primogenito,
931 2704 997 2761 et
1023 2693 1459 2758 damnationis
1500 2691 1929 2776 ignominiam
1966 2710 2130 2774 quae
2163 2690 2384 2755 inusta

442 2789 659 2853 fuerat
693 2807 732 2849 a
766 2793 953 2867 patre
977 2779 1188 2857 Iacob,
1223 2778 1317 2843 ita
1351 2776 1521 2843 tollit
1558 2776 1667 2843 vel
1701 2778 2019 2853 sublevat,
2051 2787 2125 2842 ut
2162 2788 2383 2839 tamen

441 2893 579 2938 non
644 2871 944 2936 restituat
1010 2866 1082 2930 in
1148 2862 1426 2948 gradum
1491 2864 1770 2930 honoris.
1882 2864 2140 2929 Duram
2204 2861 2382 2927 enim

440 2956 834 3024 sententiam
877 2951 1426 3037 pronunciaverat
1457 2957 1724 3015 sanctus
1758 2950 1879 3029 vir,
1925 2969 2009 3012 ne
2044 2948 2386 3031 proficeret

438 3045 713 3120 Ruben,
776 3038 889 3106 sed
948 3036 1277 3104 difflueret
1332 3036 1542 3101 instar
1585 3054 1805 3119 aquae.
1899 3034 2073 3120 Ergo
2119 3054 2202 3099 ne
2247 3039 2382 3099 tota

441 3128 783 3214 posteritas
827 3125 1043 3190 animo
1086 3120 1515 3205 despondeat,
1562 3121 1669 3187 vel
1715 3123 1794 3186 ab
1841 3121 1989 3186 aliis
2031 3120 2381 3198 reiiciatur,

441 3216 703 3298 mitigat
758 3209 1182 3277 abdicationis
1238 3209 1555 3291 rigorem,
1616 3228 1692 3273 ac
1750 3208 1804 3272 si
1863 3206 2130 3272 daretur
2184 3206 2384 3270 venia

438 3300 764 3367 damnato.
830 3297 917 3363 In
959 3315 1216 3361 summa
1257 3294 1471 3360 locum
1515 3294 1804 3378 assignat
1842 3291 2123 3358 familiae
2145 3291 2383 3356 Ruben

439 3389 614 3452 inter
657 3385 826 3451 filios
869 3381 1081 3461 Iacob,
1126 3401 1212 3445 ne
1256 3379 1620 3462 desperatio
1665 3379 2047 3462 praecipites
2089 3378 2157 3443 in
2201 3378 2381 3442 dete-

438 3473 580 3539 rius
616 3479 788 3555 agat.
855 3465 1234 3535 Secundum
1269 3465 1634 3531 membrum
1675 3465 1837 3531 duos
1882 3463 2111 3549 recipit
2154 3483 2383 3530 sensus

436 3557 828 3626 contrarios:
876 3554 958 3620 ad
1005 3553 1276 3620 verbum
1320 3560 1446 3617 est:
1493 3550 1603 3617 Sit
1635 3571 1880 3635 parvus
1916 3570 2204 3616 numero.
2294 3549 2384 3613 Et

436 3653 617 3712 certe
662 3643 869 3707 tribus
908 3639 1026 3705 illa
1059 3657 1194 3702 non
1230 3638 1351 3703 fuit
1385 3659 1467 3701 ex
1505 3638 1790 3703 maxime
1827 3636 2192 3721 populosis:
2228 3634 2384 3717 quia

439 3743 660 3795 tamen
725 3726 1070 3792 mediocris
1134 3725 1287 3804 fuit,
1366 3735 1440 3788 ut
1517 3723 1737 3808 plures
1802 3722 1963 3788 alias
2025 3728 2379 3805 superaret,

434 3814 704 3899 quidam
749 3812 1127 3897 negativam
1172 3818 1508 3893 repetunt:
1554 3809 1702 3874 Non
1739 3809 2087 3889 moriatur,
2133 3828 2250 3873 nec
2293 3807 2383 3873 sit

436 3920 683 3986 parvus
748 3918 1039 3965 numero.
1147 3895 1353 3978 Atqui
1419 3896 1628 3979 magis
1705 3892 2035 3978 probabile
2104 3891 2378 3971 videtur,

436 3986 694 4053 detrahi
753 3984 1038 4050 familiae
1098 3982 1337 4047 Ruben
1396 3981 1566 4064 quod
1624 3981 1871 4047 ferebat
1924 3980 2080 4045 ordo
2139 3979 2380 4062 primo·

486 4072 799 4149 eniturae‚
844 4081 912 4135 et
951 4069 1046 4134 ita
1087 4068 1500 4152 promissioni
1542 4069 1794 4151 gratiae
1830 4087 2018 4150 asper
2069 4065 2081 4079 '
2123 4065 2382 4148 aliquod

435 4095 722 4223 {edecus
765 4155 1117 4222 residuum.
1182 4155 1271 4219 Et
1312 4162 1487 4219 certe
1533 4174 1661 4219 non
1707 4152 1898 4219 modo
1943 4153 2030 4218 tri
2075 4173 2156 4218 us
2191 4151 2378 4230 Iuda,

434 4243 554 4309 sed
598 4244 793 4309 etiam
822 4238 1109 4319 Simeon,
1152 4239 1472 4317 Issachar,
1518 4238 1830 4314 zebulon,
1874 4236 2029 4304 Dan
2074 4246 2141 4303 et
2165 4238 2382 4322 Neph-

438 4328 604 4394 thali
663 4326 1079 4393 multitudine
1146 4325 1487 4390 hominum
1567 4324 1965 4408 praecelluit.
2076 4323 2182 4390 Ita
2245 4344 2381 4388 non

435 4415 611 4480 male
667 4412 1015 4498 quadrabit
1069 4411 1397 4494 exceptio,
1457 4412 1705 4476 censeri
1741 4410 1980 4476 Ruben
2024 4410 2095 4474 in
2140 4411 2379 4495 populo

438 4501 600 4581 Dei,
665 4499 856 4566 modo
920 4519 1003 4563 ne
1056 4517 1240 4563 suam
1305 4497 1688 4582 dignitatem
1742 4497 1812 4561 in
1872 4494 2146 4563 solidum
2200 4518 2381 4563 recu·

486 4593 640 4652 eret.

438 4607 484 4670 p
609 4673 668 4737 7.
738 4671 873 4737 Hoc
936 4671 1123 4737 etiam
1192 4667 1486 4735 Iehudae.
1596 4668 2047 4752 Hieronymus
2112 4688 2379 4735 sensum

437 4757 716 4824 fideliter
758 4754 1065 4822 reddidit:
1113 4754 1298 4821 Haec
1341 4763 1444 4819 est
1498 4754 1891 4833 benedictio,
1951 4753 2105 4821 licet
2160 4755 2377 4821 verbis

435 4843 509 4908 id
553 4863 683 4909 non
726 4844 813 4911 sit
855 4861 1263 4925 expressum.
1352 4840 1591 4920 Porro,
1650 4840 1818 4924 quod
1871 4842 2083 4925 primo
2127 4841 2377 4906 intuitu

437 4928 644 4994 videri
709 4926 1060 4995 absurdum
1126 4932 1373 5011 posset,
1452 4926 1810 5010 splendidis
1875 4935 1942 4992 et
2005 4925 2411 4993 liberalibus·

430 5014 693 5099 elogiis,
755 5014 990 5098 quibus
1039 5020 1270 5078 ornata
1324 5013 1535 5079 fuerat
1592 5011 1799 5079 tribus
1858 5010 2060 5091 Iuda,
2117 5012 2376 5078 detrahi

435 5121 569 5166 non
600 5100 769 5167 male
803 5100 1126 5168 convenit.
1197 5099 1422 5183 Neque
1466 5098 1640 5165 enim
1683 5096 1805 5165 hoc
1851 5097 2041 5164 modo
2085 5107 2376 5164 mutatur

432 5186 812 5254 inviolabile
870 5185 1197 5253 decretum
1251 5185 1331 5251 de
1385 5186 1756 5269 principatu
1800 5184 1996 5252 Iuda:
2057 5184 2170 5251 sed
2230 5193 2372 5250 tan-

434 5280 577 5337 tum
619 5272 924 5340 admonet
961 5273 1179 5338 Moses
1265 5292 1417 5337 uam
1453 5271 1734 5337 difficilis
1768 5270 2029 5337 futurus
2063 5270 2150 5336 sit
2187 5272 2374 5337 effec-

431 5366 566 5424 tus.
632 5359 1193 5425 Pronunciaverat
1222 5293 1441 5435 Iacob,
1487 5357 1675 5440 quasi
1709 5357 1789 5424 de
1825 5365 2054 5442 pacato
2096 5356 2372 5442 imperio

579 5458 800 5515 Caluini
828 5475 1007 5528 opera.
1092 5459 1203 5515 Vol.
1243 5457 1361 5513 XX
1376 5458 1431 5515 V.

1862 443 2267 513 REDITUS
2312 445 2439 512 AD
2482 446 3028 518 HISTORIAM.

4311 453 4437 521 386

2494 636 2692 704 Iuda:
2738 638 3138 706 Laudabunt
3193 649 3258 705 te
3316 641 3550 707 fratres
3610 640 3738 720 tui,
3797 641 3911 709 filii
3970 641 4179 725 patris
4223 643 4319 707 tui
4365 665 4436 710 se

2495 723 2614 789 tibi
2674 725 3048 805 subiicient‚
3105 747 3235 792 non
3293 727 3551 793 recedet
3608 735 3938 810 sceptrum
3982 726 4257 808 eluda,
4316 749 4434 795 nec

2493 807 2827 893 legislator
2871 833 2907 877 e
2953 811 3225 895 pedibus
3269 813 3426 879 eius.
3518 812 3767 877 Verum
3811 812 4118 896 quoniam
4163 813 4432 879 abscon-

2494 895 2629 960 dita
2670 896 2875 964 iacuit
2910 899 3068 964 haec
3105 897 3409 982 dignitas,
3456 919 3531 965 ac
3567 919 3829 963 necesse
3864 898 3990 963 fuit
4024 919 4172 964 cum
4209 899 4432 967 multis

2494 989 2562 1046 et
2605 981 2807 1048 tardis
2850 982 3201 1050 obstaculis
3244 983 3477 1050 luctari
3524 993 3870 1068 antequam
3918 983 4179 1050 demum
4224 1006 4432 1051 emer-

2494 1076 2711 1151 geret:
2765 1068 2911 1134 ideo
2956 1070 3166 1154 magis
3209 1070 3505 1135 restricte
3547 1069 3832 1151 loquitur
3875 1069 4113 1136 Moses.
4205 1069 4431 1152 Quan-

2494 1174 2689 1237 quam
2750 1174 2881 1219 non
2942 1155 3024 1220 ad
3081 1154 3351 1220 exordia
3406 1163 3658 1220 tantum
3729 1154 3990 1221 videtur
4049 1155 4427 1239 respexisse,

2494 1239 2610 1304 sed
2653 1239 2735 1304 ad
2779 1241 2997 1306 varias
3040 1241 3274 1319 clades,
3321 1241 3553 1324 quibus
3598 1260 3731 1304 non
3767 1249 4022 1304 tantum
4057 1242 4282 1320 minui,
4317 1241 4430 1308 sed

2493 1346 2758 1408 pessum
2802 1326 2895 1391 ire
2944 1327 3157 1391 visum
3202 1334 3304 1391 est
3360 1347 3637 1411 regnum
3681 1324 3989 1393 Davidis:
4049 1327 4432 1410 praesertim

2494 1432 2650 1476 vero
2693 1410 2776 1476 ad
2821 1412 3145 1477 funestam
3190 1412 3759 1495 interruptionem,
3816 1431 3978 1493 quae
4034 1412 4307 1497 contigit
4351 1414 4432 1480 ab

2495 1497 2725 1562 exsilio
2769 1496 3169 1581 babylonico.
3250 1497 3525 1564 Summa
3566 1504 3696 1576 est,
3760 1497 4128 1562 felicitatem
4175 1496 4254 1563 de
4305 1519 4432 1581 qua

2495 1583 2889 1649 vaticinatus
2948 1583 3162 1648 fuerat
3205 1581 3399 1649 Iacob
3418 1634 3433 1662 ,
3489 1603 3623 1648 non
3680 1583 3816 1649 fore
3865 1583 3957 1647 ita
4014 1583 4429 1666 conspicuam

2492 1669 2560 1732 in
2607 1670 2783 1734 tribu
2827 1668 3026 1749 Inda,
3084 1677 3158 1734 ut
3203 1670 3419 1733 omnia
3462 1669 3595 1735 illic
3639 1669 3810 1733 laeta
3849 1677 3917 1733 et
3959 1667 4240 1735 iucunda
4284 1692 4430 1753 spe-

2493 1754 2700 1819 randa
2756 1755 2922 1820 sint:
2982 1755 3141 1838 quin
3200 1756 3414 1837 potius
3472 1776 3581 1820 eos
3637 1756 3871 1836 quibus
3931 1755 4249 1839 promissa
4307 1755 4432 1821 fuit

2492 1860 2749 1905 summa
2801 1847 3087 1923 potestas
3147 1860 3293 1904 cum
3349 1840 3710 1923 opulentia,
3769 1840 3992 1906 multis
4049 1839 4238 1905 malis
4295 1843 4431 1907 fore

2490 1926 2836 2003 obnoxios,
2904 1935 2982 1991 ut
3033 1926 3102 1991 in
3148 1926 3490 2009 angustias
3532 1925 3778 1991 redacti
3837 1923 4081 1991 auxilio
4133 1925 4257 1991 Dei
4299 1948 4433 1991 ma-

2490 2013 2668 2078 xime
2716 2010 3073 2096 indigeant.
3169 2011 3328 2077 Ideo
3384 2032 3452 2077 se
3515 2010 3594 2076 ad
3654 2031 3879 2094 preces
3944 2012 4300 2079 convertit:
4367 2021 4433 2078 et

2490 2099 2790 2180 exemplo
2859 2117 2975 2163 suo
3039 2118 3166 2163 non
3236 2096 3423 2162 modo
3493 2096 3736 2162 tribum
3805 2097 4021 2176 illam,
4088 2097 4201 2162 sed
4266 2097 4430 2164 alias

2488 2184 2684 2249 etiam
2732 2183 3030 2248 hortatur
3072 2193 3146 2248 ut
3189 2183 3257 2248 in
3316 2184 3628 2250 extremis
3686 2181 4174 2249 difficultatibus
4236 2183 4433 2250 fidem

2488 2268 2621 2335 Dei
2657 2270 3026 2353 implorent.
3115 2268 3300 2351 Quae
3357 2268 3652 2334 doctrina
3696 2268 3776 2333 ad
3825 2290 3940 2335 nos
3982 2288 4238 2351 quoque
4328 2292 4432 2335 er·

2489 2355 2684 2433 tinet,
2746 2362 2818 2420 ut
2869 2375 2995 2438 quo
3034 2355 3243 2438 magis
3286 2354 3603 2420 incumbit
3643 2352 3851 2419 Satan
3897 2353 3978 2419 ad
4022 2353 4268 2420 obruen
4318 2377 4429 2421 um

2489 2440 2742 2507 Christi
2786 2461 3084 2524 regnum,
3130 2462 3205 2506 eo
3250 2441 3457 2521 magis
3501 2440 3584 2505 ad
3628 2459 3852 2522 preces
3896 2449 3963 2505 et
4007 2445 4160 2505 vota
4203 2440 4432 2506 stimu-

2486 2527 2717 2592 lemur.
2807 2526 3072 2592 Interea
3116 2527 3481 2592 notandum
3540 2534 3640 2591 est
3697 2524 3865 2608 quod
3927 2524 4098 2602 dixi,
4159 2528 4430 2609 promis-

2488 2612 2738 2679 sionem
2796 2633 3061 2678 manere
3124 2611 3452 2677 stabilem:
3509 2612 3658 2693 quia
3716 2632 3845 2676 non
3897 2612 4144 2676 frustra
4200 2632 4428 2677 omnes

2489 2697 2697 2763 tribus
2775 2698 3048 2781 imperio
3108 2697 3275 2762 Iuda
3352 2697 3614 2763 subiicit
3679 2697 3930 2775 Moses,
4011 2696 4121 2762 ubi
4201 2695 4431 2762 deduci

2487 2784 2771 2866 postulat
2827 2782 2908 2849 ad
2969 2784 3277 2867 populum
3337 2804 3561 2863 suum,
3628 2802 3748 2848 nec
3805 2783 4047 2847 frustra
4111 2782 4431 2865 promittit

2488 2868 2709 2935 Deum
2733 2878 3013 3020 lpraesto
3058 2871 3193 2935 fore
3236 2869 3319 2935 ad
3364 2889 3552 2952 opem
3604 2868 3967 2947 ferendam,
4028 2875 4102 2932 ιιι
4145 2867 4428 2934 inimicis

2486 2976 2730 3039 praeva
2758 2964 2881 3023 eat.

3006 3295 3137 3361 EX
3180 3294 3509 3362 EODEM
3555 3294 3909 3360 OAPITE.

2659 3470 2719 3534 8.
2756 3467 2867 3532 Ad
2902 3467 3058 3534 Levi
3089 3487 3233 3532 vero
3260 3467 3455 3532 dixit:
3502 3466 3915 3548 Perfectiones
3951 3469 4094 3530 tuae
4135 3470 4190 3531 et
4230 3465 4430 3546 splen-

2484 3554 2668 3620 dores
2708 3553 2803 3619 tui
2855 3554 3113 3635 fuerunt
3155 3553 3290 3617 viro
3333 3553 3721 3618 misericordi
3764 3556 3868 3616 tuo
3883 3601 3899 3630 ‚
3958 3571 4138 3633 quem
4179 3553 4430 3617 tentasti

2483 3640 2555 3703 in
2600 3638 2827 3705 Masa:
2869 3643 2925 3704 et
2965 3639 3317 3705 contendere
3356 3638 3558 3720 fecisti
3601 3658 3740 3704 eum
3783 3637 3869 3702 ad
3910 3656 4112 3719 aquas
4156 3635 4423 3702 Meriba.

2484 3725 2545 3790 9.
2601 3725 2722 3806 Qui
2765 3724 2932 3789 discit
2960 3725 3145 3805 patri
3187 3743 3300 3789 suo
3343 3729 3397 3788 et
3430 3725 3623 3789 matri
3662 3743 3845 3789 suae:
3891 3722 4036 3788 Non
4077 3723 4212 3789 vidi
4254 3743 4429 3789 eum:

2483 3816 2537 3875 et
2578 3813 2815 3894 fratres
2847 3830 2993 3877 suos
3027 3829 3144 3874 non
3185 3810 3452 3893 aynovit,
3496 3815 3553 3874 et
3588 3809 3757 3890 filios
3790 3828 3937 3874 suos
3969 3828 4090 3873 non
4124 3811 4430 3892 coynovit:

2482 3917 2633 3964 nam
2673 3897 3090 3963 custodierunt
3131 3894 3440 3977 eloquium
3481 3900 3672 3972 tuum,
3719 3899 3776 3959 et
3803 3898 4061 3976 pactum
4095 3897 4270 3958 tuum
4303 3914 4429 3960 ser-

2481 3988 2728 4050 varunt.
2821 3982 2919 4047 10.
2988 3980 3312 4046 Docebunt
3365 3981 3607 4046 iudicia
3663 3986 3772 4045 tua
3828 3981 4039 4062 ipsum
4098 3979 4309 4059 Iacob,
4371 3985 4426 4045 et

2483 4071 2674 4154 leyem
2720 4073 2894 4133 tuam
2931 4067 3262 4134 Israelem:
3310 4072 3540 4147 ponent
3579 4067 3863 4148 suffitum
3905 4067 3977 4130 in
4018 4085 4205 4130 nares
4248 4069 4423 4131 tuas.-

2478 4161 2537 4222 et
2575 4155 2991 4221 holocaustum
3032 4172 3221 4234 super
3263 4153 3459 4217 alta-re
3500 4158 3691 4217 tuum.
3761 4152 3858 4215 11.
3897 4150 4170 4216 Benedic
4191 4150 4424 4220 Iehova

2479 4240 2864 4308 substantiae
2905 4240 3055 4316 eius,
3103 4243 3159 4304 et
3200 4238 3270 4303 in
3311 4258 3487 4319 opere
3527 4257 3827 4302 manuum
3872 4238 4009 4303 eius
4041 4237 4423 4320 complaceas

2479 4327 2626 4392 tibi.-
2668 4326 2960 4410 transfiye
3000 4324 3236 4388 lumbos
3275 4325 3672 4390 inimicorum
3714 4324 3853 4389 eius
3868 4374 3884 4402 ,
3929 4329 3983 4387 et
4024 4324 4161 4388 odio
4203 4323 4423 4390 haben-

2479 4414 2640 4478 tium
2702 4431 2839 4476 eum
2902 4431 2977 4476 ne
3039 4415 3384 4494 resuryant.
3493 4410 3590 4474 12.
3658 4409 3771 4475 Ad
3819 4408 4160 4475 Beniamin
4225 4410 4420 4475 dixit:

2480 4499 2767 4565 Dilectus
2833 4496 3094 4563 Iehovae
3155 4495 3458 4561 habitabit
3533 4495 3897 4576 confidenter
3959 4495 4143 4560 iuxta
4217 4495 4416 4572 illum,

2480 4591 2682 4667 teyens
2722 4584 2906 4650 illum
2949 4587 3072 4648 tota
3113 4582 3242 4660 dic,
3302 4587 3360 4647 et
3400 4583 3563 4647 inter
3595 4581 3879 4645 humeros
3920 4580 4059 4645 eius
4099 4579 4416 4646 habitabit.

2483 4669 2584 4737 13.
2630 4669 2741 4736 Ad
2786 4669 3006 4753 Ioseph
3061 4688 3203 4733 vero
3258 4668 3452 4733 dixit:
3500 4666 3842 4732 Benedicta
3893 4686 3936 4731 a
3982 4662 4210 4731 Iehova
4251 4670 4418 4731 terra

2479 4758 2618 4822 eius
2660 4756 2739 4822 ab
2782 4755 3138 4821 excellentia
3181 4754 3363 4834 coeli,
3420 4752 3492 4820 ob
3547 4773 3753 4818 rorem
3769 4804 3785 4831 ,
3843 4755 3898 4818 et
3951 4750 4021 4817 ob
4060 4750 4416 4833 vorayinem

2475 4843 2794 4908 cubantem
2843 4840 3145 4919 deorsum,
3233 4839 3333 4904 14.
3394 4839 3484 4905 Et
3524 4839 3597 4905 ob
3644 4837 4108 4920 praestantiam
4147 4855 4417 4916 proven-

2478 4934 2654 4992 tuum
2684 4927 2855 5004 solis‚
2892 4930 2948 4990 et
2980 4926 3051 4991 ob
3072 4927 3530 5007 praestantiam
3561 4927 3879 5008 fructuum
3914 4922 4131 5001 lunae,
4193 4921 4292 4987 15.
4331 4922 4419 4988 Et

2478 5013 2549 5080 ob
2579 5011 3041 5092 praestantiam
3084 5012 3428 5076 cacuminis
3459 5011 3761 5075 montium
3797 5008 4212 5089 antiquorum,
4257 5011 4312 5073 et
4347 5010 4417 5074 ob

2472 5099 2929 5180 praestantiam
2984 5096 3231 5162 collium
3273 5101 3731 5180 perpetuorum,
3822 5095 3921 5159 16.
3991 5091 4078 5157 Et
4118 5091 4190 5158 ob
4219 5115 4414 5175 prae·

2474 5184 2773 5250 stantiam
2813 5188 3014 5248 terrae
3028 5232 3043 5262 ,
3087 5187 3142 5247 et
3182 5182 3252 5247 ob
3277 5181 3725 5264 plenitudinem
3765 5182 3933 5246 eius:
3977 5184 4031 5244 et
4071 5177 4412 5263 beneplaci-

2473 5274 2606 5334 'tum
2671 5267 3037 5335 habitatoris
3096 5267 3243 5333 rubi
3300 5270 3506 5334 veniat
3556 5286 3746 5348 super
3799 5270 3988 5347 caput
4047 5264 4303 5346 Ioseph,
4359 5275 4414 5333 et

2473 5375 2664 5439 super
2708 5355 2989 5421 verticem
3028 5355 3306 5438 separati
3347 5375 3390 5418 a
3427 5351 3735 5435 fratribus
3773 5354 3928 5417 suis.
4023 5350 4121 5415 17.
4172 5350 4416 5420 Primo·
