5017 6142
452 411 538 478 39
1455 410 2036 482 SANOTIONES
2083 413 2142 478 A
2188 410 2982 481 PROMISSIONIBUS
3029 414 3147 479 ET
3190 414 3476 482 MINIS.
4399 417 4485 482 40

453 602 629 686 filiae
686 622 862 683 suae,
950 602 1054 670 57.
1113 600 1291 669 Dum
1332 603 1708 669 secundinas
1747 622 1903 670 suas
1946 623 2105 685 quae
2146 621 2427 686 eyressae

456 688 699 772 fuerint
741 709 774 753 e
816 687 1095 771 pedibus
1140 689 1280 754 suis
1294 739 1311 766 ,
1369 694 1426 754 et
1475 688 1644 770 filios
1696 709 1844 756 suos
1896 708 2049 772 quos
2092 689 2423 772 pepererit,

460 776 726 841 comedet
758 775 919 840 olam
942 796 1106 858 prae
1134 779 1389 858 egestate
1431 776 1709 841 omnium
1740 795 1953 841 rerum
1987 775 2059 840 in
2094 773 2423 851 obsidione,

461 862 957 1013 {tuscoartatione
1013 882 1139 944 qua
1188 860 1486 927 coartabit
1526 865 1579 926 te
1620 862 1918 928 iuimim
1958 866 2106 927 tuus
2146 862 2217 926 in
2256 859 2427 925 urbi-

619 949 769 1012 tuis.

635 1119 738 1185 49.
777 1117 1063 1185 Adducet
1098 1117 1347 1183 Iehova.
1438 1116 1723 1183 Easdem
1757 1118 2048 1185 inculcat
2080 1119 2294 1184 minas
2329 1115 2426 1182 di-

461 1206 673 1273 versis
708 1204 944 1283 verbis,
984 1216 1299 1271 venturos
1334 1204 1581 1269 scilicet
1614 1205 1875 1288 ignotos
1912 1206 2132 1272 hostes
2177 1212 2243 1269 et
2284 1204 2426 1268 bar-

464 1290 682 1371 baros,
735 1291 848 1375 qui
889 1292 1410 1373 intemperanter
1454 1301 1839 1374 grassentur
1873 1310 2024 1357 cum
2068 1290 2247 1356 omni
2291 1291 2428 1355 vio·

459 1379 682 1444 lentia.
772 1381 871 1442 Ac
913 1397 1040 1460 quo
1083 1377 1423 1441 saevitiam
1459 1378 1669 1460 magis
1715 1376 2098 1461 amplificet,
2161 1376 2427 1460 linguae

461 1465 754 1531 exoticae
790 1464 927 1528 fore
965 1460 1154 1528 dicit:
1192 1461 1304 1527 ubi
1336 1462 1510 1527 enim
1550 1462 1735 1527 nulla
1770 1474 1871 1528 est
1899 1464 2217 1529 sermonis
2252 1482 2426 1527 com-

459 1548 852 1628 municatio,
912 1557 1173 1614 cessant
1225 1569 1485 1631 preces,
1539 1569 1703 1631 quae
1750 1549 2081 1615 interdum
2129 1549 2230 1614 vel
2275 1569 2424 1614 cru-

462 1636 827 1702 delissimos
873 1633 955 1700 ad
1002 1633 1512 1701 misericordiam
1557 1635 1853 1702 flectunt.
1930 1634 2009 1699 Id
2058 1657 2212 1701 vero
2257 1654 2427 1699 com-

461 1721 751 1806 plectum
814 1721 877 1785 in
942 1718 1293 1786 Chaldaeis
1328 1720 1529 1785 fuisse
1574 1720 1760 1787 docet
1802 1721 2115 1787 Ieremias
2160 1719 2247 1807 (5,
2297 1719 2424 1806 15).

459 1808 633 1874 Ecce
679 1805 928 1873 adduco
973 1827 1170 1889 super
1212 1828 1330 1871 vos
1375 1806 1604 1871 domus
1647 1805 1857 1871 Israel
1900 1817 2160 1890 gentem
2205 1829 2241 1872 e
2285 1807 2424 1872 lon—

462 1896 740 1979 ginque,
793 1903 1058 1977 gentem
1097 1892 1453 1970 robustam,
1499 1914 1667 1975 quae
1702 1912 1741 1957 a
1784 1892 2043 1959 saeculo
2086 1892 2230 1973 fuit,
2273 1913 2428 1977 gen-

462 1990 595 2045 tem
633 1980 818 2045 cuius
845 1979 1137 2062 linguam
1183 1979 1470 2061 ignoras,
1515 2000 1635 2045 nec
1679 1980 1958 2062 percipis
2002 1978 2157 2062 quid
2201 1980 2424 2063 loqua-

463 2075 590 2132 tur.
671 2066 780 2130 Ex
825 2067 1118 2148 opposito
1153 2064 1395 2142 Isaiae,
1457 2064 1612 2129 dum
1660 2063 2113 2131 liberationem
2156 2065 2426 2148 promit·

458 2151 561 2232 tit,
604 2151 782 2216 inter
815 2149 1163 2234 praecipua
1195 2148 1365 2215 bona
1400 2150 1523 2216 hoc
1557 2150 1861 2235 celebrat,
1905 2150 2078 2235 quod
2113 2150 2426 2234 populum

460 2237 697 2303 durum
743 2258 872 2302 non
911 2234 1513 2314 videbunt'Iudaei,
1559 2237 1870 2321 populum
1919 2236 2224 2321 profundi
2270 2235 2425 2302 labii

459 2345 595 2389 non
653 2322 947 2400 audient,
1003 2322 1104 2387 cui
1163 2322 1391 2405 lingua
1431 2321 1667 2388 stridet
1708 2322 1950 2405 absque
1983 2321 2428 2406 intelligentia

464 2409 620 2497 (Isa.
647 2409 749 2487 33,
794 2407 920 2495 19).
990 2404 1403 2474 Studuerunt
1438 2408 1614 2473 enim
1653 2406 1757 2509 (ut
1792 2409 1948 2474 alibi
1983 2406 2234 2494 monui)
2275 2429 2422 2492 pro-

340 2502 347 2510 ‘
460 2494 698 2580 phetae
753 2517 835 2561 ex
880 2494 1067 2560 Mose
1109 2514 1370 2559 sumere
1413 2494 1689 2559 docendi
1731 2495 2040 2560 formam:
2087 2516 2169 2558 ne
2210 2495 2426 2559 minas

465 2603 583 2665 pro
654 2602 771 2647 suo
843 2601 1024 2646 more
1090 2580 1368 2664 superbe
1422 2589 1919 2646 contemnerent
1975 2580 2204 2646 Iudaei
2263 2601 2421 2664 quas

460 2669 647 2734 Deus
690 2667 821 2751 legi
862 2688 1018 2732 suae
1063 2674 1447 2731 attexuerat.
1534 2666 1676 2731 Iam
1722 2689 1805 2731 ne
1839 2667 2127 2733 locorum
2175 2664 2420 2732 distan-

462 2754 556 2819 tia
577 2755 992 2820 securitatem
1018 2751 1148 2818 illis
1183 2751 1467 2830 inducat,
1505 2751 1836 2818 celeritate
1872 2753 2030 2818 dicit
2063 2772 2253 2836 pares
2288 2754 2424 2819 fore

464 2840 719 2922 aquilis,
757 2841 866 2923 qui
902 2838 1117 2904 subito
1157 2857 1269 2902 eos
1299 2836 1611 2903 obruant:
1648 2839 1820 2904 sicut
1842 2840 2025 2904 Deus
2060 2860 2251 2922 saepe
2286 2840 2425 2905 irae

462 2946 624 2994 suae
659 2927 991 2990 ministros
1035 2922 1284 2989 turbini
1328 2936 1395 2988 et
1441 2924 1765 3006 procellae
1799 2936 2150 3008 comparat.
2232 2925 2426 2992 Hanc

461 3010 955 3079 similitudinem
1012 3010 1312 3074 imitatus
1365 3018 1466 3075 est
1521 3010 1718 3074 etiam
1773 3010 2091 3076 Ieremias
2146 3007 2250 3097 (4,
2298 3010 2426 3098 13),

465 3099 580 3164 ubi
615 3097 1024 3180 repentinam
1052 3094 1304 3161 cladem
1325 3095 1588 3160 Iudaeis
1625 3096 1992 3174 denunciat,
2032 3118 2224 3179 quam
2266 3098 2429 3163 falsa

464 3184 934 3266 imaginatione
990 3182 1290 3247 solebant
1339 3182 1571 3264 procul
1627 3204 1664 3245 a
1720 3204 1790 3247 se
1848 3184 2132 3248 reiicere.
2224 3182 2429 3248 Addit

464 3271 718 3349 Moses,
771 3278 1032 3352 gentem
1078 3267 1259 3332 illam
1295 3268 1432 3333 fore
1476 3268 1809 3334 robustam
1854 3269 2050 3347 facie,
2096 3289 2265 3352 quae
2307 3289 2429 3335 nec

466 3364 846 3422 revereatur
885 3375 1106 3430 senes,
1154 3375 1275 3420 nec
1316 3354 1537 3438 pueris
1579 3355 1904 3439 ignoscat:
1954 3354 2121 3438 quod
2167 3355 2431 3440 signum

468 3451 573 3507 est
633 3450 969 3507 extremae
1025 3439 1325 3506 feritatis
1416 3439 1604 3520 Quae
1663 3438 1741 3506 de
1787 3442 2038 3524 rapinis
2082 3449 2149 3506 et
2197 3441 2434 3526 spolia-

468 3529 647 3595 tione
693 3534 1077 3610 sequuntur,
1122 3533 1276 3591 ante
1321 3527 1611 3608 exposui.

643 3613 747 3679 52.
794 3612 883 3677 Et
915 3611 1213 3678 obsidebit
1250 3616 1321 3676 te.
1382 3611 1664 3677 Omnem
1711 3610 1960 3678 fallacis
2003 3612 2435 3679 confidentiae

470 3702 817 3767 materiam
877 3700 1133 3763 evertit.
1222 3697 1503 3764 Urbium
1561 3718 1874 3763 numerus
1933 3698 2186 3764 animos
2244 3697 2434 3762 infla-

476 3788 585 3854 bat
606 3839 622 3868 ,
678 3806 756 3852 eo
809 3784 977 3868 quod
1033 3804 1371 3866 nunquam
1417 3794 1759 3866 putassent
1803 3792 2064 3849 tantum
2107 3785 2434 3867 fatigatio-

470 3876 577 3941 nis
629 3872 879 3937 laturos
922 3869 1161 3948 hostes,
1206 3880 1282 3933 ut
1325 3871 1524 3934 finem
1568 3869 1906 3955 pugnandi
1949 3891 2082 3934 non
2126 3871 2433 3949 facerent,

472 3960 602 4025 nisi
659 3958 961 4023 omnibus
1017 3957 1241 4038 captis.
1332 3952 1582 4021 Omnes
1639 3955 1845 4040 igitur
1908 3954 2098 4022 urbes
2143 3976 2436 4038 compre·

472 4044 718 4121 hendit,
759 4063 1037 4126 quarum
1077 4040 1499 4106 multitudine
1542 4041 1694 4106 freti
1733 4042 1866 4106 vim
1902 4041 2207 4107 hostilem
2252 4062 2434 4125 sper-

470 4131 737 4197 nebant.
817 4127 1055 4204 Addit,
1102 4127 1347 4193 frustra
1389 4149 1499 4192 eos
1542 4128 1868 4193 confidere
1911 4130 2117 4192 muris
2160 4127 2437 4193 excelsis

471 4228 538 4284 et
592 4214 897 4291 munitis,
961 4213 1115 4296 quia
1171 4214 1275 4279 vel
1332 4213 1655 4279 machinis
1700 4212 1902 4279 diruti
1948 4222 2287 4291 corruent,
2328 4213 2433 4279 vel

471 4310 704 4387 sponte
772 4299 1007 4367 cadent
1076 4298 1145 4363 in
1204 4298 1400 4384 longa
1455 4298 1808 4365 obsidione.
1910 4300 2204 4382 Utroque
2260 4301 2435 4365 enim

471 4388 664 4455 modo
718 4386 956 4469 exponi
1001 4392 1219 4468 potest
1259 4385 1472 4462 locus,
1532 4385 1636 4451 vel
1684 4385 1856 4469 quod
1901 4386 2125 4451 hostes
2169 4383 2436 4451 subver-

472 4482 617 4542 tent
682 4494 757 4540 ac
814 4479 1232 4556 prosternent
1287 4471 1595 4555 quidquid
1644 4480 1744 4537 est
1800 4471 2273 4551 munitionum,
2329 4471 2435 4537 vel

470 4559 643 4647 quod
701 4579 820 4625 sua
874 4557 1235 4641 pertinacia
1288 4577 1513 4623 muros
1569 4556 1931 4639 quamlibet
1986 4557 2276 4624 excelsos
2325 4579 2433 4623 su-

473 4646 820 4734 perabunt.
909 4642 1081 4709 Mihi
1139 4652 1272 4707 tam
1333 4643 1646 4708 diuturna
1703 4643 1953 4709 obsidio
2010 4665 2203 4726 quam
2271 4664 2434 4727 pug-

467 4735 675 4803 nandi
711 4729 1067 4797 strenuitas
1100 4728 1362 4795 videtur
1396 4730 1631 4795 notari.
1691 4729 1781 4794 Et
1816 4750 1982 4812 quae
2010 4730 2306 4813 sequitur
2331 4750 2435 4795 re-

469 4821 700 4909 petitio
724 4817 880 4882 mali
918 4815 1308 4900 gravitatem
1354 4824 1727 4899 exaggerat,
1770 4815 1939 4899 quod
1977 4814 2048 4880 in
2093 4827 2270 4881 terra
2313 4836 2437 4881 sua

471 4917 541 4976 et
577 4906 895 4973 divinitus
935 4921 1243 4967 concessa
1274 4908 1411 4965 tam
1449 4902 1774 4967 violenter
1808 4912 2209 4986 prementur.
2274 4899 2437 4968 Ore·

472 4996 571 5063 vit
614 4994 791 5059 enim
827 4987 1190 5072 indignitas
1235 5008 1315 5052 ex
1361 4988 1504 5071 ipsa
1545 4988 1669 5053 loci
1713 4989 2222 5054 circumstantia.

646 5078 749 5145 53.
810 5074 899 5141 Et
946 5074 1219 5140 comedes
1271 5074 1550 5155 fructum
1605 5076 1785 5140 uteri.
1886 5073 2072 5141 Haec
2139 5084 2294 5140 sunt
2352 5094 2435 5138 ex

472 5165 799 5252 portentis
860 5181 1140 5244 quorum
1185 5159 1383 5243 paulo
1429 5169 1584 5225 ante
1626 5160 1802 5226 facta
1844 5158 1971 5225 fuit
2015 5160 2294 5225 mentio:
2342 5159 2436 5224 fe-

473 5255 636 5320 ritas
679 5250 856 5315 enim
902 5257 1004 5312 est
1046 5245 1446 5311 detestabilis
1482 5255 1548 5310 et
1581 5245 1734 5328 plus
1770 5267 1961 5330 quam
2009 5246 2277 5329 tragica,
2323 5265 2437 5329 pa-

469 5348 607 5408 tres
641 5345 710 5403 et
742 5339 987 5399 matres
1022 5333 1198 5400 vesci
1234 5332 1476 5399 sobolis
1511 5352 1669 5398 suae
1713 5330 2039 5412 carnibus,
2085 5333 2272 5398 cuius
2317 5353 2433 5395 na-

2529 600 2832 665 turaliter
2865 600 3113 669 inditus
3148 612 3249 669 est
3280 605 3574 669 omnium
3610 603 3849 670 animis
3893 614 4120 671 tantus
4163 627 4364 682 amor,
4409 614 4486 671 ut

2530 685 2686 751 dum
2729 687 2993 753 solliciti
3037 699 3198 757 sunt
3239 698 3545 774 parentes
3590 688 3669 755 de
3713 690 3968 770 liberis,
4011 691 4149 757 fere
4194 713 4265 757 se
4306 691 4484 775 ipsos

2528 772 3018 855 obliviscantur,
3061 775 3250 840 multi
3294 777 3496 842 etiam
3538 773 3919 842 occumbere
3963 797 4095 842 non
4140 776 4482 845 dubitave-

2527 859 2663 924 rint
2719 879 2839 943 pro
2882 860 3126 927 tuenda
3183 863 3477 945 ipsorum
3522 861 3752 927 salute.
3839 862 3985 927 Imo
4026 885 4230 947 quum
4274 865 4484 931 foetus

2529 965 2680 1010 suos
2712 944 2908 1011 bruta
2942 947 3252 1013 animalia
3285 957 3423 1013 tam
3455 948 3804 1033 diligenter
3831 946 4119 1026 foveant,
4166 950 4319 1033 quid
4350 951 4484 1015 foe-

2531 1030 2677 1096 dius
2722 1040 2788 1096 et
2843 1034 3057 1117 magis
3100 1034 3612 1099 abominandum
3655 1053 3849 1117 quam
3893 1033 4193 1102 homines
4236 1038 4486 1119 proprii

2531 1118 2873 1200 sanguinis
2939 1140 3164 1185 curam
3237 1119 3561 1186 abiicere?
3643 1120 3829 1186 Haec
3896 1142 4050 1186 vero
4106 1123 4485 1188 immanitas

2531 1208 2824 1269 monstra
2888 1206 3109 1270 omnia
3167 1216 3473 1289 superat,
3531 1206 3642 1270 ubi
3701 1215 3886 1288 pater
3937 1215 4005 1272 et
4060 1220 4270 1272 mater
4324 1230 4487 1292 quos

2530 1299 2961 1373 procrearunt
2992 1292 3202 1357 foetus
3240 1293 3684 1376 ingurgitant:
3721 1300 3790 1357 et
3825 1305 4044 1358 tamen
4090 1294 4321 1359 effectu
4369 1294 4488 1359 mi-

2531 1374 2707 1439 nime
2764 1377 2978 1441 caruit
3035 1377 3197 1444 haec
3258 1379 3708 1457 comminatio,
3768 1386 3842 1443 ut
3898 1378 4052 1443 alibi
4104 1381 4322 1446 visum
4365 1390 4483 1448 est.

2532 1459 2680 1541 Quo
2738 1464 2947 1546 magis
3002 1464 3235 1529 terreri
3282 1486 3401 1530 nos
3445 1462 3666 1543 decet,
3726 1464 3883 1529 dum
3928 1463 4229 1532 videmus
4272 1466 4489 1533 Deum

2532 1545 2771 1610 talibus
2826 1549 3144 1632 exemplis
3188 1569 3412 1615 eorum
3458 1550 3686 1617 ulcisci
3730 1548 4005 1631 scelera,
4050 1572 4211 1634 quos
4262 1555 4329 1617 in
4375 1573 4489 1636 pe-

2531 1631 2779 1698 culium
2840 1634 2965 1699 sibi
3031 1635 3276 1720 eligere
3336 1635 3642 1717 dignatus
3702 1648 3862 1702 erat.
3974 1637 4204 1721 Neque
4269 1646 4492 1705 tamen

2531 1721 2772 1801 absque
2816 1720 3173 1786 iustissima
3207 1743 3406 1788 causa
3442 1731 3781 1805 tantopere
3818 1723 3888 1786 in
3925 1722 4202 1789 Iudaeos
4245 1726 4498 1791 exarsit

2530 1805 2668 1870 eius
2713 1806 3056 1887 severitas,
3110 1808 3225 1890 qui
3268 1809 3433 1873 nihil
3479 1808 3562 1873 ad
3606 1828 3834 1873 omnes
3877 1808 4302 1891 iniquitatum
4348 1831 4380 1875 s
4425 1832 4495 1876 e-

2529 1892 2662 1956 cies
2705 1891 3032 1975 reliquum
3079 1893 3388 1978 fecerant,
3434 1903 3507 1959 ut
3551 1894 3680 1959 iam
3729 1893 3909 1958 nullo
3955 1895 4147 1959 modo
4190 1896 4397 1961 tolera
4441 1898 4495 1961 i-

2530 1976 2612 2041 lis
2648 1987 2819 2042 esset
2854 1998 3082 2043 eorum
3117 1980 3439 2064 impietas.
3510 1978 3895 2044 Tenendum
3933 1982 4199 2046 omnino
4236 1991 4353 2061 est,
4391 2003 4498 2049 ec—

2528 2063 2764 2128 clesiae
2809 2063 3226 2145 domesticos,
3272 2066 3512 2148 quibus
3555 2066 3876 2149 patefacta
3920 2076 4020 2132 est
4062 2066 4188 2132 Dei
4233 2070 4497 2151 veritas,

2531 2169 2606 2213 eo
2651 2147 2868 2216 minus
2912 2172 3056 2216 esse
3095 2152 3515 2230 excusabiles,
3559 2151 3730 2234 quod
3772 2152 4050 2218 scientes
4091 2163 4157 2217 et
4200 2154 4498 2223 volentes

2528 2235 2668 2300 eius
2712 2235 2879 2301 iram
2923 2244 3312 2319 provocant,
3365 2238 3747 2303 continuam
3794 2259 3948 2303 vero
3991 2239 4301 2322 peccandi
4346 2242 4491 2308 obs-

2531 2319 2923 2386 tinationem
2965 2342 3235 2406 prorsus
3281 2324 3458 2388 omni
3497 2323 3689 2389 venia
3733 2323 4071 2405 indignam
4115 2346 4276 2393 esse.
4357 2328 4496 2392 Au-

2528 2414 2720 2491 getur
2762 2408 3040 2473 monstri
3077 2408 3366 2487 foeditas,
3413 2410 3522 2475 ubi
3558 2409 3715 2474 dicit
3756 2410 3935 2475 viros
3976 2409 4217 2494 alioqui
4261 2410 4500 2481 delica-

2529 2503 2630 2557 tos
2690 2500 2756 2557 et
2813 2492 3090 2560 lautitiis
3149 2503 3475 2574 assuet08,
3532 2515 3688 2579 prae
3732 2494 3907 2561 fame
3955 2495 4114 2560 adeo
4174 2498 4497 2583 malignos

2528 2578 2698 2655 fore,
2763 2589 2834 2643 ut
2886 2600 3034 2646 cum
3079 2581 3395 2647 uxoribus
3439 2589 3507 2646 et
3548 2580 3773 2646 liberis
3815 2583 4278 2665 superstitibus
4320 2586 4500 2651 nefa-

2529 2665 2701 2728 rium
2746 2664 2961 2731 cibum
3019 2668 3250 2750 partiri
3294 2677 3636 2734 recusent:
3693 2668 3863 2733 sicut
3903 2667 4146 2734 diserte
4191 2672 4501 2753 exprimit

2529 2749 2875 2829 Ieremias,
2935 2752 3209 2818 feminas
3254 2753 3704 2820 misericordes
3748 2753 3923 2818 fame
3977 2755 4070 2818 ita
4111 2755 4249 2820 fore
4293 2757 4502 2822 rabio-

2531 2857 2636 2901 sas
2682 2846 2758 2902 ut
2800 2838 2966 2903 filios
3010 2859 3164 2904 suos
3220 2850 3502 2923 coquant
3544 2838 3815 2924 (Thren.
3862 2840 3922 2920 4,
3971 2838 4097 2926 10).
4186 2844 4499 2909 Atrocius

2533 2922 2729 2987 etiam
2774 2923 2945 3006 quod
2988 2925 3283 3008 sequitur
3326 2925 3405 2990 de
3449 2925 3854 3005 secundinis,
3896 2926 3992 2991 sic
4033 2936 4250 2992 autem
4294 2950 4500 2994 mem-

2534 3008 2805 3073 branam
2832 3019 3064 3075 vocant
3098 3031 3227 3092 qua
3259 3010 3473 3076 foetus
3501 3011 3829 3095 obtegitur
3862 3012 3933 3076 in
3970 3024 4157 3079 utero
4193 3035 4329 3080 una
4350 3035 4501 3082 cum

2534 3095 2834 3160 omnibus
2871 3098 3326 3163 excrementis.
3397 3096 3633 3163 Cibum
3672 3118 3830 3182 ergo
3866 3119 4099 3181 parare
4135 3120 4219 3164 ex
4264 3100 4503 3166 foetida

2534 3180 2703 3262 pelle
2762 3181 2947 3248 cuius
2999 3191 3303 3265 aspectus
3347 3182 3602 3249 horrori
3649 3192 3747 3250 est
3766 3233 3781 3264 ,
3840 3184 4057 3268 palam
4095 3185 4504 3252 demonstrat

2537 3266 3011 3333 formidabilem
3058 3269 3185 3334 Dei
3232 3268 3603 3335 vindictam.

3056 3609 3189 3675 EX
3231 3609 3567 3677 EODEM
3614 3610 3978 3678 CAPITE.

2710 3781 2810 3847 58.
2873 3780 3029 3846 Nisi
3082 3783 3448 3849 custodieris
3505 3788 3578 3847 ut
3616 3783 3824 3865 facias
3866 3785 4080 3849 omnia
4120 3785 4308 3851 verba
4349 3787 4505 3871 leyis

2539 3868 2731 3933 huius
2789 3887 2950 3949 quae
3000 3869 3237 3948 scripta
3293 3875 3443 3935 sunt
3500 3870 3572 3934 in
3625 3868 3734 3934 hoo
3788 3867 3945 3935 bibra
3964 3920 3978 3946 ,
4030 3872 4122 3951 ,ad
4162 3873 4503 3939 timendum

2535 3974 2756 4019 nomen
2771 3954 3113 4037 ylariosum
3146 3955 3316 4020 istud
3350 3961 3406 4020 et
3426 3954 3717 4034 terribile,
3755 3953 4052 4020 Iehovami
4070 3956 4281 4023 Deum
4300 3963 4498 4040 tuum,

2538 4040 2643 4108 59.
2670 4039 3102 4105 Admirabiles
3136 4041 3346 4106 reddet
3370 4040 3600 4107 Iehova
3625 4040 3862 4124 playas
3880 4046 4041 4121 tuas,
4075 4047 4132 4107 et
4141 4042 4372 4127 playas
4404 4063 4501 4111 se·
4585 4078 4602 4095 ·

2537 4129 2732 4192 minis
2750 4126 2863 4203 tui,
2875 4126 3112 4209 playas
3142 4147 3407 4211 mayuas
3441 4131 3498 4193 et
3530 4133 3732 4193 certas
3760 4125 3823 4212 ¹),
3862 4132 3919 4191 et
3940 4127 4183 4195 morbos
4202 4131 4403 4195 malos
4442 4137 4500 4196 et

2537 4218 2741 4279 certos.
2810 4212 2911 4277 60.
2940 4210 3383 4293 Convertesque
3416 4214 3486 4277 in
3518 4217 3576 4277 te
3610 4233 3819 4278 omnes
3858 4214 4101 4280 morbos
4131 4214 4421 4366 Aemi,
4458 4237 4502 4282 a

2537 4299 2769 4383 quibus
2811 4298 3080 4362 timuisti
3119 4298 3234 4362 tibi
3250 4349 3265 4378 ,
3310 4303 3367 4363 et
3409 4298 3826 4365 adhaerebunt
3865 4298 3997 4364 tibi.
4087 4300 4189 4365 61.
4361 4321 4499 4368 nem

2536 4385 2836 4462 morbum,
2882 4387 2938 4449 et
2972 4402 3211 4448 omnem
3236 4384 3499 4467 plagam
3539 4405 3698 4467 quae
3737 4405 3861 4449 non
3902 4390 3991 4450 est
4029 4388 4267 4470 scripta
4308 4389 4379 4453 in
4423 4389 4499 4454 li-

2538 4471 2645 4535 bro
2697 4469 2855 4553 leyis
2921 4467 3142 4548 huius,
3204 4471 3444 4536 inducet
3501 4470 3732 4536 Iehova
3789 4491 3981 4553 super
4046 4477 4133 4551 te,
4191 4471 4374 4539 donec
4430 4478 4509 4538 tu-

2526 4556 2844 4639 perdaris.
2932 4554 3036 4621 62.
3098 4554 3187 4619 Et
3225 4556 3670 4638 relinquamini
3703 4559 3903 4638 pauci
3954 4578 4206 4623 nmero
4249 4579 4373 4641 pro
4429 4580 4497 4625 eo

2538 4642 2700 4725 quod
2722 4642 2918 4706 eratis
2951 4643 3113 4707 sieut
3131 4641 3344 4707 stellae
3376 4642 3522 4707 coeli
3555 4644 3626 4707 in
3646 4642 4142 4709 multitudinem.-
4183 4646 4337 4726 quia
4369 4666 4494 4711 non

2536 4727 2792 4793 obedisti
2848 4729 2979 4792 voci
3033 4727 3296 4793 Iebovae
3340 4727 3466 4793 Dei
3509 4729 3621 4793 tui.
3713 4729 3815 4794 63.
3861 4728 3950 4793 Et
3991 4730 4111 4794 erit
4139 4736 4492 4811 praeterea,

2537 4813 3050 4894 quemadmodum
3108 4814 3369 4880 laetatus
3416 4820 3506 4879 est
3547 4813 3777 4880 Iehova
3819 4835 4009 4895 super
4049 4834 4156 4879 vos
4195 4816 4493 4899 benefaci-

2536 4900 2690 4965 endo
2729 4899 2918 4977 vobis,
2963 4905 3018 4964 et
3058 4899 3528 4987 multiplicando
3571 4919 3708 4965 vos:
3749 4901 3843 4966 sic
3884 4900 4216 4966 laetabitur
4260 4902 4493 4967 Iekova

2536 5006 2725 5068 super
2775 5004 2917 5063 vos,
2968 4986 3283 5069 perdendo
3338 4991 3394 5051 et
3445 4985 3697 5052 delendo
3749 5006 3889 5052 vos.-
3945 4986 4400 5069 evelleminique
4461 5010 4492 5051 e

2535 5076 2705 5136 terra
2762 5070 2847 5135 ad
2900 5090 3093 5153 quam
3147 5072 3551 5156 inyredimini
3606 5076 3675 5135 ut
3709 5073 4102 5152 possideatis
4142 5093 4297 5140 eam.
4388 5073 4492 5139 64.

2539 5157 2628 5221 Et
2678 5157 2983 5240 disperyet
3032 5163 3089 5223 te
3148 5159 3383 5225 Iehova
3424 5159 3493 5221 in
3536 5177 3742 5223 omnes
3776 5158 4059 5241 populos,
4102 5158 4181 5225 ab
4221 5180 4347 5226 uno
4388 5181 4493 5227 esc-

2677 5346 2735 5417 1)
2772 5345 2844 5401 In
2880 5348 3128 5415 maraine
3162 5348 3273 5403 bis:
3307 5347 3412 5412 vel,
3449 5350 3774 5400 constantes.
