5017 6142
410 426 537 493 145

407 615 612 682 millia
628 664 645 695 ,
692 618 874 697 atque
925 614 1259 698 quinqenti.
1346 614 1449 680 34.
1517 615 1619 681 De
1654 613 1816 696 filiis
1860 613 2190 694 Manasse‚
2219 634 2341 696 per

406 700 831 788 qenerationes
872 720 1027 765 suas
1043 750 1060 780 ‚
1093 721 1215 782 per
1251 701 1461 766 domos
1508 705 1768 782 patrum
1814 720 2104 778 suorum,
2163 701 2342 764 iuxta

409 806 741 853 numerum
780 786 1115 866 nominum,
1163 808 1205 851 a
1246 785 1378 867 filio
1410 786 1635 869 viyinti
1676 806 1985 853 annorum
2028 790 2085 849 et
2123 805 2340 866 supra,

411 872 614 940 omnis
666 871 984 955 eyrediens
1044 873 1131 938 ad
1180 892 1478 956 puynam.
1566 872 1669 937 35.
1739 871 2074 937 Numerati
2135 888 2345 935 eorum

408 960 488 1025 de
540 956 710 1023 tribu
753 955 1080 1036 Manasse,
1138 959 1260 1023 duo
1312 962 1368 1022 et
1409 958 1668 1041 triqinta
1720 958 1953 1038 millia,
2011 962 2191 1037 atque
2231 956 2345 1020 du-

411 1045 588 1110 centi.
674 1042 775 1108 36.
843 1041 943 1108 De
970 1042 1130 1123 filiis
1169 1040 1529 1123 Beniamin,
1562 1062 1680 1124 per
1716 1042 2133 1128 qenerationes
2172 1060 2344 1118 suas,

401 1151 531 1212 per
560 1127 851 1211 familias
890 1148 1063 1206 suas,
1094 1147 1220 1209 per
1258 1129 1507 1194 domum
1537 1132 1795 1211 patrum
1833 1148 2093 1193 suorum
2109 1178 2124 1207 ,
2166 1127 2349 1192 iuxta

413 1234 744 1281 numerum
782 1214 1117 1293 nominum,
1163 1234 1205 1279 a
1242 1212 1376 1294 filio
1415 1214 1640 1298 viqinti
1681 1234 1989 1281 annorum
2028 1218 2088 1279 et
2126 1232 2344 1292 supra,

414 1301 619 1367 omnis
680 1299 992 1383 eyrediens
1053 1299 1139 1365 ad
1190 1319 1495 1383 puynam.
1583 1299 1686 1364 37.
1752 1299 2084 1364 Numerati
2139 1318 2349 1363 eorum

413 1387 491 1452 de
531 1385 697 1450 tribu
740 1383 1101 1462 Beniamin,
1145 1386 1413 1467 quinque
1454 1390 1512 1450 et
1550 1385 1809 1469 triyinta
1849 1383 2053 1449 millia
2096 1389 2152 1449 et
2192 1403 2346 1464 qua-

415 1470 747 1554 drinyenti.
836 1470 938 1536 38.
1004 1469 1106 1535 De
1142 1469 1302 1551 filiis
1336 1468 1488 1535 Dan
1503 1521 1518 1550 ,
1551 1491 1676 1552 per
1713 1470 2135 1555 qenerationes
2175 1487 2347 1547 suas,

405 1577 530 1638 per
569 1555 859 1637 familias
900 1576 1085 1637 suos,
1117 1576 1240 1638 per
1280 1557 1489 1621 domos
1520 1559 1780 1637 patrum
1816 1575 2104 1634 suorum,
2162 1556 2348 1620 iuxta

416 1661 743 1707 numerum
785 1642 1105 1706 nominum
1122 1692 1136 1717 ,
1173 1663 1215 1706 a
1254 1641 1390 1723 filio
1431 1642 1654 1725 viyinti
1692 1661 2000 1707 annorum
2033 1645 2089 1705 et
2129 1659 2347 1721 supra,

417 1728 621 1794 omnis
675 1727 990 1810 eyrediens
1053 1727 1138 1791 ad
1179 1748 1482 1810 puynam.
1570 1727 1673 1792 39.
1744 1726 2079 1792 Numerati
2141 1743 2351 1789 eorum

417 1814 495 1878 de
551 1812 718 1878 tribu
762 1811 942 1891 Dan,
995 1813 1118 1877 duo
1161 1818 1217 1876 et
1269 1814 1595 1897 seccayinta
1647 1812 1850 1878 millia
1886 1817 2066 1893 atque
2119 1811 2349 1893 septin-

414 1899 599 1983 9enti.
687 1897 789 1961 40.
831 1895 932 1962 De
969 1898 1129 1979 filiis
1185 1899 1356 1963 Aser
1383 1919 1506 1979 per
1542 1898 1964 1982 yenerationes
2003 1916 2185 1976 suas,
2231 1915 2353 1977 per

414 1984 711 2068 familias
750 2002 930 2060 suas,
981 2004 1097 2066 per
1137 1984 1346 2049 domos
1374 1988 1637 2064 patrum
1679 2002 1968 2062 suorum,
2010 1984 2191 2046 iuxta
2231 2001 2351 2045 nu·

417 2089 664 2135 merum
716 2069 1060 2149 nominum,
1112 2090 1154 2134 a
1204 2068 1337 2151 filio
1387 2069 1609 2152 viyinti
1660 2088 1962 2134 annorum
2017 2072 2071 2132 et
2132 2086 2352 2147 supra,

420 2156 622 2221 omnis
677 2154 993 2238 eyrediens
1056 2154 1140 2220 ad
1190 2175 1494 2238 puynam.
1583 2155 1685 2219 41.
1756 2153 2093 2219 Numerati
2144 2172 2355 2218 eorum

416 2243 498 2307 de
562 2240 730 2305 tribu
792 2239 990 2320 Aser,
1054 2259 1250 2304 mium
1296 2245 1352 2304 et
1414 2240 1835 2323 quadraqinta
1907 2238 2112 2304 millia
2171 2244 2357 2320 atque

418 2326 757 2410 quinyenti.
845 2325 947 2389 42.
1016 2324 1118 2391 De
1154 2324 1314 2405 filiis
1358 2324 1695 2407 Nephthali
1710 2376 1726 2403 ,
1778 2345 1895 2407 per
1937 2324 2355 2409 yenerationes

421 2431 610 2483 suas,
656 2431 778 2492 per
810 2409 1099 2492 familias
1152 2431 1337 2487 suas,
1380 2431 1504 2493 per
1535 2412 1748 2476 domos
1779 2415 2037 2492 patrum
2077 2429 2355 2487 suorum,

420 2499 607 2563 iuxta
659 2515 987 2560 numerum
1039 2497 1360 2562 nominum
1406 2518 1449 2562 a
1482 2497 1616 2577 filio
1670 2496 1893 2578 viqinti
1937 2515 2246 2561 annorum
2302 2499 2360 2593 et

419 2602 656 2734 micis,
677 2581 1412 2749 dzmsslsbueylllqcssflbsalgd
1406 2669 1534 2733 tria
1575 2673 1632 2733 et
1662 2581 2357 2751 quinqffapivffimmeillzitd

422 2759 606 2834 atque
648 2752 1099 2835 quadrinyenti.
1187 2751 1292 2818 44.
1360 2754 1485 2818 Isti
1526 2759 1669 2817 sunt
1711 2754 2018 2818 numerati
2060 2753 2163 2817 illi
2204 2771 2358 2834 quos

422 2839 778 2904 numeravit
835 2836 1044 2904 Moses
1084 2843 1140 2904 et
1180 2838 1442 2904 Aharon
1484 2845 1662 2920 atque
1691 2840 2014 2920 principes
2057 2836 2358 2903 Israelis.-

424 2924 746 2990 duodecim
800 2925 927 2989 viri
936 2949 954 2987 .·
1032 2924 1268 3007 sinyuli
1316 2945 1437 3006 per
1516 2926 1727 2990 domos
1779 2929 2039 3007 patrum
2101 2943 2359 2988 suorum

424 3015 618 3077 erant.
704 3008 807 3074 45.
888 3007 1291 3091 Fueruntque
1386 3030 1592 3075 omnes
1688 3010 1998 3075 numerati
2078 3010 2359 3090 filiorum

424 3095 640 3163 Israel
659 3115 782 3175 per
809 3094 1018 3161 domos
1047 3100 1306 3176 patrum
1330 3115 1607 3173 suorum,
1649 3116 1693 3162 a
1730 3096 1863 3178 filio
1904 3094 2124 3178 viyinti
2168 3114 2360 3160 anno-

423 3201 573 3246 rum
616 3186 671 3246 et
711 3201 928 3262 supra,
972 3182 1171 3245 omnis
1204 3182 1514 3265 eyrediens
1547 3181 1633 3247 ad
1661 3202 1946 3264 puynam
1988 3181 2057 3244 in
2101 3179 2360 3246 Israele.

424 3267 530 3331 46.
601 3265 882 3330 Fuerunt
934 3267 1195 3348 inquam
1246 3286 1450 3331 omnes
1505 3268 1847 3345 numerati,
1900 3270 2184 3331 sexcenta
2235 3266 2363 3329 tria

424 3351 639 3417 millia
702 3357 758 3416 et
823 3350 1140 3434 quinyenti
1213 3353 1685 3436 quinquaqinta.
1773 3352 1877 3416 47.
1945 3352 2034 3416 At
2113 3350 2365 3416 Levitae

413 3458 540 3520 per
594 3434 826 3501 tribum
867 3441 1131 3519 patrum
1178 3458 1434 3503 suorum
1475 3458 1598 3503 non
1634 3438 1892 3520 fuerunt
1940 3436 2254 3502 numerati
2296 3435 2363 3499 in

426 3523 627 3589 medio
647 3542 872 3588 eorum.
917 3522 1020 3587 48.
1053 3522 1374 3605 Loquutus
1395 3524 1560 3589 enim
1594 3529 1729 3589 erat
1751 3522 1976 3589 Iehova
2020 3522 2104 3587 ad
2125 3520 2361 3599 Mosen,

425 3609 716 3674 dicendo:
802 3607 904 3673 49.
968 3607 1395 3675 Verumtamen
1422 3614 1468 3686 ¹)
1511 3607 1740 3673 tribum
1796 3607 1952 3673 Levi
1992 3628 2117 3672 non
2157 3625 2366 3672 nume-

424 3693 624 3772 rabis,
663 3713 855 3775 neque
895 3713 1207 3759 summam
1248 3716 1457 3761 eorum
1499 3696 1706 3777 capies
1739 3696 1807 3759 in
1851 3694 2049 3760 medio
2086 3693 2367 3774 filiorum

431 3779 662 3844 Israel.
751 3777 855 3844 50.
928 3778 1051 3844 Sed
1113 3785 1180 3845 tu
1212 3781 1483 3862 praefice
1527 3780 1781 3846 Levitas
1821 3778 2209 3845 tabernaculo
2255 3781 2368 3842 tes-

430 3865 712 3941 timonii,
772 3869 827 3929 et
867 3865 1147 3929 omnibus
1204 3867 1377 3931 vasis
1433 3867 1599 3943 eius,
1657 3872 1713 3931 et
1753 3865 2038 3931 omnibus
2084 3883 2240 3946 quae
2283 3862 2369 3927 ad

435 3950 598 4016 illud
629 3949 972 4031 pertinent.-
1014 3951 1140 4032 ipsi
1170 3951 1509 4033 portabunt
1551 3951 2027 4030 tabernaculum,
2066 3955 2119 4015 et
2162 3949 2371 4013 omnia

432 4056 591 4101 vasa
633 4037 769 4100 eius
786 4086 801 4113 ,
847 4040 901 4099 et
941 4036 1072 4119 ipsi
1113 4036 1555 4102 ministrabunt
1596 4037 1725 4110 illi,
1770 4041 1827 4100 et
1868 4036 1940 4100 in
1983 4035 2244 4101 circuitu
2282 4038 2373 4098 ta-

433 4121 749 4186 bernaculi
809 4121 1422 4187 castrametabuntur.
1509 4122 1610 4188 51.
1676 4122 1936 4203 Quando
1989 4125 2191 4188 autem
2224 4139 2373 4206 pro-

430 4206 746 4288 ficiscetur
787 4205 1268 4286 tabernaculum,
1311 4208 1606 4288 deponent
1646 4207 1807 4273 illud
1849 4207 2132 4272 Levitae:
2181 4224 2375 4288 quum

434 4292 728 4359 consistet
781 4291 1272 4372 tabernaculum,
1332 4295 1559 4377 eriyent
1608 4293 1769 4359 illud
1827 4292 2110 4358 Levitae:
2165 4297 2221 4357 et
2267 4310 2372 4356 ex-

435 4384 697 4443 traneus
738 4379 850 4460 qui
882 4379 1239 4457 accesserit,
1287 4380 1597 4445 morietur.
1686 4378 1788 4444 52.
1854 4378 1941 4443 Et
1981 4381 2379 4443 castrameta-

436 4464 671 4529 buntur
708 4464 834 4544 filii
879 4462 1086 4529 Israel
1127 4464 1385 4545 quisque
1418 4464 1754 4530 incastris
1795 4465 1963 4542 suis,
2019 4468 2075 4528 et
2115 4463 2376 4543 quisque

436 4551 627 4614 iuxta
666 4548 966 4613 vexillum
1007 4570 1211 4625 suum,
1250 4554 1303 4614 et
1338 4570 1458 4631 per
1499 4551 1799 4617 exercitus
1842 4570 2011 4615 suos.
2102 4547 2204 4614 53.
2254 4547 2374 4612 Le-

433 4635 609 4700 vitae
668 4655 811 4699 vero
865 4634 1462 4701 castrametabuntur
1524 4637 1595 4701 in
1656 4636 1920 4701 circuitu
1994 4634 2378 4700 tabernaculi

434 4720 809 4784 testimonii.-
842 4725 896 4785 et
928 4742 1047 4785 non
1081 4721 1199 4787 erit
1230 4721 1335 4785 ira
1367 4742 1554 4801 super
1586 4726 1815 4786 coetum
1844 4721 2117 4802 filiorum
2142 4718 2380 4785 Israel.-

434 4806 895 4887 custodientque
937 4805 1190 4872 Levitae
1230 4807 1567 4872 custodiam
1604 4805 1986 4873 tabernaculi
2016 4804 2377 4870 testimonii.

438 4890 549 4956 54.
619 4889 922 4956 Fecerunt
963 4912 1103 4976 eryo
1140 4891 1266 4973 filii
1309 4891 1518 4958 Israel
1558 4892 1740 4958 iuxta
1773 4892 1981 4958 omnia
2016 4911 2173 4971 quae
2194 4909 2384 4973 prae·

436 4981 689 5057 ceperat
730 4975 956 5042 Iebova
1001 4976 1190 5057 Mosi,
1233 4978 1325 5044 sic
1363 4978 1652 5061 fecerunt.

623 5197 682 5266 1)
717 5196 792 5250 In
825 5199 1096 5266 maraine.-
1132 5197 1251 5265 Vel,
1287 5199 1489 5266 utique,
1526 5198 1630 5265 vel,
1664 5197 2056 5252 tantummodo.

652 5417 872 5476 Calvina·
901 5433 1087 5489 opera.
1166 5417 1286 5475 Vol.
1311 5415 1504 5475 XXV.

1817 426 2221 539 REQITUS
2267 428 2393 494 AD
2433 426 2978 496 HISTORIAM.

4259 425 4384 491 146

2614 616 2669 682 1.
2734 615 3063 698 Loquutus
3102 620 3196 682 est
3232 621 3455 681 autem.
3542 614 3936 697 Quanquam
3980 612 4088 683 hic
4132 614 4384 697 primus

2441 721 2677 768 census
2721 700 3138 781 describitur,
3183 700 3335 785 quia
3375 711 3596 767 tamen
3640 709 3794 766 ante
3837 699 4023 766 Deus
4061 701 4383 769 tributum

2442 786 2517 851 in
2580 787 2840 870 singula
2903 787 3117 869 capita
3167 784 3527 864 indixerat,
3601 785 3786 852 cuius
3851 807 4110 851 summa
4172 788 4384 855 relata

2442 871 2598 949 fuit,
2674 871 2902 937 ordine
2983 871 3343 938 secundum
3423 871 3620 937 fuisse
3707 870 4090 955 colligimus.
4180 873 4383 941 Ratio

2445 966 2662 1022 autem
2704 957 2944 1022 iterum
2988 956 3296 1023 censendi
3340 956 3558 1039 populi
3594 956 3746 1034 fuit,
3807 958 3958 1040 quia
4001 957 4193 1040 paulo
4237 966 4386 1043 post

2447 1051 2660 1108 castra
2715 1043 2952 1108 moturi
2996 1051 3187 1108 erant
3231 1063 3267 1106 e
3312 1041 3566 1107 deserto
3620 1040 3808 1108 Sinai
3851 1040 3933 1107 ad
3987 1054 4232 1109 terram
4276 1066 4386 1112 oc·

2447 1126 2833 1210 cupandam.
2899 1128 3007 1192 Ex
3052 1146 3179 1211 quo
3214 1136 3433 1192 autem
3469 1147 3791 1192 remoram
3827 1126 3954 1192 illis
3996 1128 4216 1195 attulit
4262 1151 4383 1196 sua

2449 1214 2777 1295 impietas,
2848 1212 2971 1278 sub
3034 1213 3405 1296 ingressum
3466 1212 3670 1294 ipsius
3730 1221 3947 1280 terrae
4011 1224 4196 1281 actus
4258 1216 4389 1281 fuit

2449 1298 2685 1365 tertius
2737 1317 3001 1364 census:
3061 1297 3289 1381 idque,
3357 1305 3430 1361 ut
3486 1318 3569 1362 ex
3623 1298 4103 1380 comparatione
4166 1301 4388 1385 palam

2449 1385 2653 1463 fieret,
2711 1384 2880 1448 inter
2934 1393 3034 1449 tot
3082 1383 3309 1467 plagas
3356 1392 3424 1447 et
3476 1382 3691 1448 clades
3744 1384 4054 1467 populum
4110 1385 4383 1451 mirabi-

2450 1468 2597 1534 liter
2647 1490 2818 1534 nova
2880 1468 3099 1534 sobole
3163 1469 3361 1534 fuisse
3418 1480 3906 1533 conservatum:
3972 1490 4128 1535 nam
4185 1492 4390 1554 quum

2448 1576 2690 1638 magna
2726 1574 2874 1638 pars
2908 1561 3289 1636 consumpta
3331 1561 3520 1632 esset,
3557 1553 3825 1619 totidem
3864 1554 3999 1619 fere
4041 1562 4200 1638 quot
4235 1565 4393 1622 ante

2448 1650 2709 1725 reperta
2734 1642 2999 1704 fuerunt
3023 1639 3252 1722 capita.
3299 1638 3505 1705 Porro
3529 1637 3886 1704 notandum
3920 1648 4038 1721 est,
4076 1641 4391 1724 populum

2451 1725 2714 1791 nonnisi
2771 1724 2896 1789 Dei
2955 1722 3263 1790 mandato
3319 1723 3518 1789 fuisse
3575 1744 3870 1800 censum,
3931 1736 4004 1790 ut
4058 1747 4388 1792 summum

2451 1811 2555 1876 ius
2600 1810 2859 1893 imperii
2900 1809 3025 1875 sibi
3067 1819 3418 1875 assereret:
3477 1809 3790 1875 rationem
3840 1831 3997 1876 vero
4052 1811 4146 1877 sic
4190 1812 4394 1877 fuisse

2454 1895 2862 1979 dispositam,
2923 1917 3003 1960 ne
3053 1917 3181 1978 qua
3239 1893 3485 1960 ordinis
3544 1894 3945 1977 perturbatio
4003 1896 4112 1962 vel
4161 1896 4394 1962 fraude

2455 1982 2556 2046 vel
2602 1981 3024 2046 tumultuarie
3068 1979 3403 2047 accideret.
3440 1978 3597 2046 Ideo
3631 1981 3805 2045 enim
3850 1981 4150 2066 singulae
4183 1983 4397 2049 tribus

2454 2066 2827 2133 habuerunt
2898 2086 3050 2132 suos
3127 2065 3516 2148 praefectos,
3594 2087 3676 2131 ne
3753 2066 3896 2149 quis
3973 2068 4046 2131 in
4110 2067 4395 2133 alienam

2455 2153 2699 2219 tribum
2741 2151 3108 2234 obreperet:
3154 2161 3349 2234 atque
3393 2147 3458 2215 id
3504 2149 3743 2217 diserte
3787 2152 4073 2236 positum
4116 2159 4216 2219 est
4256 2174 4400 2220 cer·

2457 2237 2763 2304 titudinis
2787 2258 3002 2316 causa,
3048 2237 3198 2320 quia
3232 2236 3468 2320 alioqui
3504 2237 3816 2319 suspicari
3852 2237 4044 2302 multi
4076 2247 4401 2322 poterant,

2461 2326 2573 2391 vix
2654 2332 2904 2388 tantam
2968 2321 3454 2389 multitudinem
3522 2333 3697 2388 certo
3760 2323 4048 2405 potuisse
4111 2325 4182 2389 in
4246 2345 4401 2391 suas

2459 2411 2695 2476 classes
2730 2408 3083 2492 distingui,
3141 2417 3216 2473 ut
3273 2406 3511 2490 absque
3566 2428 3788 2474 errore
3834 2416 3969 2473 tota
4010 2429 4270 2474 summa
4314 2409 4400 2476 ad

2460 2517 2662 2561 unum
2710 2516 2911 2578 usque
2954 2501 3298 2560 constaret.

2632 2580 2732 2645 20.
2803 2578 2967 2644 Filii
3033 2578 3303 2645 Reuben.
3393 2576 3471 2644 Si
3528 2578 3672 2661 quis
3735 2578 3983 2644 rixator
4046 2579 4398 2645 contendat

2457 2666 2775 2732 familiam
2810 2686 3011 2730 unam
3046 2666 3219 2730 inter
3254 2662 3563 2730 ducentos
3597 2672 3661 2729 et
3695 2663 4163 2748 quinquaginta
4196 2684 4406 2731 annos

2459 2773 2592 2818 non
2637 2753 2924 2835 potuisse
2965 2751 3035 2816 in
3080 2759 3340 2816 tantum
3388 2749 3699 2833 populum
3747 2770 4151 2831 excrescere,
4204 2759 4404 2833 atque

2459 2838 2558 2903 ita
2600 2838 2782 2921 quasi
2828 2835 3193 2903 fabulosum
3249 2834 3549 2918 repudiet
3607 2833 3776 2918 quod
3832 2855 4243 2901 communem
4289 2856 4405 2900 na-

2462 2931 2651 2989 turae
2695 2922 2962 2988 modum
3005 2921 3286 2988 excedit:
3336 2919 3692 2986 tenendum
3737 2930 3837 2986 est
3879 2920 4191 2986 memoria
4231 2919 4408 3003 quod

2463 3020 2617 3075 ante
2677 3008 3018 3089 admonui,
3083 3028 3282 3090 quum
3344 3007 3504 3073 haec
3570 3006 3948 3104 propagatio
4004 3005 4320 3089 penderet
4366 3026 4412 3072 a

2464 3093 2591 3160 Dei
2659 3094 3115 3178 promissione,
3195 3093 3358 3158 nihil
3426 3113 3567 3158 esse
3632 3113 3839 3175 magle
3916 3102 4411 3174 praeposterum

2464 3199 2662 3263 quam
2725 3200 2868 3245 eam
2935 3179 3152 3245 metiri
3216 3179 3455 3244 usitato
3520 3198 3717 3243 more.
3805 3176 4170 3242 Consilium
4233 3177 4409 3242 enim

2466 3266 2735 3347 spiritus
2801 3276 2930 3345 est,
2994 3265 3074 3330 ob
3131 3263 3353 3330 oculos
3409 3272 3895 3344 repraesentare
3957 3260 4410 3328 incredibilem

2467 3350 2599 3416 Dei
2645 3351 2950 3416 virtutem
2995 3350 3064 3414 in
3108 3349 3440 3415 luculento
3483 3361 3549 3413 et
3581 3348 3829 3433 insigni
3874 3347 4202 3414 miraculo.
4289 3347 4410 3413 In·

2467 3445 2646 3501 terea
2703 3436 2760 3502 si
2815 3436 3053 3500 tribum
3109 3433 3346 3500 Ruben
3408 3455 3553 3500 cum
3607 3434 3753 3499 aliis
3803 3431 4186 3516 quibusdam
4233 3454 4410 3501 com-

2467 3543 2691 3605 pares,
2767 3522 2836 3586 in
2898 3522 3039 3604 ipso
3103 3540 3378 3586 numero
3449 3520 3709 3603 signum
3791 3518 4261 3585 maledictionis
4339 3539 4413 3586 se

2468 3609 2746 3691 profert:
2797 3618 2867 3672 ut
2911 3606 3213 3690 colligere
3250 3605 3443 3671 liceat
3485 3604 3722 3670 Ruben
3765 3603 3844 3668 de
3882 3605 4127 3669 honore
4169 3605 4414 3688 primo·

2470 3695 2812 3775 geniturae
2869 3693 3069 3757 fuisse
3128 3691 3475 3757 deiectum:
3534 3689 3791 3773 quaudo
3851 3689 4061 3754 tribus
4118 3689 4412 3769 Simeon,

2469 3779 2790 3857 Issachar,
2837 3778 3149 3856 Zabulon,
3186 3777 3338 3843 Dan
3383 3785 3449 3841 et
3493 3775 3852 3858 Nephthali
3896 3776 4162 3840 fuerunt
4204 3776 4414 3859 magis

2470 3866 2844 3951 populosae:
2908 3866 2987 3929 ab
3045 3883 3177 3928 uno
3224 3872 3441 3928 autem
3487 3861 3724 3943 Ioseph
3780 3857 3916 3946 (qui
3958 3860 4094 3925 fere
4139 3881 4220 3925 ex
4266 3881 4414 3944 pos-

2472 3951 2700 4018 tremis
2769 3948 2936 4036 erat)
2995 3949 3332 4031 progenita
3393 3948 3519 4012 fuit
3572 3946 3825 4012 soboles
3885 3967 4048 4028 quae
4110 3945 4245 4010 fere
4299 3967 4418 4011 nu·

2472 4059 2726 4103 merum
2806 4035 3186 4118 duplicaret.
3275 4034 3567 4099 Maxime
3647 4053 3803 4097 vero
3879 4032 3949 4095 in
4016 4030 4191 4096 tribu
4250 4030 4419 4097 Iuda

2474 4122 2759 4205 refulget
2814 4120 2941 4186 Dei
2999 4119 3390 4198 benedictiO,
3456 4139 3618 4202 quae
3687 4116 3991 4184 vaticinio
4055 4116 4248 4183 Iacob
4314 4138 4418 4182 re·

2475 4207 2824 4294 spondeat:
2882 4206 3005 4271 hac
3048 4205 3225 4269 enim
3285 4204 3464 4269 velut
3521 4204 3976 4287 praerogativa
4019 4202 4101 4266 ad
4145 4202 4247 4267 ius
4282 4202 4420 4286 pri·

2476 4292 2927 4378 mogeniturae
2984 4308 3050 4356 et
3106 4291 3454 4373 imperium
3511 4297 3741 4355 vocata
3797 4288 3953 4369 fuit,
4016 4287 4189 4370 quod
4257 4287 4420 4353 alias

2476 4400 2764 4465 quasque
2805 4377 3182 4462 praecipuas
3225 4376 3573 4458 superavit.

2648 4464 2751 4530 47.
2818 4464 2908 4528 At
2942 4463 3207 4529 Levitae.
3268 4460 3657 4527 Videbimus
3692 4459 3953 4542 quidem
3985 4468 4209 4542 postea
4243 4460 4422 4542 ipsos

2479 4571 2735 4635 quoque
2790 4548 2992 4614 fuisse
3036 4557 3449 4626 numeratos,
3506 4543 3619 4612 sed
3672 4544 3981 4626 intelligit
4026 4545 4242 4611 Moses
4287 4565 4418 4609 non

2482 4637 2738 4702 venisse
2794 4635 2916 4700 sub
2973 4654 3317 4698 commune
3375 4634 3653 4697 lustrum
3709 4630 3965 4715 populi:
4026 4630 4178 4713 quia
4233 4628 4419 4694 Deus

2481 4744 2592 4788 eos
2647 4721 2773 4786 sibi
2830 4719 3118 4804 elegerat
3170 4720 3237 4784 in
3297 4717 3658 4803 peculium,
3714 4727 3910 4799 atque
3974 4716 4066 4780 ita
4121 4734 4423 4798 segrega-

2482 4816 2675 4872 verat
2718 4826 2757 4870 a
2786 4804 3034 4888 reliquo
3079 4805 3334 4889 popule.
3391 4803 3550 4871 Ideo
3594 4802 3821 4868 scribit
3864 4823 3999 4867 nou
4034 4801 4237 4865 fuisse
4270 4820 4424 4865 cen-

2482 4914 2590 4959 sos
2631 4892 2701 4957 in
2745 4890 2956 4956 medio
3003 4890 3299 4970 aliorum,
3346 4910 3598 4971 nempe,
3640 4897 3715 4953 ut
3757 4887 4125 4970 promiscue
4172 4896 4422 4981 partem

2485 4974 2924 5043 multitudinis
2997 4978 3344 5042 efficerent.
3434 4976 3640 5040 Porro
3720 4994 3805 5037 ne
3885 4973 4029 5054 quis
4096 4970 4421 5049 obiiceret,

2486 5063 2826 5130 ambitiose
2867 5060 3220 5145 quidquam
3263 5061 3494 5127 fecisse
3539 5060 3789 5136 Mosen,
3827 5079 3899 5123 ac
3936 5056 3990 5120 si
4029 5054 4223 5119 tribui
4268 5076 4426 5123 suae

2487 5149 2800 5214 honorem
2847 5146 3441 5212 extraordinarium
3493 5145 3765 5228 largitus
3805 5143 3999 5218 foret,
4057 5138 4123 5203 id
4167 5162 4284 5206 suo
4323 5163 4427 5208 ar·

2487 5234 2682 5299 bitrio
2725 5254 2796 5299 se
2839 5243 3121 5298 tentasse
3175 5242 3397 5316 negat:
3453 5231 3567 5298 sed
3622 5229 3750 5294 Dei
3795 5230 3976 5292 iussu
4033 5225 4287 5291 Levitis
4331 5250 4432 5294 se·

2490 5340 2711 5387 orsum
2779 5320 3178 5404 assignatam
3259 5339 3400 5385 esse
3480 5316 3805 5400 propriam
3871 5311 4163 5378 classem.
4252 5313 4433 5383 Male
