<?xml version="1.0" encoding="UTF-8"?>
<!DOCTYPE html PUBLIC "-//W3C//DTD XHTML 1.0 Transitional//EN"
    "http://www.w3.org/TR/xhtml1/DTD/xhtml1-transitional.dtd">
<html xmlns="http://www.w3.org/1999/xhtml" xml:lang="en" lang="en">
 <head>
  <title>
</title>
<meta http-equiv="Content-Type" content="text/html;charset=utf-8" />
  <meta name='ocr-system' content='tesseract 3.04.00' />
  <meta name='ocr-capabilities' content='ocr_page ocr_carea ocr_par ocr_line ocrx_word'/>
</head>
<body>
  <div class='ocr_page' id='page_1' title='image "./ioanniscalvinio06unkngoog_0129.png"; bbox 0 0 5017 6142; ppageno 0'>
   <div class='ocr_carea' id='block_1_1' title="bbox 364 483 495 550">
    <p class='ocr_par' dir='ltr' id='par_1_1' title="bbox 364 483 495 550">
     <span class='ocr_line' id='line_1_1' title="bbox 364 483 495 550; baseline 0 -1"><span class='ocrx_word' id='word_1_1' title='bbox 364 483 495 550; x_wconf 81' lang='lat'>233</span> 
     </span>
    </p>
   </div>
   <div class='ocr_carea' id='block_1_2' title="bbox 354 671 2305 2806">
    <p class='ocr_par' dir='ltr' id='par_1_2' title="bbox 354 671 2305 2806">
     <span class='ocr_line' id='line_1_2' title="bbox 367 671 2301 757; baseline 0.002 -20"><span class='ocrx_word' id='word_1_2' title='bbox 367 691 447 737; x_wconf 76' lang='lat' dir='ltr'>ex</span> <span class='ocrx_word' id='word_1_3' title='bbox 492 671 773 757; x_wconf 72' lang='lat' dir='ltr'>Aeqypto</span> <span class='ocrx_word' id='word_1_4' title='bbox 786 722 804 753; x_wconf 89' lang='lat'>,</span> <span class='ocrx_word' id='word_1_5' title='bbox 856 677 930 738; x_wconf 70' lang='lat' dir='ltr'>ut</span> <span class='ocrx_word' id='word_1_6' title='bbox 968 674 1177 740; x_wconf 73' lang='lat' dir='ltr'>venire</span> <span class='ocrx_word' id='word_1_7' title='bbox 1213 673 1502 756; x_wconf 78' lang='lat' dir='ltr'>faceretis</span> <span class='ocrx_word' id='word_1_8' title='bbox 1542 694 1655 741; x_wconf 79' lang='lat' dir='ltr'>nos</span> <span class='ocrx_word' id='word_1_9' title='bbox 1697 675 1784 741; x_wconf 77' lang='lat' dir='ltr'>ad</span> <span class='ocrx_word' id='word_1_10' title='bbox 1823 675 2022 743; x_wconf 76' lang='lat' dir='ltr'>locum</span> <span class='ocrx_word' id='word_1_11' title='bbox 2060 675 2301 743; x_wconf 77' lang='lat' dir='ltr'>malum</span> 
     </span>
     <span class='ocr_line' id='line_1_3' title="bbox 365 758 2303 859; baseline 0.002 -36"><span class='ocrx_word' id='word_1_12' title='bbox 365 759 591 838; x_wconf 53' lang='lat' dir='ltr'>idum,</span> <span class='ocrx_word' id='word_1_13' title='bbox 646 778 771 823; x_wconf 77' lang='lat' dir='ltr'>non</span> <span class='ocrx_word' id='word_1_14' title='bbox 812 758 1009 825; x_wconf 74' lang='lat' dir='ltr'>locum</span> <span class='ocrx_word' id='word_1_15' title='bbox 1050 759 1365 859; x_wconf 61' lang='lat' dir='ltr'>sementis,</span> <span class='ocrx_word' id='word_1_16' title='bbox 1420 761 1684 842; x_wconf 73' lang='lat' dir='ltr'>ficuum,</span> <span class='ocrx_word' id='word_1_17' title='bbox 1751 766 1806 827; x_wconf 74' lang='lat' dir='ltr'>et</span> <span class='ocrx_word' id='word_1_18' title='bbox 1845 763 2190 840; x_wconf 78' lang='lat' dir='ltr'>vinearum,</span> <span class='ocrx_word' id='word_1_19' title='bbox 2246 766 2303 827; x_wconf 81' lang='lat' dir='ltr'>et</span> 
     </span>
     <span class='ocr_line' id='line_1_4' title="bbox 365 845 2304 1016; baseline 0.002 -21"><span class='ocrx_word' id='word_1_20' title='bbox 365 845 1086 996; x_wconf 55' lang='lat' dir='ltr'>ffl“2“²ffi&#39;sst„{⁶</span> <span class='ocrx_word' id='word_1_21' title='bbox 1102 865 1582 997; x_wconf 48' lang='lat' dir='ltr'>4245}oessss</span> <span class='ocrx_word' id='word_1_22' title='bbox 1608 847 1945 999; x_wconf 47' lang='lat' dir='ltr'>fiunis-‘Ji</span> <span class='ocrx_word' id='word_1_23' title='bbox 1978 846 2304 1016; x_wconf 53' lang='lat' dir='ltr'>‘²⁴²me</span> 
     </span>
     <span class='ocr_line' id='line_1_5' title="bbox 364 952 2305 1116; baseline 0 -33"><span class='ocrx_word' id='word_1_24' title='bbox 364 979 853 1115; x_wconf 59' lang='lat' dir='ltr'>congreyationis</span> <span class='ocrx_word' id='word_1_25' title='bbox 905 1014 993 1082; x_wconf 77' lang='lat' dir='ltr'>ad</span> <span class='ocrx_word' id='word_1_26' title='bbox 1044 952 1270 1116; x_wconf 54' lang='lat' dir='ltr'>0³&amp;ng</span> <span class='ocrx_word' id='word_1_27' title='bbox 1323 1015 1709 1084; x_wconf 76' lang='lat' dir='ltr'><strong><em>tabernaculi</em></strong></span> <span class='ocrx_word' id='word_1_28' title='bbox 1753 1019 2193 1098; x_wconf 73' lang='lat' dir='ltr'>conventioniS,</span> <span class='ocrx_word' id='word_1_29' title='bbox 2248 1020 2305 1083; x_wconf 74' lang='lat' dir='ltr'>ct</span> 
     </span>
     <span class='ocr_line' id='line_1_6' title="bbox 354 1102 2304 1185; baseline 0.002 -20"><span class='ocrx_word' id='word_1_30' title='bbox 354 1105 752 1184; x_wconf 61' lang='lat' dir='ltr'>proiecerunt</span> <span class='ocrx_word' id='word_1_31' title='bbox 790 1120 856 1166; x_wconf 77' lang='lat' dir='ltr'>se</span> <span class='ocrx_word' id='word_1_32' title='bbox 894 1120 1083 1183; x_wconf 76' lang='lat' dir='ltr'>super</span> <span class='ocrx_word' id='word_1_33' title='bbox 1120 1102 1344 1183; x_wconf 68' lang='lat' dir='ltr'>factem</span> <span class='ocrx_word' id='word_1_34' title='bbox 1385 1122 1602 1168; x_wconf 73' lang='lat' dir='ltr'>suam.-</span> <span class='ocrx_word' id='word_1_35' title='bbox 1647 1104 2062 1185; x_wconf 74' lang='lat' dir='ltr'>apparuitque</span> <span class='ocrx_word' id='word_1_36' title='bbox 2142 1102 2304 1168; x_wconf 72' lang='lat' dir='ltr'>loric</span> 
     </span>
     <span class='ocr_line' id='line_1_7' title="bbox 368 1184 2304 1286; baseline 0.002 -36"><span class='ocrx_word' id='word_1_37' title='bbox 368 1185 640 1284; x_wconf 66' lang='lat' dir='ltr'>Ielwvaq</span> <span class='ocrx_word' id='word_1_38' title='bbox 672 1204 863 1267; x_wconf 74' lang='lat' dir='ltr'>super</span> <span class='ocrx_word' id='word_1_39' title='bbox 895 1205 1010 1252; x_wconf 73' lang='lat' dir='ltr'>coe.</span> <span class='ocrx_word' id='word_1_40' title='bbox 1099 1187 1158 1253; x_wconf 81' lang='lat'>7.</span> <span class='ocrx_word' id='word_1_41' title='bbox 1178 1184 1293 1286; x_wconf 40' lang='lat' dir='ltr'>,Et</span> <span class='ocrx_word' id='word_1_42' title='bbox 1333 1187 1621 1286; x_wconf 72' lang='lat' dir='ltr'>loquutus</span> <span class='ocrx_word' id='word_1_43' title='bbox 1652 1193 1741 1254; x_wconf 78' lang='lat' dir='ltr'>est</span> <span class='ocrx_word' id='word_1_44' title='bbox 1780 1187 2009 1253; x_wconf 73' lang='lat' dir='ltr'>Iehova</span> <span class='ocrx_word' id='word_1_45' title='bbox 2169 1186 2304 1254; x_wconf 83' lang='lat' dir='ltr'>Mo-</span> 
     </span>
     <span class='ocr_line' id='line_1_8' title="bbox 366 1272 2302 1374; baseline 0.001 -37"><span class='ocrx_word' id='word_1_46' title='bbox 366 1290 512 1350; x_wconf 78' lang='lat' dir='ltr'>sen,</span> <span class='ocrx_word' id='word_1_47' title='bbox 564 1272 847 1338; x_wconf 63' lang='lat' dir='ltr'>dicendo:</span> <span class='ocrx_word' id='word_1_48' title='bbox 935 1272 996 1338; x_wconf 88' lang='lat'>8.</span> <span class='ocrx_word' id='word_1_49' title='bbox 1034 1273 1268 1353; x_wconf 70' lang='lat' dir='ltr'>Acmpe</span> <span class='ocrx_word' id='word_1_50' title='bbox 1318 1293 1615 1373; x_wconf 27' lang='lat' dir='ltr'>vomam&amp;</span> <span class='ocrx_word' id='word_1_51' title='bbox 1638 1277 1705 1373; x_wconf 36' lang='lat' dir='ltr'>et·</span> <span class='ocrx_word' id='word_1_52' title='bbox 1735 1292 2029 1374; x_wconf 67' lang='lat' dir='ltr'>conyreya</span> <span class='ocrx_word' id='word_1_53' title='bbox 2068 1278 2302 1374; x_wconf 66' lang='lat' dir='ltr'>coebum</span> 
     </span>
     <span class='ocr_line' id='line_1_9' title="bbox 367 1356 2304 1442; baseline 0.001 -20"><span class='ocrx_word' id='word_1_54' title='bbox 367 1362 439 1422; x_wconf 79' lang='lat' dir='ltr'>tu</span> <span class='ocrx_word' id='word_1_55' title='bbox 483 1360 539 1421; x_wconf 80' lang='lat' dir='ltr'>et</span> <span class='ocrx_word' id='word_1_56' title='bbox 593 1356 859 1423; x_wconf 72' lang='lat' dir='ltr'>Aharon</span> <span class='ocrx_word' id='word_1_57' title='bbox 896 1357 1100 1440; x_wconf 79' lang='lat' dir='ltr'>frater</span> <span class='ocrx_word' id='word_1_58' title='bbox 1140 1362 1304 1436; x_wconf 72' lang='lat' dir='ltr'>mus,</span> <span class='ocrx_word' id='word_1_59' title='bbox 1349 1362 1405 1423; x_wconf 73' lang='lat' dir='ltr'>et</span> <span class='ocrx_word' id='word_1_60' title='bbox 1444 1358 1776 1440; x_wconf 67' lang='lat' dir='ltr'>loqmmzm</span> <span class='ocrx_word' id='word_1_61' title='bbox 1797 1363 2015 1442; x_wconf 68' lang='lat' dir='ltr'>pebrac</span> <span class='ocrx_word' id='word_1_62' title='bbox 2053 1379 2126 1424; x_wconf 84' lang='lat' dir='ltr'>m</span> <span class='ocrx_word' id='word_1_63' title='bbox 2167 1378 2304 1424; x_wconf 79' lang='lat' dir='ltr'>ocu-</span> 
     </span>
     <span class='ocr_line' id='line_1_10' title="bbox 366 1441 2302 1527; baseline 0.001 -20"><span class='ocrx_word' id='word_1_64' title='bbox 366 1441 456 1507; x_wconf 75' lang='lat' dir='ltr'>lis</span> <span class='ocrx_word' id='word_1_65' title='bbox 488 1461 716 1522; x_wconf 65' lang='lat' dir='ltr'>cerunt,</span> <span class='ocrx_word' id='word_1_66' title='bbox 751 1446 809 1508; x_wconf 80' lang='lat' dir='ltr'>et</span> <span class='ocrx_word' id='word_1_67' title='bbox 827 1442 1001 1509; x_wconf 72' lang='lat' dir='ltr'>dabit</span> <span class='ocrx_word' id='word_1_68' title='bbox 1033 1463 1267 1525; x_wconf 79' lang='lat' dir='ltr'>aquam</span> <span class='ocrx_word' id='word_1_69' title='bbox 1299 1463 1500 1523; x_wconf 79' lang='lat' dir='ltr'>suam,</span> <span class='ocrx_word' id='word_1_70' title='bbox 1539 1444 1871 1526; x_wconf 77' lang='lat' dir='ltr'>educesque</span> <span class='ocrx_word' id='word_1_71' title='bbox 1900 1444 2035 1509; x_wconf 76' lang='lat' dir='ltr'>illis</span> <span class='ocrx_word' id='word_1_72' title='bbox 2070 1464 2302 1527; x_wconf 78' lang='lat' dir='ltr'>aquam</span> 
     </span>
     <span class='ocr_line' id='line_1_11' title="bbox 367 1527 2298 1629; baseline 0.001 -35"><span class='ocrx_word' id='word_1_73' title='bbox 367 1549 403 1594; x_wconf 83' lang='lat' dir='ltr'>e</span> <span class='ocrx_word' id='word_1_74' title='bbox 429 1531 637 1627; x_wconf 60' lang='lat' dir='ltr'>petra,</span> <span class='ocrx_word' id='word_1_75' title='bbox 683 1533 742 1592; x_wconf 79' lang='lat' dir='ltr'>et</span> <span class='ocrx_word' id='word_1_76' title='bbox 769 1533 991 1610; x_wconf 75' lang='lat' dir='ltr'>potum</span> <span class='ocrx_word' id='word_1_77' title='bbox 1032 1527 1215 1629; x_wconf 69' lang='lat' dir='ltr'>dabis</span> <span class='ocrx_word' id='word_1_78' title='bbox 1254 1530 1444 1595; x_wconf 75' lang='lat' dir='ltr'>coetui</span> <span class='ocrx_word' id='word_1_79' title='bbox 1486 1549 1561 1595; x_wconf 88' lang='lat' dir='ltr'>ac</span> <span class='ocrx_word' id='word_1_80' title='bbox 1593 1531 1888 1596; x_wconf 76' lang='lat' dir='ltr'>iumentis</span> <span class='ocrx_word' id='word_1_81' title='bbox 1918 1548 2149 1595; x_wconf 79' lang='lat' dir='ltr'>eorum.</span> <span class='ocrx_word' id='word_1_82' title='bbox 2237 1530 2298 1596; x_wconf 85' lang='lat'>9.</span> 
     </span>
     <span class='ocr_line' id='line_1_12' title="bbox 366 1612 2304 1799; baseline 0.002 -36"><span class='ocrx_word' id='word_1_83' title='bbox 366 1613 639 1767; x_wconf 45' lang='lat' dir='ltr'>admodum*</span> <span class='ocrx_word' id='word_1_84' title='bbox 602 1612 1068 1781; x_wconf 49' lang='lat' dir='ltr'>“mmmmm</span> <span class='ocrx_word' id='word_1_85' title='bbox 1050 1633 1300 1799; x_wconf 51' lang='lat' dir='ltr'>‘13⁹2’ss</span> <span class='ocrx_word' id='word_1_86' title='bbox 1328 1621 1809 1785; x_wconf 45' lang='lat' dir='ltr'>‘imm</span> <span class='ocrx_word' id='word_1_87' title='bbox 1776 1614 2304 1785; x_wconf 51' lang='grc' dir='ltr'>1333ῗᾶῗῇ</span> 
     </span>
     <span class='ocr_line' id='line_1_13' title="bbox 365 1785 2303 1935; baseline 0.002 -87"><span class='ocrx_word' id='word_1_88' title='bbox 365 1804 469 1885; x_wconf 46' lang='grc' dir='ltr'>ξας.</span> <span class='ocrx_word' id='word_1_89' title='bbox 517 1788 583 1908; x_wconf 37' lang='lat' dir='ltr'>&#39;et</span> <span class='ocrx_word' id='word_1_90' title='bbox 633 1785 898 1883; x_wconf 64' lang='lat' dir='ltr'>Ahar-on</span> <span class='ocrx_word' id='word_1_91' title='bbox 952 1790 1473 1869; x_wconf 75' lang='lat' dir='ltr'>conyreyatwncm</span> <span class='ocrx_word' id='word_1_92' title='bbox 1532 1790 1671 1852; x_wconf 79' lang='lat' dir='ltr'>ante</span> <span class='ocrx_word' id='word_1_93' title='bbox 1714 1791 1977 1885; x_wconf 57' lang='lat' dir='ltr'>petram,</span> <span class='ocrx_word' id='word_1_94' title='bbox 2022 1786 2303 1935; x_wconf 58' lang='grc' dir='ltr'><strong>ἅὰιίίὲαε</strong></span> 
     </span>
     <span class='ocr_line' id='line_1_14' title="bbox 360 1869 2303 2038; baseline 0.001 -17"><span class='ocrx_word' id='word_1_95' title='bbox 360 1869 1438 2038; x_wconf 39' lang='lat' dir='ltr'>affirmamus&amp;</span> <span class='ocrx_word' id='word_1_96' title='bbox 1488 1871 2140 2022; x_wconf 46' lang='lat' dir='ltr'>{mazaram</span> <span class='ocrx_word' id='word_1_97' title='bbox 2170 1891 2303 2021; x_wconf 54' lang='lat' dir='ltr'>..ae</span> 
     </span>
     <span class='ocr_line' id='line_1_15' title="bbox 363 2041 2302 2193; baseline 0 -2"><span class='ocrx_word' id='word_1_98' title='bbox 363 2060 812 2192; x_wconf 51' lang='lat' dir='ltr'>mam.</span> <span class='ocrx_word' id='word_1_99' title='bbox 850 2041 1318 2192; x_wconf 49' lang='lat' dir='ltr'>wem-‘m</span> <span class='ocrx_word' id='word_1_100' title='bbox 1338 2043 1826 2193; x_wconf 55' lang='grc' dir='ltr'>ΡἭωῗιῖΞῖ</span> <span class='ocrx_word' id='word_1_101' title='bbox 1878 2041 2302 2193; x_wconf 50' lang='grc' dir='ltr'>ἓωωῗεῖἷῖῗ</span> 
     </span>
     <span class='ocr_line' id='line_1_16' title="bbox 358 2145 2303 2296; baseline 0.002 -21"><span class='ocrx_word' id='word_1_102' title='bbox 358 2145 642 2296; x_wconf 52' lang='lat' dir='ltr'>greyatio</span> <span class='ocrx_word' id='word_1_103' title='bbox 696 2231 772 2278; x_wconf 85' lang='lat' dir='ltr'>ac</span> <span class='ocrx_word' id='word_1_104' title='bbox 822 2147 1102 2277; x_wconf 52' lang='lat' dir='ltr'>iveayn&#39;ienta</span> <span class='ocrx_word' id='word_1_105' title='bbox 1142 2148 1443 2279; x_wconf 34' lang='lat' dir='ltr'>eorum&amp;</span> <span class='ocrx_word' id='word_1_106' title='bbox 1464 2212 1563 2279; x_wconf 84' lang='lat'>12.</span> <span class='ocrx_word' id='word_1_107' title='bbox 1610 2212 1699 2279; x_wconf 78' lang='lat' dir='ltr'>Et</span> <span class='ocrx_word' id='word_1_108' title='bbox 1737 2178 1902 2278; x_wconf 63' lang='lat' dir='ltr'>dia&#39;xit</span> <span class='ocrx_word' id='word_1_109' title='bbox 1944 2211 2171 2279; x_wconf 77' lang='lat' dir='ltr'>Iehova</span> <span class='ocrx_word' id='word_1_110' title='bbox 2214 2213 2303 2278; x_wconf 77' lang='lat' dir='ltr'>ad</span> 
     </span>
     <span class='ocr_line' id='line_1_17' title="bbox 362 2296 2301 2398; baseline 0.002 -37"><span class='ocrx_word' id='word_1_111' title='bbox 362 2296 585 2398; x_wconf 62' lang='lat' dir='ltr'>Mosen</span> <span class='ocrx_word' id='word_1_112' title='bbox 641 2301 698 2362; x_wconf 77' lang='lat' dir='ltr'>et</span> <span class='ocrx_word' id='word_1_113' title='bbox 758 2297 1029 2397; x_wconf 61' lang='lat' dir='ltr'>Aharon</span> <span class='ocrx_word' id='word_1_114' title='bbox 1044 2321 1064 2362; x_wconf 84' lang='grc'>.-</span> <span class='ocrx_word' id='word_1_115' title='bbox 1137 2296 1478 2397; x_wconf 56' lang='lat' dir='ltr'>l&#39;ropterea</span> <span class='ocrx_word' id='word_1_116' title='bbox 1549 2299 1714 2398; x_wconf 67' lang='lat' dir='ltr'>quod</span> <span class='ocrx_word' id='word_1_117' title='bbox 1759 2318 1882 2364; x_wconf 78' lang='lat' dir='ltr'>non</span> <span class='ocrx_word' id='word_1_118' title='bbox 1949 2298 2301 2365; x_wconf 70' lang='lat' dir='ltr'><strong><em>credidistis</em></strong></span> 
     </span>
     <span class='ocr_line' id='line_1_18' title="bbox 361 2381 2300 2465; baseline 0.001 -17"><span class='ocrx_word' id='word_1_119' title='bbox 361 2381 556 2463; x_wconf 61' lang='lat' dir='ltr'>mila,</span> <span class='ocrx_word' id='word_1_120' title='bbox 614 2387 687 2448; x_wconf 77' lang='lat' dir='ltr'>ut</span> <span class='ocrx_word' id='word_1_121' title='bbox 733 2382 1200 2463; x_wconf 63' lang='lat' dir='ltr'>sanctzficarehs</span> <span class='ocrx_word' id='word_1_122' title='bbox 1249 2403 1347 2448; x_wconf 83' lang='lat' dir='ltr'>me</span> <span class='ocrx_word' id='word_1_123' title='bbox 1402 2404 1473 2448; x_wconf 76' lang='lat' dir='ltr'>m</span> <span class='ocrx_word' id='word_1_124' title='bbox 1521 2383 1719 2450; x_wconf 62' lang='lat' dir='ltr'>oculis</span> <span class='ocrx_word' id='word_1_125' title='bbox 1753 2384 2032 2465; x_wconf 76' lang='lat' dir='ltr'>filiorum</span> <span class='ocrx_word' id='word_1_126' title='bbox 2075 2383 2300 2463; x_wconf 74' lang='lat' dir='ltr'>Israel,</span> 
     </span>
     <span class='ocr_line' id='line_1_19' title="bbox 359 2469 2301 2554; baseline 0 -19"><span class='ocrx_word' id='word_1_127' title='bbox 359 2469 596 2535; x_wconf 77' lang='lat' dir='ltr'>idcirco</span> <span class='ocrx_word' id='word_1_128' title='bbox 638 2488 760 2534; x_wconf 79' lang='lat' dir='ltr'>non</span> <span class='ocrx_word' id='word_1_129' title='bbox 812 2469 1211 2534; x_wconf 48' lang='lat' dir='ltr'>amodum&amp;</span> <span class='ocrx_word' id='word_1_130' title='bbox 1263 2471 1781 2554; x_wconf 65' lang='lat' dir='ltr'>conqreyabionm</span> <span class='ocrx_word' id='word_1_131' title='bbox 1837 2471 2031 2535; x_wconf 78' lang='lat' dir='ltr'>istam</span> <span class='ocrx_word' id='word_1_132' title='bbox 2066 2470 2142 2534; x_wconf 70' lang='lat' dir='ltr'>in</span> <span class='ocrx_word' id='word_1_133' title='bbox 2184 2475 2301 2535; x_wconf 78' lang='lat' dir='ltr'>ter·</span> 
     </span>
     <span class='ocr_line' id='line_1_20' title="bbox 358 2553 2302 2653; baseline 0 -33"><span class='ocrx_word' id='word_1_134' title='bbox 358 2574 505 2620; x_wconf 79' lang='lat' dir='ltr'>ram</span> <span class='ocrx_word' id='word_1_135' title='bbox 538 2574 728 2653; x_wconf 64' lang='lat' dir='ltr'>quam</span> <span class='ocrx_word' id='word_1_136' title='bbox 759 2554 905 2619; x_wconf 73' lang='lat' dir='ltr'>dedi</span> <span class='ocrx_word' id='word_1_137' title='bbox 938 2553 1086 2619; x_wconf 69' lang='lat' dir='ltr'>illis.</span> <span class='ocrx_word' id='word_1_138' title='bbox 1179 2553 1280 2619; x_wconf 85' lang='lat'>13.</span> <span class='ocrx_word' id='word_1_139' title='bbox 1321 2555 1494 2619; x_wconf 77' lang='lat' dir='ltr'>Istae</span> <span class='ocrx_word' id='word_1_140' title='bbox 1524 2559 1671 2620; x_wconf 77' lang='lat' dir='ltr'>sunt</span> <span class='ocrx_word' id='word_1_141' title='bbox 1709 2575 1908 2638; x_wconf 75' lang='lat' dir='ltr'>aquae</span> <span class='ocrx_word' id='word_1_142' title='bbox 1948 2554 2150 2639; x_wconf 70' lang='lat' dir='ltr'>iuryii</span> <span class='ocrx_word' id='word_1_143' title='bbox 2177 2574 2302 2636; x_wconf 77' lang='lat' dir='ltr'>pro</span> 
     </span>
     <span class='ocr_line' id='line_1_21' title="bbox 358 2637 2300 2806; baseline 0.001 -102"><span class='ocrx_word' id='word_1_144' title='bbox 358 2639 625 2806; x_wconf 39' lang='lat' dir='ltr'>amfiicbausva</span> <span class='ocrx_word' id='word_1_145' title='bbox 643 2640 1092 2791; x_wconf 62' lang='lat' dir='ltr'>mrqatimsunt</span> <span class='ocrx_word' id='word_1_146' title='bbox 1125 2637 1255 2720; x_wconf 72' lang='lat' dir='ltr'>filii</span> <span class='ocrx_word' id='word_1_147' title='bbox 1298 2639 1513 2707; x_wconf 81' lang='lat' dir='ltr'>Israel</span> <span class='ocrx_word' id='word_1_148' title='bbox 1551 2659 1690 2706; x_wconf 81' lang='lat' dir='ltr'>cum</span> <span class='ocrx_word' id='word_1_149' title='bbox 1735 2640 1983 2720; x_wconf 74' lang='lat' dir='ltr'>Iehova,</span> <span class='ocrx_word' id='word_1_150' title='bbox 2029 2645 2086 2705; x_wconf 80' lang='lat' dir='ltr'>et</span> <span class='ocrx_word' id='word_1_151' title='bbox 2118 2660 2300 2706; x_wconf 78' lang='lat' dir='ltr'>sanc-</span> 
     </span>
     <span class='ocr_line' id='line_1_22' title="bbox 656 2744 1024 2791; baseline 0 -1"><span class='ocrx_word' id='word_1_152' title='bbox 656 2745 722 2790; x_wconf 76' lang='lat' dir='ltr'>se</span> <span class='ocrx_word' id='word_1_153' title='bbox 762 2746 833 2791; x_wconf 82' lang='lat' dir='ltr'>m</span> <span class='ocrx_word' id='word_1_154' title='bbox 947 2744 1024 2790; x_wconf 73' lang='lat' dir='ltr'>ts.</span> 
     </span>
    </p>
   </div>
   <div class='ocr_carea' id='block_1_3' title="bbox 354 2894 2310 4783">
    <p class='ocr_par' dir='ltr' id='par_1_3' title="bbox 354 2894 2307 4528">
     <span class='ocr_line' id='line_1_23' title="bbox 539 2894 2304 2977; baseline 0.001 -17"><span class='ocrx_word' id='word_1_155' title='bbox 539 2896 597 2960; x_wconf 91' lang='lat'>1.</span> <span class='ocrx_word' id='word_1_156' title='bbox 637 2894 1057 2962; x_wconf 71' lang='lat' dir='ltr'>Pervenemnt</span> <span class='ocrx_word' id='word_1_157' title='bbox 1095 2900 1302 2961; x_wconf 78' lang='lat' dir='ltr'>autem</span> <span class='ocrx_word' id='word_1_158' title='bbox 1330 2894 1457 2977; x_wconf 77' lang='lat' dir='ltr'>filii</span> <span class='ocrx_word' id='word_1_159' title='bbox 1491 2895 1714 2962; x_wconf 78' lang='lat' dir='ltr'>Israel.</span> <span class='ocrx_word' id='word_1_160' title='bbox 1771 2896 2024 2963; x_wconf 82' lang='lat' dir='ltr'>Multae</span> <span class='ocrx_word' id='word_1_161' title='bbox 2066 2915 2304 2961; x_wconf 89' lang='lat' dir='ltr'>memo·</span> 
     </span>
     <span class='ocr_line' id='line_1_24' title="bbox 359 2981 2302 3048; baseline -0.002 0"><span class='ocrx_word' id='word_1_162' title='bbox 359 2987 601 3048; x_wconf 89' lang='lat' dir='ltr'>rantur</span> <span class='ocrx_word' id='word_1_163' title='bbox 659 2981 1087 3047; x_wconf 75' lang='lat' dir='ltr'>intermediae</span> <span class='ocrx_word' id='word_1_164' title='bbox 1129 2982 1444 3047; x_wconf 83' lang='lat' dir='ltr'>stationes</span> <span class='ocrx_word' id='word_1_165' title='bbox 1491 2981 1929 3047; x_wconf 89' lang='lat' dir='ltr'>Numerorum</span> <span class='ocrx_word' id='word_1_166' title='bbox 1974 2981 2302 3047; x_wconf 87' lang='lat' dir='ltr'>tricesimo</span> 
     </span>
     <span class='ocr_line' id='line_1_25' title="bbox 361 3066 2300 3151; baseline -0.001 -17"><span class='ocrx_word' id='word_1_167' title='bbox 361 3067 564 3134; x_wconf 88' lang='lat' dir='ltr'>tertio</span> <span class='ocrx_word' id='word_1_168' title='bbox 621 3066 853 3151; x_wconf 83' lang='lat' dir='ltr'>capite,</span> <span class='ocrx_word' id='word_1_169' title='bbox 917 3087 1193 3151; x_wconf 89' lang='lat' dir='ltr'>quarum</span> <span class='ocrx_word' id='word_1_170' title='bbox 1238 3068 1422 3133; x_wconf 88' lang='lat' dir='ltr'>nulla</span> <span class='ocrx_word' id='word_1_171' title='bbox 1466 3067 1572 3134; x_wconf 91' lang='lat' dir='ltr'>hic</span> <span class='ocrx_word' id='word_1_172' title='bbox 1618 3069 1694 3133; x_wconf 90' lang='lat' dir='ltr'>fit</span> <span class='ocrx_word' id='word_1_173' title='bbox 1751 3068 2011 3133; x_wconf 92' lang='lat' dir='ltr'>mentio.</span> <span class='ocrx_word' id='word_1_174' title='bbox 2101 3066 2300 3133; x_wconf 82' lang='lat' dir='ltr'>Forte</span> 
     </span>
     <span class='ocr_line' id='line_1_26' title="bbox 360 3152 2301 3238; baseline -0.002 -19"><span class='ocrx_word' id='word_1_175' title='bbox 360 3154 518 3238; x_wconf 88' lang='lat' dir='ltr'>quia</span> <span class='ocrx_word' id='word_1_176' title='bbox 567 3174 650 3219; x_wconf 91' lang='lat' dir='ltr'>ex</span> <span class='ocrx_word' id='word_1_177' title='bbox 703 3174 832 3237; x_wconf 86' lang='lat' dir='ltr'>quo</span> <span class='ocrx_word' id='word_1_178' title='bbox 873 3152 1276 3219; x_wconf 81' lang='lat' dir='ltr'>retrocedere</span> <span class='ocrx_word' id='word_1_179' title='bbox 1321 3174 1432 3220; x_wconf 91' lang='lat' dir='ltr'>eos</span> <span class='ocrx_word' id='word_1_180' title='bbox 1475 3153 1688 3238; x_wconf 89' lang='lat' dir='ltr'>coegit</span> <span class='ocrx_word' id='word_1_181' title='bbox 1731 3153 1931 3232; x_wconf 87' lang='lat' dir='ltr'>Deus,</span> <span class='ocrx_word' id='word_1_182' title='bbox 1976 3173 2108 3219; x_wconf 89' lang='lat' dir='ltr'>non</span> <span class='ocrx_word' id='word_1_183' title='bbox 2145 3159 2301 3217; x_wconf 90' lang='lat' dir='ltr'>sunt</span> 
     </span>
     <span class='ocr_line' id='line_1_27' title="bbox 357 3236 2301 3324; baseline 0 -19"><span class='ocrx_word' id='word_1_184' title='bbox 357 3260 482 3324; x_wconf 89' lang='lat' dir='ltr'>per</span> <span class='ocrx_word' id='word_1_185' title='bbox 538 3239 882 3306; x_wconf 86' lang='lat' dir='ltr'>continuos</span> <span class='ocrx_word' id='word_1_186' title='bbox 928 3237 1200 3324; x_wconf 87' lang='lat' dir='ltr'>triginta</span> <span class='ocrx_word' id='word_1_187' title='bbox 1241 3259 1448 3305; x_wconf 87' lang='lat' dir='ltr'>annos</span> <span class='ocrx_word' id='word_1_188' title='bbox 1487 3239 1837 3324; x_wconf 80' lang='lat' dir='ltr'>progressi,</span> <span class='ocrx_word' id='word_1_189' title='bbox 1877 3236 1991 3305; x_wconf 88' lang='lat' dir='ltr'>sed</span> <span class='ocrx_word' id='word_1_190' title='bbox 2026 3259 2142 3322; x_wconf 91' lang='lat' dir='ltr'>per</span> <span class='ocrx_word' id='word_1_191' title='bbox 2184 3257 2301 3305; x_wconf 81' lang='lat' dir='ltr'>va·</span> 
     </span>
     <span class='ocr_line' id='line_1_28' title="bbox 359 3324 2298 3412; baseline -0.001 -21"><span class='ocrx_word' id='word_1_192' title='bbox 359 3345 483 3412; x_wconf 89' lang='lat' dir='ltr'>gos</span> <span class='ocrx_word' id='word_1_193' title='bbox 518 3325 832 3391; x_wconf 88' lang='lat' dir='ltr'>circuitus</span> <span class='ocrx_word' id='word_1_194' title='bbox 868 3332 1190 3390; x_wconf 86' lang='lat' dir='ltr'>errarunt.</span> <span class='ocrx_word' id='word_1_195' title='bbox 1253 3325 1434 3410; x_wconf 83' lang='lat' dir='ltr'>Ergo</span> <span class='ocrx_word' id='word_1_196' title='bbox 1468 3326 1537 3390; x_wconf 90' lang='lat' dir='ltr'>in</span> <span class='ocrx_word' id='word_1_197' title='bbox 1570 3324 1766 3390; x_wconf 89' lang='lat' dir='ltr'>huius</span> <span class='ocrx_word' id='word_1_198' title='bbox 1798 3324 2112 3390; x_wconf 79' lang='lat' dir='ltr'>historiae</span> <span class='ocrx_word' id='word_1_199' title='bbox 2147 3343 2298 3390; x_wconf 87' lang='lat' dir='ltr'>con-</span> 
     </span>
     <span class='ocr_line' id='line_1_29' title="bbox 357 3408 2301 3477; baseline -0.002 0"><span class='ocrx_word' id='word_1_200' title='bbox 357 3418 553 3477; x_wconf 87' lang='lat' dir='ltr'>textu</span> <span class='ocrx_word' id='word_1_201' title='bbox 613 3430 721 3477; x_wconf 89' lang='lat' dir='ltr'>eos</span> <span class='ocrx_word' id='word_1_202' title='bbox 766 3431 802 3476; x_wconf 91' lang='lat' dir='ltr'>e</span> <span class='ocrx_word' id='word_1_203' title='bbox 847 3408 1101 3476; x_wconf 89' lang='lat' dir='ltr'>deserto</span> <span class='ocrx_word' id='word_1_204' title='bbox 1150 3410 1368 3476; x_wconf 89' lang='lat' dir='ltr'>Paran</span> <span class='ocrx_word' id='word_1_205' title='bbox 1439 3418 1660 3475; x_wconf 88' lang='lat' dir='ltr'>narrat</span> <span class='ocrx_word' id='word_1_206' title='bbox 1716 3411 2031 3476; x_wconf 75' lang='lat' dir='ltr'>transisse</span> <span class='ocrx_word' id='word_1_207' title='bbox 2074 3412 2143 3474; x_wconf 91' lang='lat' dir='ltr'>in</span> <span class='ocrx_word' id='word_1_208' title='bbox 2189 3408 2301 3474; x_wconf 87' lang='lat' dir='ltr'>de·</span> 
     </span>
     <span class='ocr_line' id='line_1_30' title="bbox 357 3493 2302 3580; baseline -0.002 -16"><span class='ocrx_word' id='word_1_209' title='bbox 357 3508 611 3564; x_wconf 87' lang='lat' dir='ltr'>sertum</span> <span class='ocrx_word' id='word_1_210' title='bbox 648 3494 803 3563; x_wconf 84' lang='lat' dir='ltr'>Sin:</span> <span class='ocrx_word' id='word_1_211' title='bbox 850 3496 1003 3580; x_wconf 89' lang='lat' dir='ltr'>quia</span> <span class='ocrx_word' id='word_1_212' title='bbox 1045 3505 1202 3562; x_wconf 86' lang='lat' dir='ltr'>tunc</span> <span class='ocrx_word' id='word_1_213' title='bbox 1244 3505 1595 3579; x_wconf 90' lang='lat' dir='ltr'>coeperunt</span> <span class='ocrx_word' id='word_1_214' title='bbox 1636 3505 1883 3561; x_wconf 90' lang='lat' dir='ltr'>rectum</span> <span class='ocrx_word' id='word_1_215' title='bbox 1919 3497 2046 3562; x_wconf 86' lang='lat' dir='ltr'>iter</span> <span class='ocrx_word' id='word_1_216' title='bbox 2086 3493 2302 3561; x_wconf 82' lang='lat' dir='ltr'>facere</span> 
     </span>
     <span class='ocr_line' id='line_1_31' title="bbox 358 3580 2303 3666; baseline -0.002 -18"><span class='ocrx_word' id='word_1_217' title='bbox 358 3604 594 3649; x_wconf 80' lang='lat' dir='ltr'>versus</span> <span class='ocrx_word' id='word_1_218' title='bbox 648 3589 892 3648; x_wconf 86' lang='lat' dir='ltr'>terram</span> <span class='ocrx_word' id='word_1_219' title='bbox 952 3581 1303 3661; x_wconf 85' lang='lat' dir='ltr'>Chanaan,</span> <span class='ocrx_word' id='word_1_220' title='bbox 1378 3590 1446 3646; x_wconf 90' lang='lat' dir='ltr'>et</span> <span class='ocrx_word' id='word_1_221' title='bbox 1503 3581 1773 3666; x_wconf 90' lang='lat' dir='ltr'>propius</span> <span class='ocrx_word' id='word_1_222' title='bbox 1831 3580 2131 3648; x_wconf 85' lang='lat' dir='ltr'>accedere</span> <span class='ocrx_word' id='word_1_223' title='bbox 2151 3630 2166 3661; x_wconf 92' lang='lat'>‚</span> <span class='ocrx_word' id='word_1_224' title='bbox 2225 3588 2303 3645; x_wconf 87' lang='lat' dir='ltr'>ut</span> 
     </span>
     <span class='ocr_line' id='line_1_32' title="bbox 354 3667 2298 3753; baseline -0.001 -19"><span class='ocrx_word' id='word_1_225' title='bbox 354 3668 628 3734; x_wconf 90' lang='lat' dir='ltr'>tandem</span> <span class='ocrx_word' id='word_1_226' title='bbox 687 3667 1001 3734; x_wconf 86' lang='lat' dir='ltr'>erraticae</span> <span class='ocrx_word' id='word_1_227' title='bbox 1053 3667 1566 3753; x_wconf 81' lang='lat' dir='ltr'>peregrinationi</span> <span class='ocrx_word' id='word_1_228' title='bbox 1613 3667 1812 3732; x_wconf 85' lang='lat' dir='ltr'>finem</span> <span class='ocrx_word' id='word_1_229' title='bbox 1870 3668 2298 3752; x_wconf 86' lang='lat' dir='ltr'>imponerent.</span> 
     </span>
     <span class='ocr_line' id='line_1_33' title="bbox 359 3751 2299 3837; baseline -0.002 -18"><span class='ocrx_word' id='word_1_230' title='bbox 359 3753 563 3837; x_wconf 78' lang='lat' dir='ltr'>Quod</span> <span class='ocrx_word' id='word_1_231' title='bbox 622 3761 839 3819; x_wconf 88' lang='lat' dir='ltr'>autem</span> <span class='ocrx_word' id='word_1_232' title='bbox 893 3753 1108 3819; x_wconf 77' lang='lat' dir='ltr'>Maria</span> <span class='ocrx_word' id='word_1_233' title='bbox 1159 3762 1316 3819; x_wconf 90' lang='lat' dir='ltr'>tunc</span> <span class='ocrx_word' id='word_1_234' title='bbox 1352 3753 1610 3818; x_wconf 91' lang='lat' dir='ltr'>demum</span> <span class='ocrx_word' id='word_1_235' title='bbox 1656 3761 1914 3818; x_wconf 89' lang='lat' dir='ltr'>mortua</span> <span class='ocrx_word' id='word_1_236' title='bbox 1957 3773 2098 3819; x_wconf 90' lang='lat' dir='ltr'>esse</span> <span class='ocrx_word' id='word_1_237' title='bbox 2143 3751 2299 3818; x_wconf 91' lang='lat' dir='ltr'>dici-</span> 
     </span>
     <span class='ocr_line' id='line_1_34' title="bbox 356 3836 2301 3923; baseline -0.003 -16"><span class='ocrx_word' id='word_1_238' title='bbox 356 3851 493 3919; x_wconf 85' lang='lat' dir='ltr'>tur,</span> <span class='ocrx_word' id='word_1_239' title='bbox 538 3839 692 3905; x_wconf 89' lang='lat' dir='ltr'>hino</span> <span class='ocrx_word' id='word_1_240' title='bbox 734 3838 1064 3923; x_wconf 75' lang='lat' dir='ltr'>colligitur</span> <span class='ocrx_word' id='word_1_241' title='bbox 1096 3840 1273 3906; x_wconf 83' lang='lat' dir='ltr'>vitae</span> <span class='ocrx_word' id='word_1_242' title='bbox 1307 3839 1447 3906; x_wconf 92' lang='lat' dir='ltr'>eius</span> <span class='ocrx_word' id='word_1_243' title='bbox 1495 3838 1913 3905; x_wconf 84' lang='lat' dir='ltr'>diuturnitas.</span> <span class='ocrx_word' id='word_1_244' title='bbox 2000 3836 2301 3904; x_wconf 85' lang='lat' dir='ltr'>Puellam</span> 
     </span>
     <span class='ocr_line' id='line_1_35' title="bbox 355 3923 2304 4009; baseline -0.003 -16"><span class='ocrx_word' id='word_1_245' title='bbox 355 3927 565 3993; x_wconf 88' lang='lat' dir='ltr'>fuisse</span> <span class='ocrx_word' id='word_1_246' title='bbox 601 3924 823 3992; x_wconf 91' lang='lat' dir='ltr'>decem</span> <span class='ocrx_word' id='word_1_247' title='bbox 858 3933 975 3992; x_wconf 88' lang='lat' dir='ltr'>aut</span> <span class='ocrx_word' id='word_1_248' title='bbox 1007 3923 1348 3992; x_wconf 80' lang='lat' dir='ltr'>duodecim</span> <span class='ocrx_word' id='word_1_249' title='bbox 1383 3944 1707 3990; x_wconf 91' lang='lat' dir='ltr'>annorum</span> <span class='ocrx_word' id='word_1_250' title='bbox 1744 3944 1944 4009; x_wconf 89' lang='lat' dir='ltr'>quum</span> <span class='ocrx_word' id='word_1_251' title='bbox 1977 3931 2170 3990; x_wconf 88' lang='lat' dir='ltr'>natus</span> <span class='ocrx_word' id='word_1_252' title='bbox 2205 3931 2304 3989; x_wconf 89' lang='lat' dir='ltr'>est</span> 
     </span>
     <span class='ocr_line' id='line_1_36' title="bbox 358 4008 2305 4096; baseline -0.003 -17"><span class='ocrx_word' id='word_1_253' title='bbox 358 4013 586 4080; x_wconf 78' lang='lat' dir='ltr'>Moses</span> <span class='ocrx_word' id='word_1_254' title='bbox 641 4008 978 4096; x_wconf 84' lang='lat' dir='ltr'>probabile</span> <span class='ocrx_word' id='word_1_255' title='bbox 1022 4018 1139 4091; x_wconf 87' lang='lat' dir='ltr'>est,</span> <span class='ocrx_word' id='word_1_256' title='bbox 1183 4010 1336 4095; x_wconf 89' lang='lat' dir='ltr'>quia</span> <span class='ocrx_word' id='word_1_257' title='bbox 1378 4012 1589 4094; x_wconf 89' lang='lat' dir='ltr'>potuit</span> <span class='ocrx_word' id='word_1_258' title='bbox 1632 4009 1925 4095; x_wconf 89' lang='lat' dir='ltr'>apposite</span> <span class='ocrx_word' id='word_1_259' title='bbox 1966 4008 2305 4076; x_wconf 87' lang='lat' dir='ltr'>consulere</span> 
     </span>
     <span class='ocr_line' id='line_1_37' title="bbox 356 4095 2301 4179; baseline -0.003 -15"><span class='ocrx_word' id='word_1_260' title='bbox 356 4098 589 4164; x_wconf 86' lang='lat' dir='ltr'>fratris</span> <span class='ocrx_word' id='word_1_261' title='bbox 659 4096 877 4163; x_wconf 88' lang='lat' dir='ltr'>saluti.</span> <span class='ocrx_word' id='word_1_262' title='bbox 959 4096 1103 4162; x_wconf 85' lang='lat' dir='ltr'>Etsi</span> <span class='ocrx_word' id='word_1_263' title='bbox 1162 4096 1336 4162; x_wconf 90' lang='lat' dir='ltr'>enim</span> <span class='ocrx_word' id='word_1_264' title='bbox 1409 4117 1645 4161; x_wconf 91' lang='lat' dir='ltr'>nomen</span> <span class='ocrx_word' id='word_1_265' title='bbox 1703 4116 1837 4160; x_wconf 90' lang='lat' dir='ltr'>non</span> <span class='ocrx_word' id='word_1_266' title='bbox 1895 4095 2301 4179; x_wconf 83' lang='lat' dir='ltr'>exprimitur,</span> 
     </span>
     <span class='ocr_line' id='line_1_38' title="bbox 357 4181 2303 4267; baseline -0.004 -17"><span class='ocrx_word' id='word_1_267' title='bbox 357 4185 536 4250; x_wconf 87' lang='lat' dir='ltr'>ratio</span> <span class='ocrx_word' id='word_1_268' title='bbox 578 4191 799 4250; x_wconf 87' lang='lat' dir='ltr'>tamen</span> <span class='ocrx_word' id='word_1_269' title='bbox 837 4181 1038 4248; x_wconf 87' lang='lat' dir='ltr'>dictat</span> <span class='ocrx_word' id='word_1_270' title='bbox 1069 4181 1280 4267; x_wconf 85' lang='lat' dir='ltr'>ipsam</span> <span class='ocrx_word' id='word_1_271' title='bbox 1322 4182 1524 4249; x_wconf 82' lang='lat' dir='ltr'>fuisse</span> <span class='ocrx_word' id='word_1_272' title='bbox 1567 4201 1732 4264; x_wconf 89' lang='lat' dir='ltr'>quae</span> <span class='ocrx_word' id='word_1_273' title='bbox 1775 4189 2050 4246; x_wconf 88' lang='lat' dir='ltr'>matrem</span> <span class='ocrx_word' id='word_1_274' title='bbox 2089 4200 2303 4247; x_wconf 85' lang='lat' dir='ltr'>accer-</span> 
     </span>
     <span class='ocr_line' id='line_1_39' title="bbox 356 4264 2306 4354; baseline -0.003 -17"><span class='ocrx_word' id='word_1_275' title='bbox 356 4271 552 4349; x_wconf 84' lang='lat' dir='ltr'>sivit,</span> <span class='ocrx_word' id='word_1_276' title='bbox 618 4276 695 4334; x_wconf 90' lang='lat' dir='ltr'>ut</span> <span class='ocrx_word' id='word_1_277' title='bbox 749 4288 1023 4352; x_wconf 90' lang='lat' dir='ltr'>puerum</span> <span class='ocrx_word' id='word_1_278' title='bbox 1079 4269 1448 4354; x_wconf 84' lang='lat' dir='ltr'>expositum</span> <span class='ocrx_word' id='word_1_279' title='bbox 1500 4266 1793 4334; x_wconf 88' lang='lat' dir='ltr'>lactaret.</span> <span class='ocrx_word' id='word_1_280' title='bbox 1882 4264 2112 4348; x_wconf 77' lang='lat' dir='ltr'>Quare</span> <span class='ocrx_word' id='word_1_281' title='bbox 2169 4265 2306 4332; x_wconf 84' lang='lat' dir='ltr'>fere</span> 
     </span>
     <span class='ocr_line' id='line_1_40' title="bbox 358 4352 2307 4439; baseline -0.002 -18"><span class='ocrx_word' id='word_1_282' title='bbox 358 4355 451 4422; x_wconf 86' lang='lat' dir='ltr'>ad</span> <span class='ocrx_word' id='word_1_283' title='bbox 510 4362 772 4420; x_wconf 88' lang='lat' dir='ltr'>centum</span> <span class='ocrx_word' id='word_1_284' title='bbox 831 4354 1105 4439; x_wconf 89' lang='lat' dir='ltr'>triginta</span> <span class='ocrx_word' id='word_1_285' title='bbox 1161 4374 1368 4421; x_wconf 87' lang='lat' dir='ltr'>annos</span> <span class='ocrx_word' id='word_1_286' title='bbox 1418 4352 1746 4438; x_wconf 83' lang='lat' dir='ltr'>pervenit:</span> <span class='ocrx_word' id='word_1_287' title='bbox 1793 4371 1959 4437; x_wconf 87' lang='lat' dir='ltr'>quae</span> <span class='ocrx_word' id='word_1_288' title='bbox 2003 4361 2307 4418; x_wconf 88' lang='lat' dir='ltr'>senectus</span> 
     </span>
     <span class='ocr_line' id='line_1_41' title="bbox 358 4440 1531 4528; baseline -0.002 -22"><span class='ocrx_word' id='word_1_289' title='bbox 358 4441 752 4528; x_wconf 88' lang='lat' dir='ltr'>praesertim</span> <span class='ocrx_word' id='word_1_290' title='bbox 794 4440 866 4505; x_wconf 92' lang='lat' dir='ltr'>in</span> <span class='ocrx_word' id='word_1_291' title='bbox 900 4440 1176 4505; x_wconf 91' lang='lat' dir='ltr'>muliere</span> <span class='ocrx_word' id='word_1_292' title='bbox 1220 4460 1373 4505; x_wconf 87' lang='lat' dir='ltr'>rara</span> <span class='ocrx_word' id='word_1_293' title='bbox 1413 4446 1531 4506; x_wconf 93' lang='lat' dir='ltr'>est.</span> 
     </span>
    </p>

    <p class='ocr_par' dir='ltr' id='par_1_4' title="bbox 355 4522 2310 4783">
     <span class='ocr_line' id='line_1_42' title="bbox 538 4522 2308 4609; baseline -0.003 -16"><span class='ocrx_word' id='word_1_294' title='bbox 538 4528 598 4593; x_wconf 85' lang='lat'>2.</span> <span class='ocrx_word' id='word_1_295' title='bbox 661 4528 983 4609; x_wconf 70' lang='lat' dir='ltr'>Quumque</span> <span class='ocrx_word' id='word_1_296' title='bbox 1035 4545 1156 4592; x_wconf 79' lang='lat' dir='ltr'>non</span> <span class='ocrx_word' id='word_1_297' title='bbox 1221 4530 1377 4592; x_wconf 79' lang='lat' dir='ltr'>esset</span> <span class='ocrx_word' id='word_1_298' title='bbox 1439 4544 1627 4607; x_wconf 77' lang='lat' dir='ltr'>aqua.</span> <span class='ocrx_word' id='word_1_299' title='bbox 1715 4522 1971 4591; x_wconf 80' lang='lat' dir='ltr'>Similis</span> <span class='ocrx_word' id='word_1_300' title='bbox 2034 4522 2308 4589; x_wconf 88' lang='lat' dir='ltr'>historia</span> 
     </span>
     <span class='ocr_line' id='line_1_43' title="bbox 355 4607 2310 4700; baseline -0.004 -20"><span class='ocrx_word' id='word_1_301' title='bbox 355 4615 548 4700; x_wconf 87' lang='lat' dir='ltr'>prius</span> <span class='ocrx_word' id='word_1_302' title='bbox 571 4612 710 4679; x_wconf 85' lang='lat' dir='ltr'>visa</span> <span class='ocrx_word' id='word_1_303' title='bbox 732 4612 875 4694; x_wconf 79' lang='lat' dir='ltr'>fuit,</span> <span class='ocrx_word' id='word_1_304' title='bbox 909 4631 1041 4677; x_wconf 87' lang='lat' dir='ltr'>non</span> <span class='ocrx_word' id='word_1_305' title='bbox 1076 4619 1296 4677; x_wconf 86' lang='lat' dir='ltr'>tamen</span> <span class='ocrx_word' id='word_1_306' title='bbox 1333 4610 1577 4676; x_wconf 89' lang='lat' dir='ltr'>eadem.</span> <span class='ocrx_word' id='word_1_307' title='bbox 1644 4608 1815 4675; x_wconf 88' lang='lat' dir='ltr'>Nam</span> <span class='ocrx_word' id='word_1_308' title='bbox 1850 4607 2135 4693; x_wconf 87' lang='lat' dir='ltr'>populus</span> <span class='ocrx_word' id='word_1_309' title='bbox 2170 4609 2310 4673; x_wconf 87' lang='lat' dir='ltr'>vix-</span> 
     </span>
     <span class='ocr_line' id='line_1_44' title="bbox 357 4693 2308 4783; baseline -0.003 -18"><span class='ocrx_word' id='word_1_310' title='bbox 357 4700 521 4765; x_wconf 87' lang='lat' dir='ltr'>dum</span> <span class='ocrx_word' id='word_1_311' title='bbox 567 4718 871 4783; x_wconf 85' lang='lat' dir='ltr'>egressus</span> <span class='ocrx_word' id='word_1_312' title='bbox 914 4718 997 4763; x_wconf 89' lang='lat' dir='ltr'>ex</span> <span class='ocrx_word' id='word_1_313' title='bbox 1041 4698 1347 4782; x_wconf 81' lang='lat' dir='ltr'>Aegypto</span> <span class='ocrx_word' id='word_1_314' title='bbox 1390 4695 1776 4762; x_wconf 90' lang='lat' dir='ltr'>tumultuari</span> <span class='ocrx_word' id='word_1_315' title='bbox 1815 4694 2028 4779; x_wconf 91' lang='lat' dir='ltr'>coepit</span> <span class='ocrx_word' id='word_1_316' title='bbox 2066 4693 2138 4759; x_wconf 91' lang='lat' dir='ltr'>in</span> <span class='ocrx_word' id='word_1_317' title='bbox 2170 4693 2308 4760; x_wconf 89' lang='lat' dir='ltr'>Ra·</span> 
     </span>
    </p>
   </div>
   <div class='ocr_carea' id='block_1_4' title="bbox 220 4780 2309 4872">
    <p class='ocr_par' dir='ltr' id='par_1_5' title="bbox 220 4780 2309 4872">
     <span class='ocr_line' id='line_1_45' title="bbox 220 4780 2309 4872; baseline -0.003 -21"><span class='ocrx_word' id='word_1_318' title='bbox 220 4828 227 4833; x_wconf 90' lang='lat'>-</span> <span class='ocrx_word' id='word_1_319' title='bbox 355 4784 615 4872; x_wconf 87' lang='lat' dir='ltr'>phidim</span> <span class='ocrx_word' id='word_1_320' title='bbox 662 4784 743 4849; x_wconf 91' lang='lat' dir='ltr'>ob</span> <span class='ocrx_word' id='word_1_321' title='bbox 784 4802 989 4867; x_wconf 88' lang='lat' dir='ltr'>aquae</span> <span class='ocrx_word' id='word_1_322' title='bbox 1030 4783 1401 4866; x_wconf 86' lang='lat' dir='ltr'>penuriam:</span> <span class='ocrx_word' id='word_1_323' title='bbox 1448 4801 1626 4847; x_wconf 89' lang='lat' dir='ltr'>nunc</span> <span class='ocrx_word' id='word_1_324' title='bbox 1669 4789 1817 4865; x_wconf 89' lang='lat' dir='ltr'>post</span> <span class='ocrx_word' id='word_1_325' title='bbox 1857 4780 2134 4866; x_wconf 88' lang='lat' dir='ltr'>triginta</span> <span class='ocrx_word' id='word_1_326' title='bbox 2166 4787 2309 4847; x_wconf 88' lang='lat' dir='ltr'>octo</span> 
     </span>
    </p>
   </div>
   <div class='ocr_carea' id='block_1_5' title="bbox 356 4864 2313 5471">
    <p class='ocr_par' dir='ltr' id='par_1_6' title="bbox 356 4864 2313 5471">
     <span class='ocr_line' id='line_1_46' title="bbox 358 4864 2308 4946; baseline -0.005 -7"><span class='ocrx_word' id='word_1_327' title='bbox 358 4890 577 4939; x_wconf 84' lang='lat' dir='ltr'>annos</span> <span class='ocrx_word' id='word_1_328' title='bbox 634 4868 739 4934; x_wconf 86' lang='lat' dir='ltr'>vel</span> <span class='ocrx_word' id='word_1_329' title='bbox 795 4870 1052 4935; x_wconf 87' lang='lat' dir='ltr'>circiter</span> <span class='ocrx_word' id='word_1_330' title='bbox 1103 4889 1277 4934; x_wconf 83' lang='lat' dir='ltr'>nova</span> <span class='ocrx_word' id='word_1_331' title='bbox 1328 4877 1632 4933; x_wconf 82' lang='lat' dir='ltr'>movetur</span> <span class='ocrx_word' id='word_1_332' title='bbox 1689 4864 1921 4932; x_wconf 89' lang='lat' dir='ltr'>seditio</span> <span class='ocrx_word' id='word_1_333' title='bbox 1963 4868 2031 4930; x_wconf 91' lang='lat' dir='ltr'>in</span> <span class='ocrx_word' id='word_1_334' title='bbox 2075 4865 2308 4946; x_wconf 82' lang='lat' dir='ltr'>Gades,</span> 
     </span>
     <span class='ocr_line' id='line_1_47' title="bbox 358 4951 2309 5041; baseline -0.003 -19"><span class='ocrx_word' id='word_1_335' title='bbox 358 4958 524 5041; x_wconf 87' lang='lat' dir='ltr'>quia</span> <span class='ocrx_word' id='word_1_336' title='bbox 600 4955 735 5022; x_wconf 88' lang='lat' dir='ltr'>illic</span> <span class='ocrx_word' id='word_1_337' title='bbox 800 4975 1055 5038; x_wconf 88' lang='lat' dir='ltr'>quoque</span> <span class='ocrx_word' id='word_1_338' title='bbox 1120 4955 1306 5037; x_wconf 88' lang='lat' dir='ltr'>aquis</span> <span class='ocrx_word' id='word_1_339' title='bbox 1361 4952 1763 5037; x_wconf 86' lang='lat' dir='ltr'>indigebant.</span> <span class='ocrx_word' id='word_1_340' title='bbox 1868 4954 1966 5017; x_wconf 91' lang='lat' dir='ltr'>Ac</span> <span class='ocrx_word' id='word_1_341' title='bbox 2022 4951 2309 5035; x_wconf 88' lang='lat' dir='ltr'>primum</span> 
     </span>
     <span class='ocr_line' id='line_1_48' title="bbox 360 5038 2306 5129; baseline -0.004 -20"><span class='ocrx_word' id='word_1_342' title='bbox 360 5041 628 5129; x_wconf 89' lang='lat' dir='ltr'>quidem</span> <span class='ocrx_word' id='word_1_343' title='bbox 691 5062 992 5106; x_wconf 92' lang='lat' dir='ltr'>murmur</span> <span class='ocrx_word' id='word_1_344' title='bbox 1044 5041 1205 5105; x_wconf 88' lang='lat' dir='ltr'>satis</span> <span class='ocrx_word' id='word_1_345' title='bbox 1263 5038 1548 5104; x_wconf 88' lang='lat' dir='ltr'>ostendit</span> <span class='ocrx_word' id='word_1_346' title='bbox 1604 5045 1851 5122; x_wconf 87' lang='lat' dir='ltr'>quanta</span> <span class='ocrx_word' id='word_1_347' title='bbox 1893 5044 2114 5103; x_wconf 90' lang='lat' dir='ltr'>essent</span> <span class='ocrx_word' id='word_1_348' title='bbox 2156 5057 2306 5121; x_wconf 89' lang='lat' dir='ltr'>pra-</span> 
     </span>
     <span class='ocr_line' id='line_1_49' title="bbox 362 5121 2310 5209; baseline -0.004 -16"><span class='ocrx_word' id='word_1_349' title='bbox 362 5129 575 5195; x_wconf 84' lang='lat' dir='ltr'>vitate</span> <span class='ocrx_word' id='word_1_350' title='bbox 643 5134 711 5192; x_wconf 90' lang='lat' dir='ltr'>et</span> <span class='ocrx_word' id='word_1_351' title='bbox 764 5126 1204 5192; x_wconf 84' lang='lat' dir='ltr'>contumacia:</span> <span class='ocrx_word' id='word_1_352' title='bbox 1264 5126 1416 5209; x_wconf 90' lang='lat' dir='ltr'>quia</span> <span class='ocrx_word' id='word_1_353' title='bbox 1474 5144 1675 5207; x_wconf 90' lang='lat' dir='ltr'>quum</span> <span class='ocrx_word' id='word_1_354' title='bbox 1736 5123 1953 5189; x_wconf 89' lang='lat' dir='ltr'>cibum</span> <span class='ocrx_word' id='word_1_355' title='bbox 2023 5121 2310 5206; x_wconf 85' lang='lat' dir='ltr'>quotidie</span> 
     </span>
     <span class='ocr_line' id='line_1_50' title="bbox 361 5206 2312 5298; baseline -0.005 -16"><span class='ocrx_word' id='word_1_356' title='bbox 361 5216 502 5282; x_wconf 86' lang='lat' dir='ltr'>illis</span> <span class='ocrx_word' id='word_1_357' title='bbox 561 5235 597 5279; x_wconf 91' lang='lat' dir='ltr'>e</span> <span class='ocrx_word' id='word_1_358' title='bbox 655 5212 832 5279; x_wconf 92' lang='lat' dir='ltr'>coelo</span> <span class='ocrx_word' id='word_1_359' title='bbox 888 5212 1254 5298; x_wconf 89' lang='lat' dir='ltr'>porrigeret</span> <span class='ocrx_word' id='word_1_360' title='bbox 1304 5211 1521 5290; x_wconf 89' lang='lat' dir='ltr'>Deus,</span> <span class='ocrx_word' id='word_1_361' title='bbox 1586 5230 1704 5276; x_wconf 92' lang='lat' dir='ltr'>cur</span> <span class='ocrx_word' id='word_1_362' title='bbox 1745 5229 1880 5273; x_wconf 90' lang='lat' dir='ltr'>non</span> <span class='ocrx_word' id='word_1_363' title='bbox 1928 5206 2312 5293; x_wconf 88' lang='lat' dir='ltr'>simpliciter</span> 
     </span>
     <span class='ocr_line' id='line_1_51' title="bbox 356 5291 2310 5385; baseline -0.005 -18"><span class='ocrx_word' id='word_1_364' title='bbox 356 5321 600 5385; x_wconf 84' lang='lat' dir='ltr'>aquam</span> <span class='ocrx_word' id='word_1_365' title='bbox 643 5299 1029 5383; x_wconf 89' lang='lat' dir='ltr'>poscebant,</span> <span class='ocrx_word' id='word_1_366' title='bbox 1075 5318 1159 5362; x_wconf 89' lang='lat' dir='ltr'>ne</span> <span class='ocrx_word' id='word_1_367' title='bbox 1203 5297 1357 5380; x_wconf 88' lang='lat' dir='ltr'>quid</span> <span class='ocrx_word' id='word_1_368' title='bbox 1408 5294 1661 5361; x_wconf 88' lang='lat' dir='ltr'>deesset</span> <span class='ocrx_word' id='word_1_369' title='bbox 1697 5293 1901 5359; x_wconf 92' lang='lat' dir='ltr'>solido</span> <span class='ocrx_word' id='word_1_370' title='bbox 1957 5291 2310 5359; x_wconf 84' lang='lat' dir='ltr'>alimento?</span> 
     </span>
     <span class='ocr_line' id='line_1_52' title="bbox 356 5380 2313 5471; baseline -0.005 -17"><span class='ocrx_word' id='word_1_371' title='bbox 356 5386 573 5471; x_wconf 85' lang='lat' dir='ltr'>Atqui</span> <span class='ocrx_word' id='word_1_372' title='bbox 641 5406 774 5451; x_wconf 89' lang='lat' dir='ltr'>non</span> <span class='ocrx_word' id='word_1_373' title='bbox 850 5385 1072 5450; x_wconf 90' lang='lat' dir='ltr'>minus</span> <span class='ocrx_word' id='word_1_374' title='bbox 1128 5381 1316 5449; x_wconf 88' lang='lat' dir='ltr'>foeda</span> <span class='ocrx_word' id='word_1_375' title='bbox 1391 5380 1860 5467; x_wconf 85' lang='lat' dir='ltr'>ingratitudine</span> <span class='ocrx_word' id='word_1_376' title='bbox 1917 5399 2114 5464; x_wconf 87' lang='lat' dir='ltr'>quam</span> <span class='ocrx_word' id='word_1_377' title='bbox 2178 5400 2313 5445; x_wconf 87' lang='lat' dir='ltr'>sce-</span> 
     </span>
    </p>
   </div>
   <div class='ocr_carea' id='block_1_6' title="bbox 1764 485 2933 556">
    <p class='ocr_par' dir='ltr' id='par_1_7' title="bbox 1764 485 2933 556">
     <span class='ocr_line' id='line_1_53' title="bbox 1764 485 2933 556; baseline 0.001 -2"><span class='ocrx_word' id='word_1_378' title='bbox 1764 486 2170 556; x_wconf 82' lang='lat' dir='ltr'><strong>REDI&#39;PUS</strong></span> <span class='ocrx_word' id='word_1_379' title='bbox 2216 486 2347 553; x_wconf 88' lang='lat' dir='ltr'>AD</span> <span class='ocrx_word' id='word_1_380' title='bbox 2387 485 2933 555; x_wconf 77' lang='lat' dir='ltr'>HISTORIAM.</span> 
     </span>
    </p>
   </div>
   <div class='ocr_carea' id='block_1_7' title="bbox 2350 677 2371 5433">
    <p class='ocr_par' dir='ltr' id='par_1_8' title="bbox 2350 677 2371 5433">
     <span class='ocr_line' id='line_1_54' title="bbox 2350 677 2371 5433; baseline 0 0"><span class='ocrx_word' id='word_1_381' title='bbox 2350 677 2371 5433; x_wconf 95' lang='lat' dir='ltr'> </span> 
     </span>
    </p>
   </div>
   <div class='ocr_carea' id='block_1_8' title="bbox 4204 488 4330 554">
    <p class='ocr_par' dir='ltr' id='par_1_9' title="bbox 4204 488 4330 554">
     <span class='ocr_line' id='line_1_55' title="bbox 4204 488 4330 554; baseline 0.016 -2"><span class='ocrx_word' id='word_1_382' title='bbox 4204 488 4330 554; x_wconf 77' lang='lat'>234</span> 
     </span>
    </p>
   </div>
   <div class='ocr_carea' id='block_1_9' title="bbox 2401 673 4352 5463">
    <p class='ocr_par' dir='ltr' id='par_1_10' title="bbox 2401 673 4352 5463">
     <span class='ocr_line' id='line_1_56' title="bbox 2402 673 4338 762; baseline 0.003 -23"><span class='ocrx_word' id='word_1_383' title='bbox 2402 673 2572 741; x_wconf 88' lang='lat' dir='ltr'>lesta</span> <span class='ocrx_word' id='word_1_384' title='bbox 2610 677 2973 761; x_wconf 87' lang='lat' dir='ltr'>pervicacia</span> <span class='ocrx_word' id='word_1_385' title='bbox 3014 675 3234 744; x_wconf 90' lang='lat' dir='ltr'>Deum</span> <span class='ocrx_word' id='word_1_386' title='bbox 3275 679 3581 745; x_wconf 86' lang='lat' dir='ltr'>conviciis</span> <span class='ocrx_word' id='word_1_387' title='bbox 3637 678 3994 762; x_wconf 88' lang='lat' dir='ltr'>impetunt,</span> <span class='ocrx_word' id='word_1_388' title='bbox 4055 683 4122 743; x_wconf 90' lang='lat' dir='ltr'>et</span> <span class='ocrx_word' id='word_1_389' title='bbox 4185 697 4338 761; x_wconf 88' lang='lat' dir='ltr'>que-</span> 
     </span>
     <span class='ocr_line' id='line_1_57' title="bbox 2403 762 4335 848; baseline 0.002 -24"><span class='ocrx_word' id='word_1_390' title='bbox 2403 768 2644 826; x_wconf 90' lang='lat' dir='ltr'>runtur</span> <span class='ocrx_word' id='word_1_391' title='bbox 2676 781 2745 828; x_wconf 90' lang='lat' dir='ltr'>se</span> <span class='ocrx_word' id='word_1_392' title='bbox 2779 763 2861 828; x_wconf 88' lang='lat' dir='ltr'>ab</span> <span class='ocrx_word' id='word_1_393' title='bbox 2897 782 2973 828; x_wconf 90' lang='lat' dir='ltr'>eo</span> <span class='ocrx_word' id='word_1_394' title='bbox 3012 762 3212 829; x_wconf 87' lang='lat' dir='ltr'>fuisse</span> <span class='ocrx_word' id='word_1_395' title='bbox 3249 762 3548 848; x_wconf 88' lang='lat' dir='ltr'>deceptos</span> <span class='ocrx_word' id='word_1_396' title='bbox 3592 784 3666 829; x_wconf 89' lang='lat' dir='ltr'>ac</span> <span class='ocrx_word' id='word_1_397' title='bbox 3709 763 4014 847; x_wconf 88' lang='lat' dir='ltr'>proditos.</span> <span class='ocrx_word' id='word_1_398' title='bbox 4080 762 4335 828; x_wconf 88' lang='lat' dir='ltr'>Verum</span> 
     </span>
     <span class='ocr_line' id='line_1_58' title="bbox 2405 843 4332 932; baseline 0.002 -23"><span class='ocrx_word' id='word_1_399' title='bbox 2405 843 2565 912; x_wconf 88' lang='lat' dir='ltr'>haec</span> <span class='ocrx_word' id='word_1_400' title='bbox 2623 845 2905 913; x_wconf 84' lang='lat' dir='ltr'>secunda</span> <span class='ocrx_word' id='word_1_401' title='bbox 2960 848 3229 914; x_wconf 91' lang='lat' dir='ltr'>rebellio</span> <span class='ocrx_word' id='word_1_402' title='bbox 3290 849 3484 932; x_wconf 89' lang='lat' dir='ltr'>longe</span> <span class='ocrx_word' id='word_1_403' title='bbox 3527 848 3826 915; x_wconf 86' lang='lat' dir='ltr'>deterior.</span> <span class='ocrx_word' id='word_1_404' title='bbox 3914 848 4083 913; x_wconf 85' lang='lat' dir='ltr'>Nam</span> <span class='ocrx_word' id='word_1_405' title='bbox 4133 866 4332 931; x_wconf 89' lang='lat' dir='ltr'>quum</span> 
     </span>
     <span class='ocr_line' id='line_1_59' title="bbox 2405 934 4334 1017; baseline 0.001 -22"><span class='ocrx_word' id='word_1_406' title='bbox 2405 934 2660 1015; x_wconf 90' lang='lat' dir='ltr'>experti</span> <span class='ocrx_word' id='word_1_407' title='bbox 2719 941 2937 999; x_wconf 90' lang='lat' dir='ltr'>essent</span> <span class='ocrx_word' id='word_1_408' title='bbox 2988 934 3056 998; x_wconf 90' lang='lat' dir='ltr'>in</span> <span class='ocrx_word' id='word_1_409' title='bbox 3116 954 3316 999; x_wconf 89' lang='lat' dir='ltr'>manu</span> <span class='ocrx_word' id='word_1_410' title='bbox 3373 934 3501 1000; x_wconf 91' lang='lat' dir='ltr'>Dei</span> <span class='ocrx_word' id='word_1_411' title='bbox 3540 954 3682 1000; x_wconf 90' lang='lat' dir='ltr'>esse</span> <span class='ocrx_word' id='word_1_412' title='bbox 3726 953 4039 1017; x_wconf 90' lang='lat' dir='ltr'>aquarum</span> <span class='ocrx_word' id='word_1_413' title='bbox 4084 934 4334 1017; x_wconf 89' lang='lat' dir='ltr'>copiam</span> 
     </span>
     <span class='ocr_line' id='line_1_60' title="bbox 2406 1015 4334 1103; baseline 0.003 -23"><span class='ocrx_word' id='word_1_414' title='bbox 2406 1015 2637 1082; x_wconf 88' lang='lat' dir='ltr'>elicere</span> <span class='ocrx_word' id='word_1_415' title='bbox 2674 1038 2757 1083; x_wconf 92' lang='lat' dir='ltr'>ex</span> <span class='ocrx_word' id='word_1_416' title='bbox 2793 1039 2954 1102; x_wconf 88' lang='lat' dir='ltr'>rupe</span> <span class='ocrx_word' id='word_1_417' title='bbox 2996 1017 3195 1096; x_wconf 90' lang='lat' dir='ltr'>arida,</span> <span class='ocrx_word' id='word_1_418' title='bbox 3241 1041 3359 1084; x_wconf 90' lang='lat' dir='ltr'>cur</span> <span class='ocrx_word' id='word_1_419' title='bbox 3401 1040 3530 1084; x_wconf 90' lang='lat' dir='ltr'>non</span> <span class='ocrx_word' id='word_1_420' title='bbox 3575 1020 3716 1085; x_wconf 88' lang='lat' dir='ltr'>eius</span> <span class='ocrx_word' id='word_1_421' title='bbox 3760 1019 4113 1103; x_wconf 88' lang='lat' dir='ltr'>potentiam</span> <span class='ocrx_word' id='word_1_422' title='bbox 4154 1039 4334 1085; x_wconf 89' lang='lat' dir='ltr'>nunc</span> 
     </span>
     <span class='ocr_line' id='line_1_61' title="bbox 2405 1101 4334 1185; baseline 0.002 -20"><span class='ocrx_word' id='word_1_423' title='bbox 2405 1101 2804 1185; x_wconf 83' lang='lat' dir='ltr'>implorant?</span> <span class='ocrx_word' id='word_1_424' title='bbox 2863 1122 2979 1170; x_wconf 91' lang='lat' dir='ltr'>cur</span> <span class='ocrx_word' id='word_1_425' title='bbox 3031 1125 3157 1170; x_wconf 90' lang='lat' dir='ltr'>non</span> <span class='ocrx_word' id='word_1_426' title='bbox 3212 1102 3592 1170; x_wconf 86' lang='lat' dir='ltr'>admirabile</span> <span class='ocrx_word' id='word_1_427' title='bbox 3655 1102 3817 1169; x_wconf 86' lang='lat' dir='ltr'>illud</span> <span class='ocrx_word' id='word_1_428' title='bbox 3861 1103 4188 1170; x_wconf 87' lang='lat' dir='ltr'>auxilium-</span> <span class='ocrx_word' id='word_1_429' title='bbox 4224 1124 4334 1169; x_wconf 86' lang='lat' dir='ltr'>ve-</span> 
     </span>
     <span class='ocr_line' id='line_1_62' title="bbox 2406 1186 4334 1273; baseline 0.001 -22"><span class='ocrx_word' id='word_1_430' title='bbox 2406 1186 2507 1251; x_wconf 89' lang='lat' dir='ltr'>nit</span> <span class='ocrx_word' id='word_1_431' title='bbox 2549 1190 2618 1253; x_wconf 89' lang='lat' dir='ltr'>in</span> <span class='ocrx_word' id='word_1_432' title='bbox 2662 1188 2994 1255; x_wconf 86' lang='lat' dir='ltr'>mentem?</span> <span class='ocrx_word' id='word_1_433' title='bbox 3041 1190 3242 1273; x_wconf 89' lang='lat' dir='ltr'>Atqui</span> <span class='ocrx_word' id='word_1_434' title='bbox 3286 1190 3503 1255; x_wconf 84' lang='lat' dir='ltr'>furore</span> <span class='ocrx_word' id='word_1_435' title='bbox 3545 1191 3803 1273; x_wconf 88' lang='lat' dir='ltr'>perciti,</span> <span class='ocrx_word' id='word_1_436' title='bbox 3847 1188 4116 1272; x_wconf 88' lang='lat' dir='ltr'>perinde</span> <span class='ocrx_word' id='word_1_437' title='bbox 4159 1209 4235 1256; x_wconf 86' lang='lat' dir='ltr'>ac</span> <span class='ocrx_word' id='word_1_438' title='bbox 4277 1188 4334 1253; x_wconf 90' lang='lat' dir='ltr'>si</span> 
     </span>
     <span class='ocr_line' id='line_1_63' title="bbox 2406 1272 4333 1359; baseline 0.001 -23"><span class='ocrx_word' id='word_1_439' title='bbox 2406 1272 2666 1338; x_wconf 91' lang='lat' dir='ltr'>nullum</span> <span class='ocrx_word' id='word_1_440' title='bbox 2708 1282 2876 1341; x_wconf 88' lang='lat' dir='ltr'>esset</span> <span class='ocrx_word' id='word_1_441' title='bbox 2933 1274 3073 1342; x_wconf 91' lang='lat' dir='ltr'>sitis</span> <span class='ocrx_word' id='word_1_442' title='bbox 3133 1272 3521 1353; x_wconf 88' lang='lat' dir='ltr'>remedium,</span> <span class='ocrx_word' id='word_1_443' title='bbox 3589 1275 3922 1340; x_wconf 86' lang='lat' dir='ltr'>clamitant</span> <span class='ocrx_word' id='word_1_444' title='bbox 3963 1293 4182 1340; x_wconf 89' lang='lat' dir='ltr'>secum</span> <span class='ocrx_word' id='word_1_445' title='bbox 4227 1275 4333 1359; x_wconf 87' lang='lat' dir='ltr'>agi</span> 
     </span>
     <span class='ocr_line' id='line_1_64' title="bbox 2407 1357 4334 1444; baseline 0 -20"><span class='ocrx_word' id='word_1_446' title='bbox 2407 1357 2733 1426; x_wconf 86' lang='lat' dir='ltr'>crudelius</span> <span class='ocrx_word' id='word_1_447' title='bbox 2791 1379 2983 1444; x_wconf 88' lang='lat' dir='ltr'>quam</span> <span class='ocrx_word' id='word_1_448' title='bbox 3027 1360 3084 1426; x_wconf 91' lang='lat' dir='ltr'>si</span> <span class='ocrx_word' id='word_1_449' title='bbox 3127 1360 3413 1444; x_wconf 89' lang='lat' dir='ltr'>absorpti</span> <span class='ocrx_word' id='word_1_450' title='bbox 3457 1365 3675 1426; x_wconf 89' lang='lat' dir='ltr'>essent</span> <span class='ocrx_word' id='word_1_451' title='bbox 3717 1380 3755 1424; x_wconf 89' lang='lat' dir='ltr'>a</span> <span class='ocrx_word' id='word_1_452' title='bbox 3798 1370 3991 1438; x_wconf 86' lang='lat' dir='ltr'>terra,</span> <span class='ocrx_word' id='word_1_453' title='bbox 4036 1357 4138 1425; x_wconf 87' lang='lat' dir='ltr'>vel</span> <span class='ocrx_word' id='word_1_454' title='bbox 4181 1359 4334 1444; x_wconf 91' lang='lat' dir='ltr'>igne</span> 
     </span>
     <span class='ocr_line' id='line_1_65' title="bbox 2405 1444 4335 1529; baseline -0.001 -19"><span class='ocrx_word' id='word_1_455' title='bbox 2405 1444 2668 1510; x_wconf 88' lang='lat' dir='ltr'>coelesti</span> <span class='ocrx_word' id='word_1_456' title='bbox 2730 1445 3114 1529; x_wconf 85' lang='lat' dir='ltr'>consumpti.</span> <span class='ocrx_word' id='word_1_457' title='bbox 3200 1444 3612 1512; x_wconf 91' lang='lat' dir='ltr'>Incredibilis</span> <span class='ocrx_word' id='word_1_458' title='bbox 3658 1453 3831 1511; x_wconf 88' lang='lat' dir='ltr'>certe</span> <span class='ocrx_word' id='word_1_459' title='bbox 3886 1445 3992 1512; x_wconf 90' lang='lat' dir='ltr'>hic</span> <span class='ocrx_word' id='word_1_460' title='bbox 4034 1444 4158 1511; x_wconf 83' lang='lat' dir='ltr'>fuit</span> <span class='ocrx_word' id='word_1_461' title='bbox 4201 1453 4335 1509; x_wconf 87' lang='lat' dir='ltr'>stu-</span> 
     </span>
     <span class='ocr_line' id='line_1_66' title="bbox 2405 1529 4334 1615; baseline 0 -20"><span class='ocrx_word' id='word_1_462' title='bbox 2405 1549 2556 1613; x_wconf 91' lang='lat' dir='ltr'>por,</span> <span class='ocrx_word' id='word_1_463' title='bbox 2625 1542 2936 1614; x_wconf 90' lang='lat' dir='ltr'>tanquam</span> <span class='ocrx_word' id='word_1_464' title='bbox 3002 1549 3084 1596; x_wconf 89' lang='lat' dir='ltr'>ex</span> <span class='ocrx_word' id='word_1_465' title='bbox 3152 1531 3441 1615; x_wconf 83' lang='lat' dir='ltr'>professo</span> <span class='ocrx_word' id='word_1_466' title='bbox 3500 1532 3761 1595; x_wconf 87' lang='lat' dir='ltr'>ianuam</span> <span class='ocrx_word' id='word_1_467' title='bbox 3820 1529 4119 1597; x_wconf 88' lang='lat' dir='ltr'>claudere</span> <span class='ocrx_word' id='word_1_468' title='bbox 4187 1550 4334 1614; x_wconf 87' lang='lat' dir='ltr'>gra-</span> 
     </span>
     <span class='ocr_line' id='line_1_67' title="bbox 2407 1615 4334 1699; baseline 0.001 -19"><span class='ocrx_word' id='word_1_469' title='bbox 2407 1615 2536 1681; x_wconf 88' lang='lat' dir='ltr'>tiae</span> <span class='ocrx_word' id='word_1_470' title='bbox 2559 1616 2704 1695; x_wconf 89' lang='lat' dir='ltr'>Dei,</span> <span class='ocrx_word' id='word_1_471' title='bbox 2749 1624 2827 1681; x_wconf 89' lang='lat' dir='ltr'>ut</span> <span class='ocrx_word' id='word_1_472' title='bbox 2868 1637 2939 1682; x_wconf 88' lang='lat' dir='ltr'>se</span> <span class='ocrx_word' id='word_1_473' title='bbox 2980 1616 3047 1681; x_wconf 90' lang='lat' dir='ltr'>in</span> <span class='ocrx_word' id='word_1_474' title='bbox 3077 1615 3592 1699; x_wconf 87' lang='lat' dir='ltr'>desperationem</span> <span class='ocrx_word' id='word_1_475' title='bbox 3637 1616 4040 1681; x_wconf 89' lang='lat' dir='ltr'>coniicerent.</span> <span class='ocrx_word' id='word_1_476' title='bbox 4103 1615 4334 1681; x_wconf 87' lang='lat' dir='ltr'>Insur-</span> 
     </span>
     <span class='ocr_line' id='line_1_68' title="bbox 2406 1699 4335 1785; baseline 0 -21"><span class='ocrx_word' id='word_1_477' title='bbox 2406 1710 2575 1785; x_wconf 86' lang='lat' dir='ltr'>gunt</span> <span class='ocrx_word' id='word_1_478' title='bbox 2632 1701 2892 1784; x_wconf 89' lang='lat' dir='ltr'>quidem</span> <span class='ocrx_word' id='word_1_479' title='bbox 2938 1700 3252 1767; x_wconf 88' lang='lat' dir='ltr'>adversus</span> <span class='ocrx_word' id='word_1_480' title='bbox 3295 1701 3525 1768; x_wconf 83' lang='lat' dir='ltr'>Mosen</span> <span class='ocrx_word' id='word_1_481' title='bbox 3571 1708 3638 1767; x_wconf 90' lang='lat' dir='ltr'>et</span> <span class='ocrx_word' id='word_1_482' title='bbox 3673 1701 3977 1766; x_wconf 86' lang='lat' dir='ltr'>Aharon:</span> <span class='ocrx_word' id='word_1_483' title='bbox 4023 1699 4135 1767; x_wconf 86' lang='lat' dir='ltr'>sed</span> <span class='ocrx_word' id='word_1_484' title='bbox 4178 1720 4335 1783; x_wconf 90' lang='lat' dir='ltr'>que-</span> 
     </span>
     <span class='ocr_line' id='line_1_69' title="bbox 2407 1785 4333 1872; baseline 0 -21"><span class='ocrx_word' id='word_1_485' title='bbox 2407 1786 2715 1853; x_wconf 89' lang='lat' dir='ltr'>rimonias</span> <span class='ocrx_word' id='word_1_486' title='bbox 2773 1807 2928 1853; x_wconf 90' lang='lat' dir='ltr'>suas</span> <span class='ocrx_word' id='word_1_487' title='bbox 2982 1794 3049 1853; x_wconf 88' lang='lat' dir='ltr'>et</span> <span class='ocrx_word' id='word_1_488' title='bbox 3102 1786 3319 1872; x_wconf 90' lang='lat' dir='ltr'>iurgia</span> <span class='ocrx_word' id='word_1_489' title='bbox 3373 1787 3442 1851; x_wconf 91' lang='lat' dir='ltr'>in</span> <span class='ocrx_word' id='word_1_490' title='bbox 3493 1785 3708 1853; x_wconf 88' lang='lat' dir='ltr'>Deum</span> <span class='ocrx_word' id='word_1_491' title='bbox 3767 1787 3982 1871; x_wconf 91' lang='lat' dir='ltr'>ipsum</span> <span class='ocrx_word' id='word_1_492' title='bbox 4025 1793 4333 1869; x_wconf 89' lang='lat' dir='ltr'>tanquam</span> 
     </span>
     <span class='ocr_line' id='line_1_70' title="bbox 2405 1869 4334 1957; baseline -0.001 -19"><span class='ocrx_word' id='word_1_493' title='bbox 2405 1871 2656 1956; x_wconf 89' lang='lat' dir='ltr'>spicula</span> <span class='ocrx_word' id='word_1_494' title='bbox 2698 1871 3006 1957; x_wconf 91' lang='lat' dir='ltr'>dirigunt.</span> <span class='ocrx_word' id='word_1_495' title='bbox 3088 1873 3221 1939; x_wconf 90' lang='lat' dir='ltr'>Pro</span> <span class='ocrx_word' id='word_1_496' title='bbox 3261 1872 3548 1937; x_wconf 88' lang='lat' dir='ltr'>maxima</span> <span class='ocrx_word' id='word_1_497' title='bbox 3586 1871 3833 1938; x_wconf 89' lang='lat' dir='ltr'>iniuria</span> <span class='ocrx_word' id='word_1_498' title='bbox 3874 1869 4123 1938; x_wconf 86' lang='lat' dir='ltr'>ducunt</span> <span class='ocrx_word' id='word_1_499' title='bbox 4163 1870 4334 1955; x_wconf 87' lang='lat' dir='ltr'>quod</span> 
     </span>
     <span class='ocr_line' id='line_1_71' title="bbox 2406 1955 4336 2040; baseline -0.002 -17"><span class='ocrx_word' id='word_1_500' title='bbox 2406 1955 2670 2024; x_wconf 87' lang='lat' dir='ltr'>adducti</span> <span class='ocrx_word' id='word_1_501' title='bbox 2727 1957 2973 2023; x_wconf 85' lang='lat' dir='ltr'>fuerint</span> <span class='ocrx_word' id='word_1_502' title='bbox 3028 1957 3097 2022; x_wconf 90' lang='lat' dir='ltr'>in</span> <span class='ocrx_word' id='word_1_503' title='bbox 3154 1956 3517 2023; x_wconf 88' lang='lat' dir='ltr'>desertum:</span> <span class='ocrx_word' id='word_1_504' title='bbox 3571 1957 3755 2040; x_wconf 89' lang='lat' dir='ltr'>quasi</span> <span class='ocrx_word' id='word_1_505' title='bbox 3812 1977 3966 2023; x_wconf 81' lang='lat' dir='ltr'>vero</span> <span class='ocrx_word' id='word_1_506' title='bbox 4021 1976 4152 2022; x_wconf 88' lang='lat' dir='ltr'>non</span> <span class='ocrx_word' id='word_1_507' title='bbox 4210 1955 4336 2039; x_wconf 88' lang='lat' dir='ltr'>ipsi</span> 
     </span>
     <span class='ocr_line' id='line_1_72' title="bbox 2405 2041 4335 2128; baseline 0 -21"><span class='ocrx_word' id='word_1_508' title='bbox 2405 2043 2607 2126; x_wconf 88' lang='lat' dir='ltr'>impia</span> <span class='ocrx_word' id='word_1_509' title='bbox 2649 2064 2765 2108; x_wconf 88' lang='lat' dir='ltr'>sua</span> <span class='ocrx_word' id='word_1_510' title='bbox 2810 2043 3241 2109; x_wconf 84' lang='lat' dir='ltr'>obstinatione</span> <span class='ocrx_word' id='word_1_511' title='bbox 3286 2041 3615 2108; x_wconf 88' lang='lat' dir='ltr'>desertum</span> <span class='ocrx_word' id='word_1_512' title='bbox 3655 2042 4087 2128; x_wconf 87' lang='lat' dir='ltr'>praetulerint</span> <span class='ocrx_word' id='word_1_513' title='bbox 4124 2051 4335 2107; x_wconf 87' lang='lat' dir='ltr'>terrae</span> 
     </span>
     <span class='ocr_line' id='line_1_73' title="bbox 2406 2126 4337 2212; baseline -0.002 -18"><span class='ocrx_word' id='word_1_514' title='bbox 2406 2128 2752 2207; x_wconf 83' lang='lat' dir='ltr'>Ohanaan,</span> <span class='ocrx_word' id='word_1_515' title='bbox 2798 2137 2989 2212; x_wconf 85' lang='lat' dir='ltr'>atque</span> <span class='ocrx_word' id='word_1_516' title='bbox 3045 2127 3205 2195; x_wconf 88' lang='lat' dir='ltr'>adeo</span> <span class='ocrx_word' id='word_1_517' title='bbox 3249 2126 3428 2212; x_wconf 84' lang='lat' dir='ltr'>digni</span> <span class='ocrx_word' id='word_1_518' title='bbox 3472 2128 3609 2193; x_wconf 90' lang='lat' dir='ltr'>sint</span> <span class='ocrx_word' id='word_1_519' title='bbox 3643 2128 3752 2211; x_wconf 89' lang='lat' dir='ltr'>qui</span> <span class='ocrx_word' id='word_1_520' title='bbox 3793 2128 3865 2193; x_wconf 88' lang='lat' dir='ltr'>in</span> <span class='ocrx_word' id='word_1_521' title='bbox 3908 2134 4193 2212; x_wconf 86' lang='lat' dir='ltr'>egestate</span> <span class='ocrx_word' id='word_1_522' title='bbox 4235 2148 4337 2191; x_wconf 89' lang='lat' dir='ltr'>re-</span> 
     </span>
     <span class='ocr_line' id='line_1_74' title="bbox 2403 2211 4334 2297; baseline -0.001 -18"><span class='ocrx_word' id='word_1_523' title='bbox 2403 2234 2553 2279; x_wconf 90' lang='lat' dir='ltr'>rum</span> <span class='ocrx_word' id='word_1_524' title='bbox 2614 2214 2907 2279; x_wconf 92' lang='lat' dir='ltr'>omnium</span> <span class='ocrx_word' id='word_1_525' title='bbox 2972 2213 3310 2280; x_wconf 88' lang='lat' dir='ltr'>tabescant</span> <span class='ocrx_word' id='word_1_526' title='bbox 3378 2212 3459 2279; x_wconf 90' lang='lat' dir='ltr'>ad</span> <span class='ocrx_word' id='word_1_527' title='bbox 3525 2221 3802 2278; x_wconf 89' lang='lat' dir='ltr'>mortem</span> <span class='ocrx_word' id='word_1_528' title='bbox 3858 2232 4080 2297; x_wconf 88' lang='lat' dir='ltr'>usque.</span> <span class='ocrx_word' id='word_1_529' title='bbox 4171 2211 4334 2277; x_wconf 91' lang='lat' dir='ltr'>Per-</span> 
     </span>
     <span class='ocr_line' id='line_1_75' title="bbox 2405 2297 4335 2384; baseline -0.001 -18"><span class='ocrx_word' id='word_1_530' title='bbox 2405 2319 2594 2366; x_wconf 84' lang='lat' dir='ltr'>verse</span> <span class='ocrx_word' id='word_1_531' title='bbox 2615 2299 2819 2384; x_wconf 84' lang='lat' dir='ltr'>igitur</span> <span class='ocrx_word' id='word_1_532' title='bbox 2840 2297 3098 2382; x_wconf 87' lang='lat' dir='ltr'>culpam</span> <span class='ocrx_word' id='word_1_533' title='bbox 3120 2299 3375 2381; x_wconf 90' lang='lat' dir='ltr'>quaein</span> <span class='ocrx_word' id='word_1_534' title='bbox 3412 2298 3569 2383; x_wconf 91' lang='lat' dir='ltr'>ipsis</span> <span class='ocrx_word' id='word_1_535' title='bbox 3605 2298 3862 2377; x_wconf 86' lang='lat' dir='ltr'>residet,</span> <span class='ocrx_word' id='word_1_536' title='bbox 3897 2299 3965 2363; x_wconf 90' lang='lat' dir='ltr'>in</span> <span class='ocrx_word' id='word_1_537' title='bbox 4001 2297 4335 2364; x_wconf 85' lang='lat' dir='ltr'>ministros</span> 
     </span>
     <span class='ocr_line' id='line_1_76' title="bbox 2405 2381 4332 2468; baseline -0.001 -19"><span class='ocrx_word' id='word_1_538' title='bbox 2405 2405 2561 2450; x_wconf 89' lang='lat' dir='ltr'>suae</span> <span class='ocrx_word' id='word_1_539' title='bbox 2603 2384 2834 2451; x_wconf 91' lang='lat' dir='ltr'>salutis</span> <span class='ocrx_word' id='word_1_540' title='bbox 2878 2384 3300 2450; x_wconf 84' lang='lat' dir='ltr'>transferunt.</span> <span class='ocrx_word' id='word_1_541' title='bbox 3379 2381 3620 2450; x_wconf 82' lang='lat' dir='ltr'>Merito</span> <span class='ocrx_word' id='word_1_542' title='bbox 3662 2383 3922 2468; x_wconf 87' lang='lat' dir='ltr'>quidem</span> <span class='ocrx_word' id='word_1_543' title='bbox 3966 2383 4174 2449; x_wconf 89' lang='lat' dir='ltr'>locum</span> <span class='ocrx_word' id='word_1_544' title='bbox 4219 2402 4332 2448; x_wconf 86' lang='lat' dir='ltr'>vo-</span> 
     </span>
     <span class='ocr_line' id='line_1_77' title="bbox 2403 2467 4334 2537; baseline -0.002 -1"><span class='ocrx_word' id='word_1_545' title='bbox 2403 2478 2559 2537; x_wconf 90' lang='lat' dir='ltr'>cant</span> <span class='ocrx_word' id='word_1_546' title='bbox 2597 2468 2843 2535; x_wconf 91' lang='lat' dir='ltr'>malum</span> <span class='ocrx_word' id='word_1_547' title='bbox 2881 2477 2948 2535; x_wconf 90' lang='lat' dir='ltr'>et</span> <span class='ocrx_word' id='word_1_548' title='bbox 2989 2469 3312 2535; x_wconf 88' lang='lat' dir='ltr'>sterilem:</span> <span class='ocrx_word' id='word_1_549' title='bbox 3357 2468 3472 2536; x_wconf 90' lang='lat' dir='ltr'>sed</span> <span class='ocrx_word' id='word_1_550' title='bbox 3514 2469 3816 2534; x_wconf 86' lang='lat' dir='ltr'>noluerat</span> <span class='ocrx_word' id='word_1_551' title='bbox 3850 2468 4032 2534; x_wconf 90' lang='lat' dir='ltr'>Deus</span> <span class='ocrx_word' id='word_1_552' title='bbox 4076 2467 4206 2535; x_wconf 91' lang='lat' dir='ltr'>illic</span> <span class='ocrx_word' id='word_1_553' title='bbox 4242 2475 4334 2532; x_wconf 89' lang='lat' dir='ltr'>te·</span> 
     </span>
     <span class='ocr_line' id='line_1_78' title="bbox 2405 2554 4332 2639; baseline -0.002 -17"><span class='ocrx_word' id='word_1_554' title='bbox 2405 2577 2564 2623; x_wconf 90' lang='lat' dir='ltr'>nere</span> <span class='ocrx_word' id='word_1_555' title='bbox 2620 2555 2908 2622; x_wconf 86' lang='lat' dir='ltr'>inclusos</span> <span class='ocrx_word' id='word_1_556' title='bbox 2926 2607 2942 2635; x_wconf 91' lang='lat'>,</span> <span class='ocrx_word' id='word_1_557' title='bbox 3000 2555 3131 2620; x_wconf 90' lang='lat' dir='ltr'>nisi</span> <span class='ocrx_word' id='word_1_558' title='bbox 3175 2555 3346 2621; x_wconf 87' lang='lat' dir='ltr'>ultro</span> <span class='ocrx_word' id='word_1_559' title='bbox 3391 2554 3796 2639; x_wconf 87' lang='lat' dir='ltr'>respuissent</span> <span class='ocrx_word' id='word_1_560' title='bbox 3837 2560 4078 2618; x_wconf 89' lang='lat' dir='ltr'>terram</span> <span class='ocrx_word' id='word_1_561' title='bbox 4121 2554 4332 2618; x_wconf 88' lang='lat' dir='ltr'>fluen-</span> 
     </span>
     <span class='ocr_line' id='line_1_79' title="bbox 2405 2639 4333 2724; baseline -0.001 -18"><span class='ocrx_word' id='word_1_562' title='bbox 2405 2649 2537 2707; x_wconf 90' lang='lat' dir='ltr'>tem</span> <span class='ocrx_word' id='word_1_563' title='bbox 2596 2640 2763 2707; x_wconf 85' lang='lat' dir='ltr'>lacte</span> <span class='ocrx_word' id='word_1_564' title='bbox 2818 2648 2885 2706; x_wconf 89' lang='lat' dir='ltr'>et</span> <span class='ocrx_word' id='word_1_565' title='bbox 2936 2639 3162 2720; x_wconf 89' lang='lat' dir='ltr'>melle,</span> <span class='ocrx_word' id='word_1_566' title='bbox 3208 2647 3547 2724; x_wconf 86' lang='lat' dir='ltr'>postquam</span> <span class='ocrx_word' id='word_1_567' title='bbox 3592 2639 3886 2724; x_wconf 84' lang='lat' dir='ltr'>exposita</span> <span class='ocrx_word' id='word_1_568' title='bbox 3927 2647 4067 2705; x_wconf 87' lang='lat' dir='ltr'>erat</span> <span class='ocrx_word' id='word_1_569' title='bbox 4109 2658 4333 2705; x_wconf 89' lang='lat' dir='ltr'>eorum</span> 
     </span>
     <span class='ocr_line' id='line_1_80' title="bbox 2404 2722 4332 2808; baseline -0.003 -14"><span class='ocrx_word' id='word_1_570' title='bbox 2404 2726 2628 2808; x_wconf 89' lang='lat' dir='ltr'>oculis,</span> <span class='ocrx_word' id='word_1_571' title='bbox 2673 2738 2740 2792; x_wconf 88' lang='lat' dir='ltr'>et</span> <span class='ocrx_word' id='word_1_572' title='bbox 2781 2726 2923 2791; x_wconf 92' lang='lat' dir='ltr'>Deo</span> <span class='ocrx_word' id='word_1_573' title='bbox 2968 2735 3194 2792; x_wconf 89' lang='lat' dir='ltr'>autore</span> <span class='ocrx_word' id='word_1_574' title='bbox 3239 2745 3314 2792; x_wconf 89' lang='lat' dir='ltr'>ac</span> <span class='ocrx_word' id='word_1_575' title='bbox 3358 2725 3521 2792; x_wconf 87' lang='lat' dir='ltr'>duce</span> <span class='ocrx_word' id='word_1_576' title='bbox 3563 2724 3770 2792; x_wconf 83' lang='lat' dir='ltr'>facilis</span> <span class='ocrx_word' id='word_1_577' title='bbox 3812 2722 4079 2808; x_wconf 86' lang='lat' dir='ltr'>patebat</span> <span class='ocrx_word' id='word_1_578' title='bbox 4121 2743 4332 2789; x_wconf 88' lang='lat' dir='ltr'>acces-</span> 
     </span>
     <span class='ocr_line' id='line_1_81' title="bbox 2404 2809 4334 2898; baseline -0.003 -19"><span class='ocrx_word' id='word_1_579' title='bbox 2404 2834 2535 2880; x_wconf 89' lang='lat' dir='ltr'>sus.</span> <span class='ocrx_word' id='word_1_580' title='bbox 2621 2812 2858 2896; x_wconf 87' lang='lat' dir='ltr'>Itaque</span> <span class='ocrx_word' id='word_1_581' title='bbox 2912 2812 3227 2895; x_wconf 88' lang='lat' dir='ltr'>propheta</span> <span class='ocrx_word' id='word_1_582' title='bbox 3278 2810 3568 2898; x_wconf 82' lang='lat' dir='ltr'>(Psalmo</span> <span class='ocrx_word' id='word_1_583' title='bbox 3624 2809 3776 2898; x_wconf 84' lang='lat'>105)</span> <span class='ocrx_word' id='word_1_584' title='bbox 3831 2809 4173 2875; x_wconf 87' lang='lat' dir='ltr'>historiam</span> <span class='ocrx_word' id='word_1_585' title='bbox 4231 2828 4334 2874; x_wconf 90' lang='lat' dir='ltr'>re·</span> 
     </span>
     <span class='ocr_line' id='line_1_82' title="bbox 2407 2892 4334 2982; baseline -0.002 -20"><span class='ocrx_word' id='word_1_586' title='bbox 2407 2898 2800 2982; x_wconf 89' lang='lat' dir='ltr'>demptionis</span> <span class='ocrx_word' id='word_1_587' title='bbox 2854 2897 3169 2977; x_wconf 87' lang='lat' dir='ltr'>recitans,</span> <span class='ocrx_word' id='word_1_588' title='bbox 3228 2904 3575 2980; x_wconf 88' lang='lat' dir='ltr'>antequam</span> <span class='ocrx_word' id='word_1_589' title='bbox 3643 2898 3725 2962; x_wconf 90' lang='lat' dir='ltr'>ad</span> <span class='ocrx_word' id='word_1_590' title='bbox 3768 2915 4011 2981; x_wconf 88' lang='lat' dir='ltr'>poenas</span> <span class='ocrx_word' id='word_1_591' title='bbox 4069 2892 4334 2960; x_wconf 87' lang='lat' dir='ltr'>descen-</span> 
     </span>
     <span class='ocr_line' id='line_1_83' title="bbox 2405 2979 4334 3061; baseline -0.002 -13"><span class='ocrx_word' id='word_1_592' title='bbox 2405 2982 2520 3049; x_wconf 89' lang='lat' dir='ltr'>dat</span> <span class='ocrx_word' id='word_1_593' title='bbox 2575 3004 2799 3049; x_wconf 87' lang='lat' dir='ltr'>eorum</span> <span class='ocrx_word' id='word_1_594' title='bbox 2853 2982 3204 3050; x_wconf 88' lang='lat' dir='ltr'>sceleribus</span> <span class='ocrx_word' id='word_1_595' title='bbox 3262 2983 3573 3061; x_wconf 87' lang='lat' dir='ltr'>inflictas,</span> <span class='ocrx_word' id='word_1_596' title='bbox 3632 2981 3790 3048; x_wconf 87' lang='lat' dir='ltr'>dicit</span> <span class='ocrx_word' id='word_1_597' title='bbox 3828 2979 4097 3047; x_wconf 88' lang='lat' dir='ltr'>eductos</span> <span class='ocrx_word' id='word_1_598' title='bbox 4134 2979 4334 3045; x_wconf 88' lang='lat' dir='ltr'>fuisse</span> 
     </span>
     <span class='ocr_line' id='line_1_84' title="bbox 2403 3064 4334 3148; baseline -0.003 -14"><span class='ocrx_word' id='word_1_599' title='bbox 2403 3089 2444 3134; x_wconf 89' lang='lat' dir='ltr'>a</span> <span class='ocrx_word' id='word_1_600' title='bbox 2477 3069 2622 3134; x_wconf 91' lang='lat' dir='ltr'>Deo</span> <span class='ocrx_word' id='word_1_601' title='bbox 2664 3088 2812 3133; x_wconf 92' lang='lat' dir='ltr'>cum</span> <span class='ocrx_word' id='word_1_602' title='bbox 2857 3068 3108 3134; x_wconf 87' lang='lat' dir='ltr'>laetitia</span> <span class='ocrx_word' id='word_1_603' title='bbox 3150 3077 3216 3133; x_wconf 90' lang='lat' dir='ltr'>et</span> <span class='ocrx_word' id='word_1_604' title='bbox 3266 3067 3720 3134; x_wconf 86' lang='lat' dir='ltr'>exsultatione.</span> <span class='ocrx_word' id='word_1_605' title='bbox 3808 3065 3996 3131; x_wconf 90' lang='lat' dir='ltr'>Adde</span> <span class='ocrx_word' id='word_1_606' title='bbox 4038 3064 4206 3148; x_wconf 90' lang='lat' dir='ltr'>quod</span> <span class='ocrx_word' id='word_1_607' title='bbox 4251 3086 4334 3130; x_wconf 92' lang='lat' dir='ltr'>ex</span> 
     </span>
     <span class='ocr_line' id='line_1_85' title="bbox 2401 3150 4335 3237; baseline -0.002 -18"><span class='ocrx_word' id='word_1_608' title='bbox 2401 3153 2703 3221; x_wconf 89' lang='lat' dir='ltr'>molestia</span> <span class='ocrx_word' id='word_1_609' title='bbox 2757 3154 2901 3219; x_wconf 88' lang='lat' dir='ltr'>sitis</span> <span class='ocrx_word' id='word_1_610' title='bbox 2953 3152 3286 3220; x_wconf 88' lang='lat' dir='ltr'>occasione</span> <span class='ocrx_word' id='word_1_611' title='bbox 3330 3160 3590 3237; x_wconf 85' lang='lat' dir='ltr'>arrepta</span> <span class='ocrx_word' id='word_1_612' title='bbox 3604 3202 3619 3232; x_wconf 89' lang='lat'>,</span> <span class='ocrx_word' id='word_1_613' title='bbox 3683 3151 3843 3218; x_wconf 87' lang='lat' dir='ltr'>alias</span> <span class='ocrx_word' id='word_1_614' title='bbox 3877 3151 4073 3216; x_wconf 89' lang='lat' dir='ltr'>etiam</span> <span class='ocrx_word' id='word_1_615' title='bbox 4118 3150 4335 3235; x_wconf 87' lang='lat' dir='ltr'>queri·-</span> 
     </span>
     <span class='ocr_line' id='line_1_86' title="bbox 2402 3234 4337 3324; baseline -0.002 -19"><span class='ocrx_word' id='word_1_616' title='bbox 2402 3241 2658 3305; x_wconf 90' lang='lat' dir='ltr'>monias</span> <span class='ocrx_word' id='word_1_617' title='bbox 2710 3238 2998 3324; x_wconf 87' lang='lat' dir='ltr'>maligne</span> <span class='ocrx_word' id='word_1_618' title='bbox 3056 3238 3482 3306; x_wconf 89' lang='lat' dir='ltr'>accumulant.</span> <span class='ocrx_word' id='word_1_619' title='bbox 3560 3237 3709 3304; x_wconf 90' lang='lat' dir='ltr'>Non</span> <span class='ocrx_word' id='word_1_620' title='bbox 3767 3235 3984 3302; x_wconf 89' lang='lat' dir='ltr'>deerat</span> <span class='ocrx_word' id='word_1_621' title='bbox 4028 3234 4212 3303; x_wconf 84' lang='lat' dir='ltr'>cibus</span> <span class='ocrx_word' id='word_1_622' title='bbox 4252 3234 4337 3301; x_wconf 87' lang='lat' dir='ltr'>ad</span> 
     </span>
     <span class='ocr_line' id='line_1_87' title="bbox 2402 3319 4337 3409; baseline -0.001 -20"><span class='ocrx_word' id='word_1_623' title='bbox 2402 3324 2644 3391; x_wconf 86' lang='lat' dir='ltr'>famem</span> <span class='ocrx_word' id='word_1_624' title='bbox 2689 3323 3079 3408; x_wconf 86' lang='lat' dir='ltr'>explendam</span> <span class='ocrx_word' id='word_1_625' title='bbox 3114 3335 3182 3391; x_wconf 89' lang='lat' dir='ltr'>et</span> <span class='ocrx_word' id='word_1_626' title='bbox 3226 3333 3425 3409; x_wconf 90' lang='lat' dir='ltr'>gustu</span> <span class='ocrx_word' id='word_1_627' title='bbox 3466 3321 3727 3409; x_wconf 85' lang='lat' dir='ltr'>quidem</span> <span class='ocrx_word' id='word_1_628' title='bbox 3771 3322 4020 3389; x_wconf 81' lang='lat' dir='ltr'>suavis:</span> <span class='ocrx_word' id='word_1_629' title='bbox 4065 3319 4337 3406; x_wconf 89' lang='lat' dir='ltr'>perinde</span> 
     </span>
     <span class='ocr_line' id='line_1_88' title="bbox 2403 3409 4339 3496; baseline -0.002 -19"><span class='ocrx_word' id='word_1_630' title='bbox 2403 3416 2624 3477; x_wconf 89' lang='lat' dir='ltr'>tamen</span> <span class='ocrx_word' id='word_1_631' title='bbox 2671 3410 3098 3496; x_wconf 87' lang='lat' dir='ltr'>indignantur</span> <span class='ocrx_word' id='word_1_632' title='bbox 3142 3430 3217 3477; x_wconf 89' lang='lat' dir='ltr'>ac</span> <span class='ocrx_word' id='word_1_633' title='bbox 3270 3410 3328 3476; x_wconf 88' lang='lat' dir='ltr'>si</span> <span class='ocrx_word' id='word_1_634' title='bbox 3375 3430 3485 3476; x_wconf 89' lang='lat' dir='ltr'>eos</span> <span class='ocrx_word' id='word_1_635' title='bbox 3531 3416 3859 3495; x_wconf 90' lang='lat' dir='ltr'>premeret</span> <span class='ocrx_word' id='word_1_636' title='bbox 3914 3409 4160 3474; x_wconf 89' lang='lat' dir='ltr'>esuries</span> <span class='ocrx_word' id='word_1_637' title='bbox 4202 3427 4339 3473; x_wconf 88' lang='lat' dir='ltr'>una</span> 
     </span>
     <span class='ocr_line' id='line_1_89' title="bbox 2403 3491 4335 3580; baseline -0.002 -19"><span class='ocrx_word' id='word_1_638' title='bbox 2403 3514 2556 3562; x_wconf 89' lang='lat' dir='ltr'>cum</span> <span class='ocrx_word' id='word_1_639' title='bbox 2590 3496 2719 3562; x_wconf 90' lang='lat' dir='ltr'>siti.</span> <span class='ocrx_word' id='word_1_640' title='bbox 2775 3495 3028 3562; x_wconf 90' lang='lat' dir='ltr'>Panem</span> <span class='ocrx_word' id='word_1_641' title='bbox 3059 3495 3192 3561; x_wconf 89' lang='lat' dir='ltr'>illis</span> <span class='ocrx_word' id='word_1_642' title='bbox 3227 3494 3514 3580; x_wconf 89' lang='lat' dir='ltr'>quotidie</span> <span class='ocrx_word' id='word_1_643' title='bbox 3547 3493 3814 3579; x_wconf 90' lang='lat' dir='ltr'>pluebat</span> <span class='ocrx_word' id='word_1_644' title='bbox 3850 3514 3887 3559; x_wconf 92' lang='lat' dir='ltr'>e</span> <span class='ocrx_word' id='word_1_645' title='bbox 3907 3491 4102 3573; x_wconf 89' lang='lat' dir='ltr'>coelo,</span> <span class='ocrx_word' id='word_1_646' title='bbox 4139 3512 4335 3577; x_wconf 90' lang='lat' dir='ltr'>quem</span> 
     </span>
     <span class='ocr_line' id='line_1_90' title="bbox 2401 3578 4340 3666; baseline -0.002 -21"><span class='ocrx_word' id='word_1_647' title='bbox 2401 3581 2688 3648; x_wconf 87' lang='lat' dir='ltr'>ludendo</span> <span class='ocrx_word' id='word_1_648' title='bbox 2746 3580 3158 3666; x_wconf 89' lang='lat' dir='ltr'>colligerent:</span> <span class='ocrx_word' id='word_1_649' title='bbox 3215 3579 3666 3647; x_wconf 89' lang='lat' dir='ltr'>murmurandi</span> <span class='ocrx_word' id='word_1_650' title='bbox 3718 3578 3850 3645; x_wconf 92' lang='lat' dir='ltr'>illis</span> <span class='ocrx_word' id='word_1_651' title='bbox 3904 3578 4179 3643; x_wconf 87' lang='lat' dir='ltr'>materia</span> <span class='ocrx_word' id='word_1_652' title='bbox 4240 3584 4340 3643; x_wconf 90' lang='lat' dir='ltr'>est</span> 
     </span>
     <span class='ocr_line' id='line_1_91' title="bbox 2404 3662 4339 3751; baseline -0.002 -19"><span class='ocrx_word' id='word_1_653' title='bbox 2404 3666 2578 3751; x_wconf 89' lang='lat' dir='ltr'>quod</span> <span class='ocrx_word' id='word_1_654' title='bbox 2635 3666 2880 3733; x_wconf 87' lang='lat' dir='ltr'>arando</span> <span class='ocrx_word' id='word_1_655' title='bbox 2938 3674 3006 3731; x_wconf 89' lang='lat' dir='ltr'>et</span> <span class='ocrx_word' id='word_1_656' title='bbox 3047 3665 3428 3734; x_wconf 85' lang='lat' dir='ltr'>seminando</span> <span class='ocrx_word' id='word_1_657' title='bbox 3485 3688 3555 3732; x_wconf 89' lang='lat' dir='ltr'>se</span> <span class='ocrx_word' id='word_1_658' title='bbox 3617 3684 3754 3729; x_wconf 91' lang='lat' dir='ltr'>non</span> <span class='ocrx_word' id='word_1_659' title='bbox 3827 3664 4120 3749; x_wconf 83' lang='lat' dir='ltr'>fatigent.</span> <span class='ocrx_word' id='word_1_660' title='bbox 4229 3662 4339 3728; x_wconf 86' lang='lat' dir='ltr'>En</span> 
     </span>
     <span class='ocr_line' id='line_1_92' title="bbox 2407 3750 4338 3837; baseline -0.003 -19"><span class='ocrx_word' id='word_1_661' title='bbox 2407 3771 2537 3836; x_wconf 89' lang='lat' dir='ltr'>quo</span> <span class='ocrx_word' id='word_1_662' title='bbox 2593 3752 2914 3819; x_wconf 86' lang='lat' dir='ltr'>amentiae</span> <span class='ocrx_word' id='word_1_663' title='bbox 2968 3752 3350 3837; x_wconf 88' lang='lat' dir='ltr'>praecipitet</span> <span class='ocrx_word' id='word_1_664' title='bbox 3405 3750 3703 3818; x_wconf 87' lang='lat' dir='ltr'>homines</span> <span class='ocrx_word' id='word_1_665' title='bbox 3758 3756 4173 3833; x_wconf 87' lang='lat' dir='ltr'>praepostera</span> <span class='ocrx_word' id='word_1_666' title='bbox 4225 3767 4338 3814; x_wconf 91' lang='lat' dir='ltr'>cu-</span> 
     </span>
     <span class='ocr_line' id='line_1_93' title="bbox 2407 3835 4336 3922; baseline -0.003 -18"><span class='ocrx_word' id='word_1_667' title='bbox 2407 3838 2577 3922; x_wconf 90' lang='lat' dir='ltr'>pido,</span> <span class='ocrx_word' id='word_1_668' title='bbox 2620 3847 2687 3903; x_wconf 90' lang='lat' dir='ltr'>et</span> <span class='ocrx_word' id='word_1_669' title='bbox 2727 3839 3173 3922; x_wconf 89' lang='lat' dir='ltr'>praesentium</span> <span class='ocrx_word' id='word_1_670' title='bbox 3218 3837 3347 3904; x_wconf 89' lang='lat' dir='ltr'>Dei</span> <span class='ocrx_word' id='word_1_671' title='bbox 3387 3835 3854 3903; x_wconf 87' lang='lat' dir='ltr'>beneficiorum</span> <span class='ocrx_word' id='word_1_672' title='bbox 3910 3841 4336 3917; x_wconf 88' lang='lat' dir='ltr'>contemptus.</span> 
     </span>
     <span class='ocr_line' id='line_1_94' title="bbox 2407 3918 4339 4002; baseline -0.004 -11"><span class='ocrx_word' id='word_1_673' title='bbox 2407 3922 2729 3991; x_wconf 83' lang='lat' dir='ltr'>Cumulus</span> <span class='ocrx_word' id='word_1_674' title='bbox 2781 3931 3002 3990; x_wconf 90' lang='lat' dir='ltr'>autem</span> <span class='ocrx_word' id='word_1_675' title='bbox 3064 3923 3304 3989; x_wconf 86' lang='lat' dir='ltr'>furoris</span> <span class='ocrx_word' id='word_1_676' title='bbox 3359 3930 3488 4002; x_wconf 89' lang='lat' dir='ltr'>est,</span> <span class='ocrx_word' id='word_1_677' title='bbox 3561 3929 3802 3988; x_wconf 88' lang='lat' dir='ltr'>sortem</span> <span class='ocrx_word' id='word_1_678' title='bbox 3856 3941 4042 3987; x_wconf 90' lang='lat' dir='ltr'>suam</span> <span class='ocrx_word' id='word_1_679' title='bbox 4100 3918 4339 3985; x_wconf 91' lang='lat' dir='ltr'>deflere</span> 
     </span>
     <span class='ocr_line' id='line_1_95' title="bbox 2408 4004 4336 4094; baseline -0.003 -19"><span class='ocrx_word' id='word_1_680' title='bbox 2408 4008 2582 4093; x_wconf 86' lang='lat' dir='ltr'>quod</span> <span class='ocrx_word' id='word_1_681' title='bbox 2630 4029 2763 4075; x_wconf 88' lang='lat' dir='ltr'>non</span> <span class='ocrx_word' id='word_1_682' title='bbox 2821 4010 3107 4094; x_wconf 89' lang='lat' dir='ltr'>absorpti</span> <span class='ocrx_word' id='word_1_683' title='bbox 3164 4009 3413 4074; x_wconf 81' lang='lat' dir='ltr'>fuerint</span> <span class='ocrx_word' id='word_1_684' title='bbox 3463 4028 3610 4075; x_wconf 89' lang='lat' dir='ltr'>cum</span> <span class='ocrx_word' id='word_1_685' title='bbox 3668 4006 3836 4073; x_wconf 84' lang='lat' dir='ltr'>Oore</span> <span class='ocrx_word' id='word_1_686' title='bbox 3881 4014 3950 4072; x_wconf 87' lang='lat' dir='ltr'>et</span> <span class='ocrx_word' id='word_1_687' title='bbox 3991 4004 4336 4086; x_wconf 88' lang='lat' dir='ltr'>sodalibus,</span> 
     </span>
     <span class='ocr_line' id='line_1_96' title="bbox 2409 4091 4341 4177; baseline -0.004 -15"><span class='ocrx_word' id='word_1_688' title='bbox 2409 4096 2515 4162; x_wconf 84' lang='lat' dir='ltr'>vel</span> <span class='ocrx_word' id='word_1_689' title='bbox 2592 4094 2853 4161; x_wconf 80' lang='lat' dir='ltr'>coelesti</span> <span class='ocrx_word' id='word_1_690' title='bbox 2919 4094 3218 4161; x_wconf 87' lang='lat' dir='ltr'>incendio</span> <span class='ocrx_word' id='word_1_691' title='bbox 3281 4092 3666 4177; x_wconf 88' lang='lat' dir='ltr'>consumpti.</span> <span class='ocrx_word' id='word_1_692' title='bbox 3763 4091 4031 4177; x_wconf 87' lang='lat' dir='ltr'>Ingenti</span> <span class='ocrx_word' id='word_1_693' title='bbox 4094 4110 4341 4174; x_wconf 82' lang='lat' dir='ltr'>pavore</span> 
     </span>
     <span class='ocr_line' id='line_1_97' title="bbox 2409 4176 4343 4265; baseline -0.005 -16"><span class='ocrx_word' id='word_1_694' title='bbox 2409 4182 2687 4265; x_wconf 88' lang='lat' dir='ltr'>correpti</span> <span class='ocrx_word' id='word_1_695' title='bbox 2729 4180 2992 4246; x_wconf 81' lang='lat' dir='ltr'>fuerant</span> <span class='ocrx_word' id='word_1_696' title='bbox 3032 4176 3115 4246; x_wconf 87' lang='lat' dir='ltr'>ad</span> <span class='ocrx_word' id='word_1_697' title='bbox 3157 4181 3343 4244; x_wconf 90' lang='lat' dir='ltr'>triste</span> <span class='ocrx_word' id='word_1_698' title='bbox 3382 4177 3545 4243; x_wconf 90' lang='lat' dir='ltr'>illud</span> <span class='ocrx_word' id='word_1_699' title='bbox 3589 4176 4058 4261; x_wconf 88' lang='lat' dir='ltr'>spectaculum:</span> <span class='ocrx_word' id='word_1_700' title='bbox 4094 4184 4160 4241; x_wconf 89' lang='lat' dir='ltr'>et</span> <span class='ocrx_word' id='word_1_701' title='bbox 4201 4196 4343 4241; x_wconf 89' lang='lat' dir='ltr'>me·</span> 
     </span>
     <span class='ocr_line' id='line_1_98' title="bbox 2410 4261 4341 4351; baseline -0.004 -19"><span class='ocrx_word' id='word_1_702' title='bbox 2410 4267 2569 4347; x_wconf 91' lang='lat' dir='ltr'>rito,</span> <span class='ocrx_word' id='word_1_703' title='bbox 2628 4265 2778 4350; x_wconf 86' lang='lat' dir='ltr'>quia</span> <span class='ocrx_word' id='word_1_704' title='bbox 2825 4264 3191 4351; x_wconf 86' lang='lat' dir='ltr'>prodigium</span> <span class='ocrx_word' id='word_1_705' title='bbox 3250 4263 3537 4330; x_wconf 86' lang='lat' dir='ltr'>ediderat</span> <span class='ocrx_word' id='word_1_706' title='bbox 3588 4264 3771 4329; x_wconf 89' lang='lat' dir='ltr'>Deus</span> <span class='ocrx_word' id='word_1_707' title='bbox 3814 4261 4085 4328; x_wconf 87' lang='lat' dir='ltr'>saeculis</span> <span class='ocrx_word' id='word_1_708' title='bbox 4131 4261 4341 4326; x_wconf 91' lang='lat' dir='ltr'>omni-</span> 
     </span>
     <span class='ocr_line' id='line_1_99' title="bbox 2409 4346 4340 4433; baseline -0.003 -18"><span class='ocrx_word' id='word_1_709' title='bbox 2409 4351 2535 4417; x_wconf 89' lang='lat' dir='ltr'>bus</span> <span class='ocrx_word' id='word_1_710' title='bbox 2584 4351 3020 4417; x_wconf 83' lang='lat' dir='ltr'>formidabile:</span> <span class='ocrx_word' id='word_1_711' title='bbox 3073 4372 3248 4417; x_wconf 90' lang='lat' dir='ltr'>nunc</span> <span class='ocrx_word' id='word_1_712' title='bbox 3290 4369 3437 4415; x_wconf 91' lang='lat' dir='ltr'>cum</span> <span class='ocrx_word' id='word_1_713' title='bbox 3483 4350 3626 4416; x_wconf 88' lang='lat' dir='ltr'>Deo</span> <span class='ocrx_word' id='word_1_714' title='bbox 3669 4347 3947 4433; x_wconf 85' lang='lat' dir='ltr'>litigant,</span> <span class='ocrx_word' id='word_1_715' title='bbox 3991 4346 4163 4431; x_wconf 87' lang='lat' dir='ltr'>quod</span> <span class='ocrx_word' id='word_1_716' title='bbox 4208 4366 4340 4411; x_wconf 90' lang='lat' dir='ltr'>non</span> 
     </span>
     <span class='ocr_line' id='line_1_100' title="bbox 2410 4431 4340 4521; baseline -0.004 -18"><span class='ocrx_word' id='word_1_717' title='bbox 2410 4439 2480 4503; x_wconf 89' lang='lat' dir='ltr'>in</span> <span class='ocrx_word' id='word_1_718' title='bbox 2537 4437 2714 4521; x_wconf 89' lang='lat' dir='ltr'>ipsos</span> <span class='ocrx_word' id='word_1_719' title='bbox 2765 4457 3018 4521; x_wconf 87' lang='lat' dir='ltr'>quoque</span> <span class='ocrx_word' id='word_1_720' title='bbox 3074 4436 3451 4501; x_wconf 85' lang='lat' dir='ltr'>fulminarit.</span> <span class='ocrx_word' id='word_1_721' title='bbox 3538 4434 3676 4502; x_wconf 90' lang='lat' dir='ltr'>Nec</span> <span class='ocrx_word' id='word_1_722' title='bbox 3723 4454 3881 4499; x_wconf 83' lang='lat' dir='ltr'>vero</span> <span class='ocrx_word' id='word_1_723' title='bbox 3924 4439 4180 4498; x_wconf 90' lang='lat' dir='ltr'>tantum</span> <span class='ocrx_word' id='word_1_724' title='bbox 4229 4431 4340 4496; x_wconf 91' lang='lat' dir='ltr'>de-</span> 
     </span>
     <span class='ocr_line' id='line_1_101' title="bbox 2410 4516 4340 4608; baseline -0.003 -21"><span class='ocrx_word' id='word_1_725' title='bbox 2410 4524 2677 4608; x_wconf 88' lang='lat' dir='ltr'>plorant</span> <span class='ocrx_word' id='word_1_726' title='bbox 2729 4543 2799 4588; x_wconf 89' lang='lat' dir='ltr'>se</span> <span class='ocrx_word' id='word_1_727' title='bbox 2856 4542 2986 4587; x_wconf 89' lang='lat' dir='ltr'>non</span> <span class='ocrx_word' id='word_1_728' title='bbox 3042 4521 3272 4588; x_wconf 81' lang='lat' dir='ltr'>fuisse‘</span> <span class='ocrx_word' id='word_1_729' title='bbox 3312 4529 3584 4586; x_wconf 88' lang='lat' dir='ltr'>externa</span> <span class='ocrx_word' id='word_1_730' title='bbox 3654 4517 3766 4585; x_wconf 90' lang='lat' dir='ltr'>illa</span> <span class='ocrx_word' id='word_1_731' title='bbox 3829 4519 4056 4584; x_wconf 91' lang='lat' dir='ltr'>mortis</span> <span class='ocrx_word' id='word_1_732' title='bbox 4127 4516 4340 4601; x_wconf 89' lang='lat' dir='ltr'>specie</span> 
     </span>
     <span class='ocr_line' id='line_1_102' title="bbox 2411 4600 4340 4692; baseline -0.005 -18"><span class='ocrx_word' id='word_1_733' title='bbox 2411 4608 2783 4688; x_wconf 84' lang='lat' dir='ltr'>defunctos,</span> <span class='ocrx_word' id='word_1_734' title='bbox 2838 4606 2953 4674; x_wconf 90' lang='lat' dir='ltr'>sed</span> <span class='ocrx_word' id='word_1_735' title='bbox 3009 4608 3183 4674; x_wconf 86' lang='lat' dir='ltr'>ultro</span> <span class='ocrx_word' id='word_1_736' title='bbox 3239 4612 3599 4692; x_wconf 83' lang='lat' dir='ltr'>provocant</span> <span class='ocrx_word' id='word_1_737' title='bbox 3653 4606 3723 4670; x_wconf 90' lang='lat' dir='ltr'>in</span> <span class='ocrx_word' id='word_1_738' title='bbox 3778 4625 3896 4671; x_wconf 90' lang='lat' dir='ltr'>sua</span> <span class='ocrx_word' id='word_1_739' title='bbox 3952 4604 4162 4687; x_wconf 87' lang='lat' dir='ltr'>capita</span> <span class='ocrx_word' id='word_1_740' title='bbox 4210 4600 4340 4666; x_wconf 92' lang='lat' dir='ltr'>Dei</span> 
     </span>
     <span class='ocr_line' id='line_1_103' title="bbox 2411 4693 4342 4777; baseline -0.005 -17"><span class='ocrx_word' id='word_1_741' title='bbox 2411 4693 2803 4773; x_wconf 86' lang='lat' dir='ltr'>vindictam,</span> <span class='ocrx_word' id='word_1_742' title='bbox 2858 4713 3024 4776; x_wconf 89' lang='lat' dir='ltr'>quae</span> <span class='ocrx_word' id='word_1_743' title='bbox 3116 4693 3219 4759; x_wconf 88' lang='lat' dir='ltr'>lus</span> <span class='ocrx_word' id='word_1_744' title='bbox 3258 4714 3453 4777; x_wconf 89' lang='lat' dir='ltr'>quam</span> <span class='ocrx_word' id='word_1_745' title='bbox 3508 4699 3767 4757; x_wconf 89' lang='lat' dir='ltr'>centum</span> <span class='ocrx_word' id='word_1_746' title='bbox 3813 4696 4054 4755; x_wconf 87' lang='lat' dir='ltr'>mortes</span> <span class='ocrx_word' id='word_1_747' title='bbox 4097 4696 4342 4753; x_wconf 87' lang='lat' dir='ltr'>terrere</span> 
     </span>
     <span class='ocr_line' id='line_1_104' title="bbox 2407 4771 4339 4864; baseline -0.005 -19"><span class='ocrx_word' id='word_1_748' title='bbox 2407 4781 2587 4864; x_wconf 91' lang='lat' dir='ltr'>ipsos</span> <span class='ocrx_word' id='word_1_749' title='bbox 2646 4778 2938 4845; x_wconf 90' lang='lat' dir='ltr'>debebat.</span> <span class='ocrx_word' id='word_1_750' title='bbox 3087 4786 3150 4844; x_wconf 90' lang='lat' dir='ltr'>st</span> <span class='ocrx_word' id='word_1_751' title='bbox 3205 4789 3375 4845; x_wconf 88' lang='lat' dir='ltr'>enim</span> <span class='ocrx_word' id='word_1_752' title='bbox 3419 4776 3784 4860; x_wconf 89' lang='lat' dir='ltr'>emphatice</span> <span class='ocrx_word' id='word_1_753' title='bbox 3828 4773 4156 4840; x_wconf 89' lang='lat' dir='ltr'>additum:</span> <span class='ocrx_word' id='word_1_754' title='bbox 4215 4771 4339 4838; x_wconf 82' lang='lat' dir='ltr'>Co-</span> 
     </span>
     <span class='ocr_line' id='line_1_105' title="bbox 2410 4859 4339 4947; baseline -0.005 -16"><span class='ocrx_word' id='word_1_755' title='bbox 2410 4880 2554 4931; x_wconf 91' lang='lat' dir='ltr'>ram</span> <span class='ocrx_word' id='word_1_756' title='bbox 2599 4864 2845 4931; x_wconf 86' lang='lat' dir='ltr'>Iehova</span> <span class='ocrx_word' id='word_1_757' title='bbox 2892 4871 3181 4930; x_wconf 90' lang='lat' dir='ltr'>mortuos</span> <span class='ocrx_word' id='word_1_758' title='bbox 3222 4884 3364 4929; x_wconf 90' lang='lat' dir='ltr'>esse</span> <span class='ocrx_word' id='word_1_759' title='bbox 3400 4861 3633 4947; x_wconf 90' lang='lat' dir='ltr'>quibus</span> <span class='ocrx_word' id='word_1_760' title='bbox 3677 4861 3925 4928; x_wconf 83' lang='lat' dir='ltr'>vellent</span> <span class='ocrx_word' id='word_1_761' title='bbox 3958 4859 4158 4925; x_wconf 81' lang='lat' dir='ltr'>fuisse</span> <span class='ocrx_word' id='word_1_762' title='bbox 4191 4876 4339 4922; x_wconf 90' lang='lat' dir='ltr'>con·</span> 
     </span>
     <span class='ocr_line' id='line_1_106' title="bbox 2411 4946 4352 5036; baseline -0.005 -20"><span class='ocrx_word' id='word_1_763' title='bbox 2411 4951 2639 5017; x_wconf 88' lang='lat' dir='ltr'>iuncti.</span> <span class='ocrx_word' id='word_1_764' title='bbox 2745 4954 3131 5036; x_wconf 89' lang='lat' dir='ltr'>Agnoscunt</span> <span class='ocrx_word' id='word_1_765' title='bbox 3185 4949 3387 5035; x_wconf 88' lang='lat' dir='ltr'>igitur</span> <span class='ocrx_word' id='word_1_766' title='bbox 3452 4968 3642 5032; x_wconf 90' lang='lat' dir='ltr'>quem</span> <span class='ocrx_word' id='word_1_767' title='bbox 3712 4947 3834 5015; x_wconf 91' lang='lat' dir='ltr'>sibi</span> <span class='ocrx_word' id='word_1_768' title='bbox 3898 4946 3988 5011; x_wconf 93' lang='lat' dir='ltr'>im</span> <span class='ocrx_word' id='word_1_769' title='bbox 4035 4953 4352 5008; x_wconf 85' lang='lat' dir='ltr'>recantur</span> 
     </span>
     <span class='ocr_line' id='line_1_107' title="bbox 2411 5029 4343 5119; baseline -0.004 -18"><span class='ocrx_word' id='word_1_770' title='bbox 2411 5036 2771 5118; x_wconf 87' lang='lat' dir='ltr'>interitum,</span> <span class='ocrx_word' id='word_1_771' title='bbox 2813 5056 2946 5101; x_wconf 91' lang='lat' dir='ltr'>non</span> <span class='ocrx_word' id='word_1_772' title='bbox 2984 5036 3263 5117; x_wconf 81' lang='lat' dir='ltr'>fortuna,</span> <span class='ocrx_word' id='word_1_773' title='bbox 3308 5033 3423 5100; x_wconf 91' lang='lat' dir='ltr'>sed</span> <span class='ocrx_word' id='word_1_774' title='bbox 3466 5033 3708 5119; x_wconf 86' lang='lat' dir='ltr'>insigni</span> <span class='ocrx_word' id='word_1_775' title='bbox 3753 5030 3880 5097; x_wconf 92' lang='lat' dir='ltr'>Dei</span> <span class='ocrx_word' id='word_1_776' title='bbox 3922 5032 3986 5096; x_wconf 92' lang='lat' dir='ltr'>iu</span> <span class='ocrx_word' id='word_1_777' title='bbox 4034 5029 4153 5095; x_wconf 89' lang='lat' dir='ltr'>icio</span> <span class='ocrx_word' id='word_1_778' title='bbox 4197 5049 4343 5095; x_wconf 90' lang='lat' dir='ltr'>con-</span> 
     </span>
     <span class='ocr_line' id='line_1_108' title="bbox 2413 5113 4341 5207; baseline -0.003 -20"><span class='ocrx_word' id='word_1_779' title='bbox 2413 5122 2674 5207; x_wconf 89' lang='lat' dir='ltr'>tigisse:</span> <span class='ocrx_word' id='word_1_780' title='bbox 2722 5120 2991 5205; x_wconf 88' lang='lat' dir='ltr'>perinde</span> <span class='ocrx_word' id='word_1_781' title='bbox 3049 5142 3122 5188; x_wconf 83' lang='lat' dir='ltr'>ac</span> <span class='ocrx_word' id='word_1_782' title='bbox 3167 5121 3222 5188; x_wconf 88' lang='lat' dir='ltr'>si</span> <span class='ocrx_word' id='word_1_783' title='bbox 3277 5119 3419 5185; x_wconf 87' lang='lat' dir='ltr'>Deo</span> <span class='ocrx_word' id='word_1_784' title='bbox 3467 5120 3904 5184; x_wconf 88' lang='lat' dir='ltr'>irascerentur</span> <span class='ocrx_word' id='word_1_785' title='bbox 3958 5113 4124 5198; x_wconf 90' lang='lat' dir='ltr'>quod</span> <span class='ocrx_word' id='word_1_786' title='bbox 4183 5115 4341 5199; x_wconf 89' lang='lat' dir='ltr'>ipsis</span> 
     </span>
     <span class='ocr_line' id='line_1_109' title="bbox 2413 5202 4342 5292; baseline -0.005 -20"><span class='ocrx_word' id='word_1_787' title='bbox 2413 5208 2792 5292; x_wconf 87' lang='lat' dir='ltr'>pepercerit.</span> <span class='ocrx_word' id='word_1_788' title='bbox 2879 5207 3149 5273; x_wconf 79' lang='lat' dir='ltr'>Fratres</span> <span class='ocrx_word' id='word_1_789' title='bbox 3185 5206 3440 5291; x_wconf 87' lang='lat' dir='ltr'>quidem</span> <span class='ocrx_word' id='word_1_790' title='bbox 3481 5224 3630 5271; x_wconf 85' lang='lat' dir='ltr'>vere</span> <span class='ocrx_word' id='word_1_791' title='bbox 3664 5202 4020 5280; x_wconf 89' lang='lat' dir='ltr'>nominant,</span> <span class='ocrx_word' id='word_1_792' title='bbox 4067 5220 4342 5283; x_wconf 90' lang='lat' dir='ltr'>quorum</span> 
     </span>
     <span class='ocr_line' id='line_1_110' title="bbox 2416 5285 4342 5359; baseline -0.004 -1"><span class='ocrx_word' id='word_1_793' title='bbox 2416 5293 2615 5359; x_wconf 90' lang='lat' dir='ltr'>nimis</span> <span class='ocrx_word' id='word_1_794' title='bbox 2673 5300 2860 5358; x_wconf 87' lang='lat' dir='ltr'>erant</span> <span class='ocrx_word' id='word_1_795' title='bbox 2906 5293 3167 5358; x_wconf 87' lang='lat' dir='ltr'>similes.</span> <span class='ocrx_word' id='word_1_796' title='bbox 3259 5291 3391 5357; x_wconf 80' lang='lat' dir='ltr'>Sed</span> <span class='ocrx_word' id='word_1_797' title='bbox 3436 5291 3685 5356; x_wconf 89' lang='lat' dir='ltr'>interea</span> <span class='ocrx_word' id='word_1_798' title='bbox 3728 5286 3920 5352; x_wconf 91' lang='lat' dir='ltr'>nimis</span> <span class='ocrx_word' id='word_1_799' title='bbox 3963 5285 4192 5351; x_wconf 88' lang='lat' dir='ltr'>brutae</span> <span class='ocrx_word' id='word_1_800' title='bbox 4236 5307 4342 5352; x_wconf 91' lang='lat' dir='ltr'>su·</span> 
     </span>
     <span class='ocr_line' id='line_1_111' title="bbox 2416 5370 4343 5463; baseline -0.005 -17"><span class='ocrx_word' id='word_1_801' title='bbox 2416 5378 2677 5463; x_wconf 89' lang='lat' dir='ltr'>perbiae</span> <span class='ocrx_word' id='word_1_802' title='bbox 2749 5386 2880 5459; x_wconf 90' lang='lat' dir='ltr'>est,</span> <span class='ocrx_word' id='word_1_803' title='bbox 2941 5378 3191 5444; x_wconf 88' lang='lat' dir='ltr'>censeri</span> <span class='ocrx_word' id='word_1_804' title='bbox 3246 5377 3414 5443; x_wconf 84' lang='lat' dir='ltr'>velle</span> <span class='ocrx_word' id='word_1_805' title='bbox 3471 5374 3596 5440; x_wconf 90' lang='lat' dir='ltr'>Dei</span> <span class='ocrx_word' id='word_1_806' title='bbox 3651 5370 4019 5450; x_wconf 87' lang='lat' dir='ltr'>ecclesiam,</span> <span class='ocrx_word' id='word_1_807' title='bbox 4066 5372 4217 5455; x_wconf 90' lang='lat' dir='ltr'>quia</span> <span class='ocrx_word' id='word_1_808' title='bbox 4261 5393 4343 5437; x_wconf 89' lang='lat' dir='ltr'>ex</span> 
     </span>
    </p>
   </div>
  </div>
 </body>
</html>
