5017 6142
558 459 596 524 7

570 649 884 737 igendam
930 649 1148 715 carnis
1190 646 1687 725 contumaciam,
1756 655 1897 712 tum
1965 643 2048 711 ad
2092 644 2546 729 corrigendam

574 741 648 805 in
688 758 817 822 qua
860 735 1141 801 nimium
1190 743 1254 799 to
1338 754 1540 811 emus,
1587 733 2026 800 securitatem.
2116 730 2219 796 De
2253 732 2547 815 utrisque

574 825 709 892 iam
749 822 1070 887 disserere
1114 842 1278 905 expe
1327 822 1432 886 iet.

751 908 974 975 Levit.
1025 908 1124 987 18,
1170 907 1229 973 5.
1292 905 1606 977 Gustodite
1660 909 1913 970 statuta.
2018 903 2307 968 Tametsi
2362 902 2546 968 locus

581 996 690 1062 hic
741 1016 781 1059 a
839 994 1016 1061 Mose
1073 993 1388 1059 inseritur
1433 994 1546 1059 ubi
1589 991 1926 1056 Israelitas
1970 988 2273 1055 hortatur
2315 987 2397 1053 ad
2442 1007 2546 1052 co-

579 1080 844 1147 lendam
925 1081 995 1145 in
1055 1079 1398 1145 connubiis
1466 1075 1956 1155 verecundiam,
2026 1097 2109 1139 ne
2173 1074 2254 1140 ad
2320 1074 2545 1139 foedos

579 1168 873 1234 incestus
939 1167 1237 1250 gentium
1300 1164 1675 1248 prosiliant:
1757 1163 1909 1247 quia
1974 1170 2197 1226 tamen
2262 1160 2544 1244 insignis

582 1264 716 1333 est,
784 1254 1201 1336 continetque
1266 1251 1641 1335 generalem
1708 1249 2102 1323 doctrinam,
2169 1257 2234 1312 et
2292 1246 2444 1311 inde
2504 1267 2543 1310 a

581 1339 792 1406 Paulo
851 1339 1108 1405 elicitur
1142 1337 1436 1402 definitio
1482 1336 1771 1402 iustitiae
1816 1335 1977 1416 legis
2023 1332 2240 1419 (Rom.
2291 1333 2391 1410 10,
2437 1330 2539 1419 5):

581 1427 762 1493 visus
818 1436 919 1490 est
975 1425 1104 1490 huc
1151 1424 1394 1507 optime
1432 1422 1784 1507 quadrare:
1834 1421 1988 1502 quia
2032 1419 2347 1485 mercedis
2390 1439 2538 1502 pro-

576 1511 886 1578 missione
919 1510 1133 1595 legem
1169 1511 1380 1575 saucit
1415 1528 1489 1574 ac
1524 1509 1884 1574 confirmat.
1952 1506 2121 1588 Spes
2165 1526 2321 1589 ergo
2364 1505 2538 1570 vitae

579 1606 885 1664 aeternae
930 1594 1125 1661 datur
1167 1594 1468 1659 omnibus
1526 1595 1635 1678 qui
1691 1593 1903 1677 legem
1962 1592 2324 1658 servarint:
2384 1612 2538 1655 nam

575 1685 810 1750 inscite
865 1682 1127 1767 quidam
1187 1683 1267 1747 de
1311 1691 1576 1746 terrena.
1635 1690 1700 1744 et
1745 1678 1989 1745 caduca
2034 1678 2169 1742 vita
2217 1677 2538 1760 interpre-

578 1776 823 1835 tantur.
934 1766 1222 1833 Errandi
1289 1787 1485 1832 causa
1563 1766 1713 1843 fuit,
1797 1764 1949 1848 quia
2018 1763 2394 1828 metuebant
2457 1784 2538 1827 ne

583 1877 817 1923 eversa
861 1854 1013 1919 fidei
1062 1853 1328 1929 iustitia,
1379 1853 1556 1918 salus
1608 1852 1729 1917 hoc
1767 1849 1955 1914 modo
1999 1848 2427 1914 collocaretur
2470 1850 2537 1913 in

585 1942 841 2007 meritis
883 1961 1169 2023 operum.
1238 1940 1444 2023 Atqui
1489 1959 1616 2003 non
1660 1936 1806 2002 ideo
1852 1936 2154 2000 homines
2196 1934 2542 2000 iustificari

585 2028 892 2110 operibus
942 2036 1143 2110 negat
1185 2027 1545 2108 scriptura,
1604 2021 1774 2105 quod
1819 2021 1926 2087 lex
1973 2019 2204 2085 mutila
2256 2022 2368 2095 sit,
2431 2021 2542 2086 vel

587 2135 721 2179 non
760 2112 986 2179 doceat
1020 2110 1376 2195 perfectam
1414 2109 1769 2175 iustitiam:
1807 2106 1921 2173 sed
1957 2108 2110 2191 (11113
2130 2115 2356 2172 1106110
2381 2107 2542 2171 vitio

586 2208 655 2265 et
689 2199 882 2284 culpa
915 2198 1256 2281 promissio
1292 2196 1480 2261 irrita
1512 2194 1827 2259 redditur.
1895 2194 2126 2277 Itaque
2148 2193 2398 2258 Paulus
2443 2191 2544 2280 (ut

582 2307 796 2369 nuper
839 2283 1055 2372 attigi)
1102 2283 1258 2349 dum
1304 2282 1430 2348 fide
1473 2280 1911 2365 quaerendam
1972 2299 2113 2345 csse
2155 2279 2227 2342 in
2288 2277 2543 2345 Ohristi

579 2376 792 2459 gratia
825 2372 1142 2437 iustitiam
1179 2368 1386 2445 docet,
1433 2368 1554 2432 hac
1597 2368 1848 2432 ratione
1887 2365 2118 2449 probat
2162 2387 2347 2430 suam
2393 2387 2538 2430 sen·

580 2460 886 2534 tentiam,
942 2454 1113 2539 quod
1167 2476 1359 2519 1161110
1401 2454 1798 2520 iustificatur
1839 2453 1970 2517 nisi
2014 2452 2127 2535 qui
2196 2451 2538 2534 praestite-

578 2547 671 2610 rit
729 2544 903 2627 quo'd
945 2543 1052 2608 lex
1097 2540 1275 2606 iubet
1321 2539 1498 2626 (Gal.
1545 2541 1605 2618 3,
1654 2538 1780 2625 11).
1870 2537 2047 2602 Alibi
2092 2538 2289 2602 etiam
2342 2538 2537 2602 ratio-

579 2632 842 2697 cinatur
894 2650 933 2693 a
990 2627 1365 2701 contrariis,
1425 2625 1535 2691 ubi
1594 2624 1934 2691 contendit
1966 2624 2177 2707 legem
2223 2645 2371 2689 cum
2409 2623 2538 2688 fide

581 2739 710 2782 non
772 2735 1131 2799 congruere
1186 2712 1399 2795 quoad
1452 2709 1848 2777 iustificandi
1894 2729 2190 2775 causam:
2236 2712 2386 2793 quia
2427 2709 2534 2775 lex

575 2824 776 2886 opera
816 2800 1102 2885 postulet
1137 2799 1221 2865 ad
1263 2798 1540 2864 salutem
1586 2796 2065 2881 acquirendam,
2112 2795 2272 2861 fides
2317 2810 2536 2861 autem

577 2910 700 2955 nos
754 2886 834 2953 ad
883 2887 1223 2953 Christum
1271 2884 1541 2969 dirigat,
1598 2892 1676 2949 ut
1728 2884 2081 2949 liberemur
2139 2904 2177 2948 a
2236 2881 2536 2947 maledic-

578 2976 758 3040 tione
785 2975 968 3058 legis.
1062 2971 1282 3038 Stulte
1327 2991 1483 3055 ergo
1511 2970 1701 3035 multi
1737 2970 1923 3053 quasi
1960 2967 2312 3033 absurdum
2355 2967 2534 3033 refu-

582 3062 809 3146 giunt,
877 3059 933 3124 si
989 3059 1145 3142 quis'
1189 3058 1403 3142 legem
1463 3057 1764 3140 impleat,
1824 3055 2141 3121 iustitiam
2197 3055 2536 3137 consequi:

578 3148 841 3231 quando
875 3167 1010 3211 non
1048 3167 1087 3209 a
1118 3144 1287 3228 legis
1332 3142 1645 3216 doctrina,
1692 3141 1805 3206 sed
1842 3142 1921 3206 ab
1969 3141 2310 3205 hominum
2352 3142 2535 3205 infir—

578 3233 808 3298 mitate
868 3230 1171 3315 provenit
1229 3230 1550 3296 defectus:
1609 3230 1778 3294 sicut
1819 3249 1902 3293 ex
1946 3226 2071 3291 alio
2116 3226 2308 3291 Pauli
2354 3228 2534 3291 testi-

577 3319 801 3385 monio
858 3319 1064 3401 liquet
1122 3315 1341 3403 (Rom.
1403 3314 1462 3394 8,
1507 3314 1595 3401 4).
1684 3314 1933 3380 Verum
1994 3312 2357 3377 notandum
2417 3322 2536 3393 est,

579 3428 711 3471 non
779 3405 968 3470 aliter
1032 3402 1425 3485 sperandam
1493 3423 1633 3467 esse
1690 3401 1968 3466 salutem
2026 3420 2110 3465 ex
2167 3399 2340 3484 lege,
2409 3400 2535 3464 nisi

578 3493 758 3557 omni
823 3512 905 3555 ex
973 3497 1158 3572 parte
1223 3486 1632 3553 satisfactum
1697 3487 1896 3552 fuerit
1950 3486 2094 3551 eius
2153 3486 2534 3570 praeceptis.

576 3577 808 3660 Neque
866 3576 1041 3641 enim
1099 3576 1372 3641 offertur
1429 3572 1570 3639 vita
1627 3574 1684 3639 si
1737 3573 1883 3656 quis
1918 3571 2042 3638 hoc
2087 3572 2193 3637 vel
2236 3571 2401 3637 illud
2445 3572 2537 3637 fe·

579 3666 775 3744 cerit,
843 3662 956 3728 sed
1028 3682 1180 3727 voce
1245 3659 1486 3743 plurali
1551 3659 1742 3741 plena
1808 3656 2176 3723 obedientia
2231 3659 2535 3741 exigitur.

579 3749 751 3814 Nam
795 3747 968 3832 quod
1015 3747 1094 3813 de
1138 3746 1402 3830 partiali
1445 3746 1699 3811 iustitia
1743 3745 2045 3828 garriunt
2088 3742 2378 3829 theologi
2421 3765 2538 3828 pa-

514 3828 529 3839 ’
579 3837 791 3919 93166,
837 3832 1161 3899 insulsum
1209 3854 1283 3897 30
1339 3832 1646 3897 frivolum
1707 3840 1839 3909 est,
1899 3832 2052 3914 quia
2095 3830 2279 3895 Deus
2322 3831 2541 3895 omnia

578 3922 774 3987 simul
798 3931 1143 4003 praecepta
1176 3918 1642 4001 complectitur.
1700 3917 1845 3982 Iam
1882 3915 1996 3981 ubi
2030 3917 2395 4001 reperietur
2429 3917 2542 4000 qui

578 4028 650 4073 se
712 4007 783 4071 in
850 4006 1128 4072 solidum
1187 4004 1387 4070 fuisse
1444 4003 1824 4069 defunctum
1881 4002 2124 4069 iactet?
2229 4002 2422 4083 Quod
2483 4003 2542 4067 si

579 4115 771 4158 nemo
832 4114 871 4157 a
928 4092 1452 4175 transgressione
1506 4109 1793 4173 unquam
1847 4087 2161 4153 immunis
2220 4090 2374 4169 fuit,
2437 4090 2542 4154 vel

584 4180 851 4244 futurus
905 4188 1037 4243 est:
1097 4177 1397 4261 quamvis
1452 4197 1572 4242 nos
1620 4176 1800 4241 Deus
1856 4174 2128 4239 minime
2173 4175 2544 4252 frustretur,

580 4266 735 4348 quia
777 4278 996 4329 tamen
1041 4272 1230 4347 pacto
1273 4284 1407 4327 non
1453 4273 1730 4341 stamus,
1792 4262 2191 4327 infructuosa
2247 4261 2545 4326 redditur

623 4372 939 4417 remissio.

576 4373 622 4436 P
760 4436 1032 4502 Denter.
1081 4435 1184 4515 27,
1234 4434 1334 4501 11.
1428 4432 1872 4515 Praecepitque
1907 4431 2138 4498 Moses.
2213 4432 2361 4513 Quo
2398 4433 2546 4516 plus

586 4522 913 4588 efficaciae
950 4522 1268 4588 haberent
1304 4532 1437 4585 tam
1476 4521 1933 4605 promissiones
1978 4540 2168 4602 (1113111
2208 4519 2426 4584 11111136
2462 4517 2546 4585 3(1

584 4606 1064 4693 permovendos
1109 4609 1402 4672 omnium
1448 4607 1734 4686 animos,
1796 4625 1922 4668 non
1984 4611 2241 4670 tantum
2287 4605 2543 4670 solenni

583 4697 718 4761 ritu
786 4714 899 4759 636
968 4694 1171 4759 voluit
1234 4692 1422 4758 Deus
1485 4692 1919 4777 promulgari:
1995 4692 2106 4757 sed
2172 4692 2541 4774 approbari,

584 4782 763 4847 clara
807 4779 1034 4865 populi
1080 4799 1270 4855 voce,
1332 4788 1399 4844 et
1442 4799 1760 4847 consensu
1807 4776 2282 4860 quodammodo
2327 4777 2542 4862 obsig-

584 4869 748 4933 nari.
838 4867 917 4931 Id
979 4865 1258 4930 fideliter
1314 4887 1353 4929 a
1409 4863 1605 4930 Iosue
1658 4865 2051 4946 praestitum
2117 4862 2319 4928 fuisse
2385 4863 2541 4929 alibi

581 4955 864 5020 refertur
919 4951 1072 5039 (Ios.
1133 4951 1192 5031 8,
1250 4950 1380 5037 33).
1485 4950 1632 5016 Hoc
1689 4951 1757 5014 in
1824 4949 2191 5032 praesentia
2236 4948 2538 5028 sufficiat,

580 5039 812 5105 citatos
866 5060 941 5105 30
997 5037 1349 5122 productos
1406 5037 1603 5102 fuisse
1663 5056 1889 5101 omnes
1947 5057 1986 5100 a
2030 5035 2172 5100 Deo
2228 5043 2538 5118 tanquam

580 5124 1086 5207 subscriptores,
1142 5133 1214 5187 ut
1256 5126 1324 5189 in
1363 5133 1698 5206 posterum
1743 5130 2024 5189 cessaret
2066 5142 2290 5186 omnes
2334 5124 2536 5207 tergi·

581 5211 885 5277 versatio.
936 5211 1209 5277 Divisae
1244 5220 1461 5274 autem
1499 5210 1765 5274 fuerunt
1802 5206 2007 5273 tribus
2029 5206 2235 5273 lsrael
2270 5207 2338 5271 in
2376 5208 2537 5276 duos

581 5296 865 5377 ordines,
906 5305 981 5362 ut
1018 5298 1182 5362 aliae
1220 5318 1256 5360 e
1281 5296 1548 5381 regione
1584 5294 1859 5360 aliarum
1881 5303 2151 5372 starent,
2189 5301 2257 5358 et
2293 5291 2376 5357 ab
2403 5316 2535 5359 uno

579 5382 784 5448 latere
852 5392 1236 5449 resonarent
1301 5380 1817 5460 benedictiones,
1899 5379 1981 5445 ab
2046 5380 2253 5446 altero
2311 5390 2531 5445 autem

1574 455 2155 524 SANCTIONES
2203 458 2263 522 A
2300 455 3099 525 Paomssmmssus
3145 459 3263 524 nr
3307 459 3595 528 M1N1s.
4356 430 4368 440 '
4549 460 4589 527 s

2650 644 3137 712 maledictiones
3161 645 3762 734 (111361ἆπίστροφω.
3802 649 4009 714 Ρο110
4038 671 4154 717 0111
4168 650 4352 715 Deus
4375 657 4588 731 poste-

2649 752 2755 795 ros
2793 729 3081 811 Simeon,
3118 732 3309 813 Levi,
3346 733 3533 813 Iuda,
3579 736 3902 817 Issachar,
3945 734 4207 821 Ioseph,
4251 745 4316 801 et
4356 735 4590 801 Benia-

2647 817 2804 895 min,
2829 816 3301 885 benedictionis
3323 841 3676 904 praecones
3699 843 3839 888 esse
3860 822 4169 888 maluerit
4187 841 4383 904 quam
4406 821 4588 902 alios,

2645 903 2898 981 nescire
2943 924 3048 968 me
3087 904 3313 971 fateor.
3375 906 3545 971 Nam
3590 906 3757 990 quod
3802 907 4090 973 Hebraei
4131 928 4239 972 eos
4284 907 4397 991 qui
4441 929 4587 992 pro-

2646 989 2852 1073 geniti
2898 998 3087 1054 erant
3129 1012 3212 1055 ex
3269 991 3491 1058 liberis
3548 993 3869 1060 matribus
3911 1002 4148 1078 putant
4188 993 4256 1057 in
4302 992 4586 1077 splendi-

2647 1075 2825 1140 diore
2870 1076 3075 1160 gradu
3123 1076 3461 1160 dignitatis
3504 1078 3764 1160 locatos,
3805 1080 4142 1145 infirmum
4186 1087 4320 1145 est:
4385 1100 4587 1163 quum

2646 1162 2855 1226 tribus
2900 1161 3138 1227 Ruben
3180 1164 3592 1246 primogeniti
3637 1165 3772 1242 filii,
3840 1166 3986 1230 aliis
4030 1166 4141 1250 qui
4196 1165 4276 1230 ab
4332 1165 4588 1232 ancillis

2645 1248 2967 1332 originem
3011 1247 3336 1314 ducebant
3379 1251 3726 1318 coniuncta
3763 1252 3978 1317 fuerit.
4073 1251 4221 1317 Nisi
4265 1250 4434 1316 forte
4489 1251 4585 1316 di·

2641 1354 2866 1398 camus
2900 1343 3193 1418 posteros
3217 1334 3454 1401 Ruben
3490 1358 3607 1421 per
3648 1337 4081 1421 ignominiam
4117 1337 4316 1402 fuisse
4351 1337 4590 1407 relatos

2642 1419 2711 1483 in
2769 1419 3123 1485 secundam
3181 1421 3484 1487 classem:
3547 1423 3664 1489 sed
3721 1424 3874 1507 quia
3917 1432 4054 1489 tam
4098 1421 4588 1489 maledictiones

2642 1526 2835 1588 quam
2895 1505 3376 1573 benedictiones
3435 1510 3637 1574 totius
3691 1509 3915 1593 populi
3980 1508 4244 1574 nomine
4302 1510 4586 1594 profere-

2642 1591 2901 1668 bantur,
2958 1593 3026 1655 in
3083 1613 3160 1657 ea
3217 1615 3288 1658 re
3343 1614 3478 1658 non
3524 1595 3806 1660 multum
3852 1603 3950 1660 est
3995 1594 4325 1661 momenti.
4411 1594 4584 1660 Nam

2642 1678 2696 1742 si
2744 1677 2824 1742 ad
2858 1678 3235 1743 testandum
3278 1689 3584 1744 mutuum
3627 1701 4020 1746 consensum
4062 1681 4232 1747 facta
4264 1681 4390 1745 fuit
4424 1680 4586 1747 haec

2644 1764 2939 1845 partitio,
3000 1764 3270 1848 perinde
3311 1765 3524 1830 valuit
3569 1787 3643 1832 ac
3700 1767 3756 1832 si
3813 1767 3983 1832 ultro
4026 1766 4317 1849 citroque
4360 1787 4586 1833 omnes

2643 1859 2863 1933 partes
2921 1850 3340 1915 concinerent
3405 1852 3784 1918 maledictos
3830 1874 3971 1919 esse
4011 1853 4177 1937 legis
4222 1861 4585 1937 transgres-

2643 1956 2842 2013 sores,
2889 1934 3260 2002 benedictos
3305 1958 3463 2002 vero
3506 1938 3619 2021 qui
3665 1959 3810 2003 eam
3854 1939 4223 2005 servabant.
4302 1937 4587 2023 Ideoque

2642 2042 2761 2087 cur
2816 2023 2884 2086 in
2946 2043 3218 2088 munere
3262 2024 3592 2087 communi
3638 2025 3799 2090 alios
3842 2024 3989 2091 aliis
4031 2024 4215 2090 Deus
4258 2025 4584 2107 praetule-

2641 2109 2748 2185 rit,
2795 2129 2926 2172 non
2971 2129 3117 2173 sum
3161 2108 3354 2174 valde
3398 2111 3707 2175 curiosus.
3783 2110 3966 2175 Alibi
4009 2111 4231 2176 Moses
4275 2111 4586 2192 narrabit,

2641 2194 2848 2259 tribus
2892 2214 3056 2277 quae
3099 2193 3205 2260 hic
3247 2204 3634 2276 separantur
3677 2195 3872 2261 simul
3938 2195 4142 2261 fuisse
4185 2195 4585 2263 coniunctas.

2640 2279 3010 2345 Probabilis
3054 2278 3220 2344 forte
3263 2281 3639 2347 coniectura
3682 2292 3885 2363 esset,
3947 2283 4168 2348 Deum
4212 2303 4402 2365 quem
4451 2304 4588 2348 non

2641 2364 2887 2431 latebat
2930 2365 3040 2430 ubi
3082 2366 3305 2430 futura
3348 2376 3520 2432 esset
3561 2368 3874 2451 cuiusque
3919 2368 4132 2434 tribus
4197 2367 4585 2444 haeredium,

2640 2451 2710 2516 in
2756 2472 2832 2516 ea
2876 2453 3157 2517 statione
3203 2452 3496 2536 singulas
3540 2451 3822 2531 locasse,
3885 2475 4049 2538 quae
4105 2453 4368 2519 futurae
4425 2455 4588 2520 sorti

2640 2536 3078 2620 responderet.
3168 2536 3517 2604 Caeterum
3564 2560 3692 2623 quo
3736 2540 3883 2624 plus
3927 2541 4272 2625 gravitatis
4316 2539 4587 2606 haberet

2642 2625 2912 2704 sanctie,
2945 2624 3219 2690 Levitas
3256 2624 3439 2689 Deus
3483 2627 3630 2691 aliis
3675 2623 3891 2690 verbis
3933 2627 4188 2709 praeire
4232 2625 4464 2703 voluit,
4510 2648 4584 2692 30

2642 2711 2697 2775 si
2757 2710 3129 2793 loqueretur
3186 2710 3326 2793 ipse
3392 2731 3428 2775 6
3471 2711 3672 2777 coelo.
3758 2711 3931 2777 Nam
3990 2732 4193 2795 quum
4247 2711 4378 2796 legi
4434 2732 4583 2795 pro-

2642 2794 3035 2880 mulgandae
3102 2807 3321 2861 essent
3385 2798 3727 2879 praefecti,
3807 2797 3998 2863 sicuti
4063 2796 4344 2862 fideliter
4407 2797 4584 2881 ipsos

2639 2882 2917 2948 recitare
2974 2883 3263 2964 oportuit
3306 2882 3477 2965 quod
3525 2884 3707 2949 Deus
3750 2905 3861 2949 ore
3905 2905 4024 2949 suo
4069 2883 4449 2964 dictaverat,
4491 2884 4585 2948 ita

2642 2970 2887 3033 maiore
2932 2970 3295 3033 attentione
3339 2977 3406 3034 et
3450 2971 3823 3035 reverentia
3866 2971 4135 3035 fuerunt
4178 2968 4401 3034 auditi.

2815 3052 2915 3121 15.
2962 3053 3357 3120 Maledictus,
3416 3054 3594 3121 Hinc
3637 3066 3909 3140 3993161
3952 3055 4286 3121 dimidiam
4331 3064 4584 3139 partem

2637 3140 2904 3206 reticeri
2949 3162 2987 3205 a
3032 3141 3246 3206 Mose:
3292 3142 3445 3223 quia
3490 3140 4012 3207 benedictionum
4061 3140 4240 3206 nulla
4284 3142 4358 3205 fit
4401 3162 4582 3207 men·

2639 3227 2764 3309 tie,
2826 3246 2989 3310 quae
3034 3234 3257 3291 tamen
3316 3227 3599 3309 priorem
3644 3227 3921 3312 gradum
3966 3226 4293 3293 tenebant.
4383 3227 4585 3293 Forte

2636 3313 2892 3396 oblique
2937 3313 3378 3397 perstringere
3421 3313 3634 3379 voluit
3667 3315 3940 3396 spiritus
3983 3334 4066 3397 po
4111 3312 4203 3378 uli
4245 3312 4585 3394 malitiam,

2638 3420 2767 3482 qua
2823 3399 3065 3464 factum
3118 3408 3217 3464 est
3276 3408 3349 3464 ut
3403 3398 3568 3465 liber
3611 3421 3744 3464 non
3791 3408 3965 3465 esset
4008 3421 4046 3464 a
4133 3397 4429 3465 canenda
4473 3400 4584 3465 be-

2637 3484 3085 3550 nedictionum
3172 3485 3401 3569 elogia.
3532 3485 3702 3550 Nam
3790 3506 3992 3569 quum
4072 3483 4385 3551 deberent
4461 3484 4585 3551 sibi

2639 3572 3025 3655 promissam
3092 3570 3457 3637 mercedem
3524 3571 3827 3637 alacriter
3884 3571 4221 3656 amplecti:
4289 3572 4411 3638 hoc
4466 3571 4584 3637 ho-

2640 3679 2797 3722 nore
2857 3659 3032 3741 19606
3097 3657 3384 3740 privavit
3449 3679 3569 3724 sua
3630 3658 3963 3742 impietas,
4033 3679 4152 3723 nec
4217 3656 4393 3723 aliud
4459 3658 4585 3722 fuit

2637 3743 2974 3809 residuum
3031 3762 3229 3826 quam
3286 3752 3363 3808 ut
3416 3764 3571 3810 suas
3622 3744 4002 3827 iniquitates
4067 3745 4275 3809 iustae
4340 3762 4587 3826 poenae

2642 3830 3057 3905 subiicerent.
3146 3830 3414 3895 Interea
3459 3829 3727 3895 dubium
3776 3851 3905 3895 non
3962 3838 4093 3910 est,
4152 3852 4233 3895 ex
4289 3828 4598 3896 maledic-

2642 3916 2893 3981 tionum
2939 3917 3150 3981 forma
3191 3936 3357 3999 quae
3399 3914 3507 3983 hic
3550 3915 3793 4000 legitur
3835 3916 4036 3982 fuisse
4076 3916 4213 3981 illis
4255 3922 4593 3981 ostensum

2644 4001 2852 4086 qualis
2898 3999 3220 4067 servanda
3278 4011 3452 4066 esset
3509 4001 3937 4068 benedicendi
3981 4003 4166 4068 ratio,
4253 4000 4428 4066 Nam
4481 4003 4594 4068 ubi

2643 4096 2874 4155 contra
2951 4098 3466 4172 transgressores
3543 4087 3852 4153 iudicium
3932 4109 4124 4154 suum
4205 4089 4591 4171 pronunciat

2645 4176 2860 4253 Deus,
2921 4173 3073 4238 inde
3130 4173 3418 4253 elicitur,
3487 4173 3661 4240 veris
3717 4175 3856 4241 eius
3910 4172 4300 4253 cultoribus,
4358 4175 4414 4238 si
4480 4174 4590 4257 qui

2643 4260 2856 4343 legem
2913 4260 3265 4343 impleant,
3325 4280 3509 4342 spem
3567 4258 3988 4326 beatitudinis
4029 4271 4173 4326 'esse
4214 4259 4586 4343 repositam.

2644 4344 2750 4411 Ad
2810 4347 2969 4411 haec
3027 4348 3098 4410 in
3142 4346 3440 4430 catalogo
3493 4345 4025 4413 maledictionum
4081 4346 4193 4430 qui
4239 4346 4347 4412 hic
4388 4347 4588 4412 refer·

2644 4440 2790 4511 tur,
2848 4431 3138 4497 notanda
3194 4441 3293 4497 est
3356 4430 3800 4516 synecdoche:
3865 4443 4094 4498 contra
4157 4431 4588 4515 blasphemos,

2642 4519 2968 4602 periuros,
3031 4517 3333 4583 sabbathi
3377 4518 3760 4600 violatores,
3819 4517 4167 4585 maledicos
4223 4526 4292 4583 et
4334 4517 4587 4583 adulte-

2642 4626 2750 4670 ros
2829 4604 3012 4670 nulla
3090 4604 3369 4670 edicitur
3431 4625 3721 4671 seorsum
3789 4603 4134 4688 peculiaris
4200 4603 4587 4669 maledictio.

2644 4694 2938 4776 Apparet
2991 4690 3193 4775 igitur
3264 4690 3578 4774 quasdam
3646 4692 3993 4756 criminum
4057 4691 4304 4773 species
4328 4740 4343 4769 ,
4421 4709 4587 4773 quae

2640 4798 2897 4843 summa
2940 4777 3423 4843 abominatione
3463 4776 3700 4861 dignae
3744 4785 3965 4855 erant,
4025 4777 4226 4842 fuisse
4284 4775 4588 4856 delectas,

2640 4872 2717 4928 ut
2770 4862 2927 4928 inde
2984 4862 3259 4946 populus
3313 4861 3596 4929 disceret
3651 4863 4240 4947 transgressionem
4299 4863 4370 4926 in
4427 4882 4580 4945 quo·

2639 4971 2895 5033 cunque
2949 4949 3112 5034 legis
3171 4950 3380 5032 capite
3424 4970 3553 5014 non
3598 4949 3733 5012 fore
3776 4948 4187 5032 impunitam.
4279 4948 4447 5013 Nam
4505 4949 4587 5013 de

2639 5034 3047 5119 sculptilibus
3107 5034 3461 5119 loquendo,
3516 5033 3693 5099 haud
3759 5032 3954 5099 dubie
4011 5034 4139 5100 Dei
4193 5033 4441 5098 cultum
4503 5036 4584 5099 ab

2639 5120 2942 5187 omnibus
3001 5121 3389 5205 corruptelis
3443 5121 3692 5186 asserit.
3781 5119 4001 5204 Atque
4056 5121 4148 5184 ita
4205 5120 4588 5185 extenditur

2639 5208 2799 5274 haec
2846 5208 3208 5274 maledictio
3254 5207 3336 5272 ad
3381 5204 3735 5289 quamlibet
3781 5205 4370 5289 transgressionem
4411 5207 4580 5289 prio-

2636 5295 2727 5360 ris
2774 5294 3050 5360 tabulae.
3137 5294 3346 5360 Porro
3406 5291 3560 5356 dum
3621 5311 3901 5374 poenam
3960 5292 4246 5357 minatur
4301 5291 4583 5376 peccatis

2636 5379 3050 5460 absconditis,
3098 5401 3181 5445 ex
3226 5400 3302 5445 eo
3346 5377 3655 5461 colligere
3701 5385 4076 5461 promptum
4114 5386 4231 5458 est,
4277 5378 4583 5462 quamvis
