5017 6142
480 443 575 508 27

492 651 649 715 ergo
688 629 761 693 in
785 648 1011 694 eorum
1049 646 1247 692 manu
1281 626 1422 691 fore
1457 625 1765 710 copiam]:
1810 628 1922 695 ubi
1962 636 2182 694 autem
2220 628 2446 694 referti

490 717 758 794 fuerint,
804 713 1056 780 nullam
1103 714 1243 777 fore
1286 712 1684 777 sacietatem.
2248 718 2259 728 ·

664 801 769 867 29.
820 798 1276 879 Comedetisque
1315 818 1584 865 carnem.
1672 798 1819 865 Hoc
1879 799 2173 881 asperius
2215 799 2444 884 flagel-

492 890 631 954 lum
675 887 1014 971 magisque
1070 883 1481 950 formidabile
1538 891 1665 949 est:
1729 904 1858 969 quo
1915 892 2139 951 tamen
2201 886 2446 952 scimus

492 993 838 1059 percussos
896 971 1098 1036 fuisse
1154 991 1285 1035 non
1336 969 1540 1035 semel
1584 968 1941 1037 Israelitas.
2031 971 2447 1038 Incredibilis

484 1060 759 1144 quidem
801 1068 974 1123 esset
1016 1055 1179 1122 haec
1218 1056 1635 1121 immanitas:
1694 1057 1810 1121 sed
1866 1055 2024 1123 hinc
2076 1057 2447 1141 colligimus

486 1166 688 1230 quam
735 1142 1048 1210 horribile
1090 1143 1180 1208 sit
1220 1140 1510 1207 incidere
1555 1141 1625 1206 in
1668 1162 1905 1209 manus
1948 1142 2111 1208 Dei:
2171 1143 2284 1209 ubi
2327 1143 2445 1209 ho-

493 1233 715 1297 mines
758 1229 1007 1295 scelera
1048 1226 1404 1294 sceleribus
1447 1225 1766 1306 addendo,
1810 1228 1981 1293 iram
2023 1229 2165 1294 eius
2208 1249 2445 1312 provo-

488 1338 647 1383 care
693 1335 826 1381 non
872 1313 1204 1381 desinunt.
1272 1312 1419 1378 Hoc
1464 1312 1836 1397 prodigium
1877 1314 2052 1379 inter
2095 1314 2229 1380 alia
2268 1335 2444 1381 com-

494 1412 818 1468 memorat
852 1399 1168 1466 Ieremias
1211 1398 1482 1486 (Thren.
1529 1399 1593 1477 4,
1638 1398 1765 1487 10),
1810 1420 2048 1467 manus
2091 1400 2445 1466 mulierum

494 1486 1017 1555 misericordium
1052 1485 1304 1550 coxisse
1338 1506 1490 1552 suos
1511 1485 1702 1567 filios,
1737 1494 1803 1552 et
1825 1506 2089 1568 parasse
2110 1487 2181 1550 in
2204 1486 2442 1553 cibum.

494 1574 788 1657 Ideoque
831 1593 965 1637 non
1008 1571 1125 1638 abs
1166 1592 1241 1637 re
1286 1569 1597 1654 deplorat,
1642 1592 1968 1655 nusquam
2012 1573 2168 1638 alibi
2201 1572 2268 1636 id
2303 1594 2446 1638 esse

493 1662 742 1726 factum
760 1710 777 1738 ,
845 1666 918 1724 ut
963 1657 1270 1722 mulieres
1327 1664 1640 1722 vorarent
1693 1658 1982 1723 fructum
2041 1657 2446 1724 educationis

494 1767 675 1812 suae.
766 1745 1112 1810 Postrema
1169 1752 1389 1808 autem
1445 1741 1696 1808 obsidio
1751 1740 2197 1829 lerosolymae
2252 1741 2446 1829 (quae

494 1834 564 1897 in
632 1851 888 1898 summo
953 1829 1217 1896 cumulo
1282 1828 1607 1895 scelerum
1673 1829 1859 1912 quasi
1925 1830 2197 1896 ultimus
2260 1837 2446 1896 actus

494 1918 622 1984 fuit
673 1914 1005 1983 vindictae
1062 1912 1217 2000 Dei)
1282 1915 1353 1978 in
1418 1934 1529 1980 eas
1593 1915 1929 1999 angustias
1994 1917 2266 1982 miseros
2330 1915 2448 1999 qui

500 2015 661 2070 tunc
704 2001 1020 2068 vivebant
1063 1999 1318 2084 redegit
1335 2050 1352 2079 ,
1409 2006 1481 2066 ιιι
1530 2002 1897 2084 promiscue
1954 2000 2257 2067 nefandis
2312 2001 2448 2067 illis

497 2089 707 2173 epulis
743 2095 1186 2154 vescerentur.
1256 2085 1448 2166 Quod
1485 2085 1718 2152 deinde
1754 2107 1825 2152 se
1859 2088 2183 2153 cadavera
2217 2108 2446 2152 eorum

495 2173 689 2241 idolis
722 2173 1207 2257 permixturum
1244 2171 1617 2251 denunciat,
1663 2173 1735 2237 in
1774 2175 1918 2256 ipsa
1952 2175 2160 2239 forma
2193 2193 2446 2258 poenae

495 2262 902 2344 impietatem
980 2279 1205 2324 eorum
1268 2258 1683 2323 manifestam
1748 2259 1890 2324 fore
1956 2259 2162 2324 docet.
2272 2259 2448 2325 Mire

497 2349 674 2413 enim
697 2344 824 2411 sibi
858 2344 930 2409 in
967 2343 1539 2428 superstitionibus
1577 2344 1836 2427 placent
1858 2352 2217 2428 apostatae,
2241 2345 2446 2410 donec

496 2433 718 2518 palam
795 2436 1109 2514 appareat
1171 2428 1356 2495 Deus
1433 2429 1651 2496 cultus
1722 2431 1825 2496 sui
1887 2429 2153 2497 vindex.
2260 2429 2449 2497 Idola

498 2528 722 2585 autem
787 2536 937 2584 cum
1002 2524 1413 2581 mortuorum
1477 2516 1730 2582 ossibus
1794 2516 2025 2600 proiici
2093 2517 2162 2581 in
2244 2537 2447 2582 unam

498 2604 890 2688 congeriem,
931 2601 1205 2686 perinde
1240 2602 1362 2666 fuit
1400 2622 1477 2667 ac
1511 2602 1570 2667 si
1606 2600 1809 2685 digito
1842 2610 2240 2669 monstraret
2261 2602 2448 2668 Deus

499 2712 573 2756 se
640 2688 908 2756 fictitios
987 2707 1214 2753 eorum
1292 2686 1509 2754 cultus
1587 2687 1969 2753 abominari.
2078 2689 2224 2754 Iam
2292 2709 2447 2754 vero

499 2796 701 2860 quum
746 2774 1052 2839 ultimum
1087 2772 1221 2838 illis
1255 2772 1513 2857 asylum
1550 2781 1724 2840 esset
1756 2774 1828 2839 in
1861 2774 2213 2855 sacrificiis,
2249 2783 2449 2858 negat

498 2859 852 2946 quidquam
918 2860 988 2924 in
1056 2859 1191 2924 illis
1255 2856 1397 2924 fore
1461 2859 1781 2924 momenti
1839 2859 1922 2925 ad
1980 2861 2446 2944 placationem:

499 2947 622 3014 sub
677 2965 835 3012 voce
894 2945 1073 3010 enim
1130 2943 1347 3009 odoris
1404 2946 1657 3028 pacifici
1713 2946 2167 3029 complectitur
2222 2968 2449 3012 omnes

498 3031 892 3117 expiationis
982 3032 1152 3096 ritus
1176 3080 1191 3109 ,
1278 3050 1558 3113 quorum
1644 3030 1884 3099 fiducia
1959 3033 2172 3117 magis
2259 3040 2451 3098 erant

501 3119 828 3185 obstinati.
958 3118 1200 3182 Postea
1305 3125 1445 3181 tam
1552 3117 1856 3183 exsilium
1954 3138 2150 3201 quam
2237 3128 2451 3184 terrae

499 3204 878 3272 vastitatem
945 3203 1268 3267 minatur:
1347 3200 1580 3286 quibus
1659 3203 1874 3287 plagis
1957 3204 2174 3287 palam
2253 3205 2454 3269 fiebat

497 3310 774 3442 lprorsus
832 3310 974 3355 esse
1030 3288 1395 3367 abdicatos,
1442 3299 1516 3353 ut
1559 3289 1752 3371 paulo
1797 3300 1943 3373 post
1984 3291 2224 3356 iterum
2269 3289 2450 3354 vide-

543 3377 696 3442 itur.

674 3460 777 3526 34.
873 3459 1159 3541 Perficiet
1233 3464 1435 3525 terrae
1510 3459 1823 3526 sabbatha.
1935 3460 2084 3543 Quo
2164 3462 2454 3527 sanctior

501 3557 675 3615 esset
716 3546 1084 3613 observatio
1119 3545 1442 3623 sabbathi,
1487 3557 1732 3611 terram
1758 3548 1941 3613 Deus
1976 3546 2452 3630 quodammodo

502 3634 744 3701 sociam
824 3652 1077 3716 quoque
1154 3629 1528 3698 hominibus
1604 3630 1873 3698 addidit.
1985 3632 2209 3714 Quum
2275 3633 2453 3698 enim

503 3719 781 3803 septimo
824 3738 1080 3802 quoque
1124 3736 1299 3782 anno
1332 3716 1685 3783 feriaretur
1718 3738 1758 3782 a
1792 3719 2065 3798 satione,
2110 3740 2341 3799 messe,
2384 3727 2454 3785 et

474 3806 687 3871 1omni
730 3804 1009 3881 cultura,
1056 3804 1179 3869 hoc
1226 3802 1525 3886 exemplo
1567 3803 1871 3869 homines
1907 3805 2139 3870 melius
2174 3806 2451 3872 incitare

502 3891 733 3969 voluit,
778 3900 854 3955 ut
898 3889 1074 3972 apud
1104 3909 1228 3979 gos
1270 3887 1527 3972 vigeret
1570 3888 1868 3955 sabbathi
1913 3890 2166 3975 religio.
2254 3891 2449 3957 Nunc

503 3976 735 4044 acerbe
777 3974 1115 4042 Israelitas
1160 3974 1545 4057 perstringit
1586 3975 1799 4054 Deus,
1859 3976 2033 4060 quod
2084 3994 2215 4042 non
2259 3978 2450 4043 modo

502 4061 897 4128 sabbathum
940 4061 1066 4144 ipsi
1113 4059 1392 4142 violent,
1448 4059 1564 4126 sed
1608 4081 1691 4126 ne
1735 4070 1950 4128 terrae
1993 4062 2255 4145 quidem
2302 4085 2448 4146 per·

509 4150 781 4214 mittant
834 4147 1134 4213 iniuncta
1176 4145 1298 4211 sibi
1343 4146 1563 4228 quiete
1621 4146 1909 4233 defungi.
1985 4149 2215 4232 Neque
2272 4150 2445 4214 enim

503 4235 702 4299 unius
745 4234 904 4297 anni
948 4232 1222 4298 cessatio
1266 4231 1434 4311 fecit,
1479 4234 1831 4316 quominus
1865 4233 2125 4301 assidue
2159 4244 2450 4319 gemeret

501 4329 684 4385 terra
724 4318 848 4383 sub
889 4317 1183 4402 indignis
1223 4316 1581 4396 laboribus,
1628 4319 1939 4402 quamdiu
1981 4321 2201 4386 alebat
2244 4322 2446 4388 scele-

503 4410 687 4471 ratos
727 4403 991 4470 incolas.
1080 4402 1265 4470 Dicit
1307 4423 1465 4488 ergo
1507 4410 1754 4470 terram
1806 4406 2076 4472 assidua
2116 4408 2444 4490 inquietu-

505 4490 658 4557 dine
711 4490 911 4555 fuisse
970 4489 1332 4554 turbatam:
1394 4497 1588 4573 atque
1643 4491 1738 4556 ita
1792 4494 2079 4558 caruisse
2135 4492 2448 4577 legitimis

504 4574 870 4651 sabbathis,
931 4596 1135 4659 quum
1191 4574 1484 4640 humeris
1542 4575 1679 4643 suis
1736 4587 2057 4661 gestaret,
2112 4599 2246 4645 non
2302 4579 2447 4645 sine

503 4663 693 4748 gravi
748 4661 1079 4742 molestia,
1135 4661 1370 4744 impios
1426 4659 1554 4726 Dei
1612 4673 2111 4747 contemptores.
2211 4665 2445 4731 Caete-

503 4770 673 4829 rum,
719 4747 873 4832 quia
916 4768 1032 4831 per
1075 4745 1529 4827 synecdochen
1571 4748 1920 4831 aliquando
1964 4751 2086 4816 sub
2131 4749 2446 4816 sabbatho

504 4842 773 4900 notatur
816 4842 991 4899 totus
1026 4833 1153 4898 Dei
1197 4832 1411 4898 cultus
1434 4831 1586 4920 (Ier.
1636 4835 1736 4915 17,
1780 4835 1884 4901 21.
1929 4836 2119 4902 Ezec.
2165 4837 2269 4916 20,
2318 4838 2445 4923 12),

507 4921 768 5005 obliqua
807 4917 1305 5002 exprobratione
1339 4919 1656 5002 populum
1694 4922 1933 4988 acriter
1967 4924 2233 5007 pungit:
2270 4926 2447 5008 quod

508 5029 643 5073 non
687 5015 945 5072 tantum
988 5006 1130 5072 eius
1173 5004 1511 5088 impietate
1554 5007 1699 5072 iure
1742 5029 1860 5075 suo
1904 5006 2273 5089 fraudetur,
2329 5010 2442 5076 sed

505 5112 661 5158 non-
686 5092 876 5158 aliter
918 5092 1045 5158 rite
1087 5091 1210 5158 coli
1254 5091 1459 5173 possit
1499 5091 1572 5155 in
1628 5101 1809 5159 terra
1860 5104 2090 5161 sancta
2148 5116 2344 5179 quam
2387 5096 2444 5163 si

503 5199 732 5244 omnes
784 5177 942 5243 inde
998 5178 1311 5262 expellat:
1374 5197 1449 5242 ac
1492 5178 1550 5241 si
1604 5176 1848 5244 diceret
1900 5180 2023 5246 sibi
2069 5180 2193 5247 hoc
2236 5204 2443 5248 uuum

501 5273 752 5331 restare
786 5264 869 5329 ad
905 5263 1153 5330 cultum
1190 5263 1470 5329 nominis
1504 5263 1608 5328 sui
1642 5265 2084 5346 asserendum,
2121 5267 2232 5334 ubi
2268 5279 2447 5335 terra

503 5356 785 5437 purgata
828 5350 1026 5416 fuerit
1066 5352 1204 5417 suis
1239 5347 1486 5429 incolis,
1530 5355 1597 5416 et
1629 5350 1701 5415 in
1735 5354 2109 5419 vastitatem
2143 5353 2439 5422 redacta:

1483 435 2065 505 SANCTIONES
2110 443 2173 506 A
2216 437 3015 507 PROMISSIONIBUS
3064 439 3182 505 ΕΤ
3227 437 3513 505 MINIS.
4424 438 4511 505 28

2552 631 2707 713 quia
2751 637 3015 693 extorta
3059 630 3220 695 haec
3259 628 3557 707 cessatio,
3599 630 3668 693 in
3712 627 3926 693 locum
3962 626 4324 694 voluntarii
4355 628 4504 694 sab-

2551 715 2733 781 bathi
2778 713 3099 781 succedet.

2721 801 2825 867 39.
2888 799 2977 865 Et
3031 801 3141 882 qui
3192 799 3625 867 remanserint.
3715 797 3870 864 Alia
3929 797 4121 876 ultio,
4182 799 4356 882 quod
4400 805 4500 864 ta-

2549 888 2746 953 metsi
2791 896 3105 952 maneant
3148 883 3231 951 ad
3276 899 3533 967 tempus
3578 884 3986 967 superstites,
4036 885 4353 968 paulatim
4400 896 4503 950 ta-

2551 974 2836 1038 bescent.
2929 976 3145 1056 Atque
3186 971 3311 1038 hoc
3352 969 3617 1054 quidem
3664 982 3800 1035 tam
3846 971 3929 1036 ad
3972 972 4267 1055 captivos
4301 992 4499 1054 quam

2550 1059 2634 1123 ad
2672 1079 2782 1124 eos
2841 1058 2952 1141 qui
3004 1058 3252 1123 residui
3307 1056 3556 1122 fuerint
3609 1056 3683 1120 in
3740 1065 3919 1120 terra
3976 1057 4206 1122 referri
4261 1066 4495 1140 potest.

2554 1144 2851 1210 Antehac
2886 1144 3174 1210 minatus
3217 1150 3321 1210 est
3359 1142 3496 1208 illis
3529 1141 3895 1220 interitum,
3943 1141 4045 1207 vel
4082 1162 4122 1205 a
4157 1141 4350 1220 fame,
4387 1143 4495 1210 vel

2549 1250 2589 1294 a
2622 1229 2873 1314 gladio:
2919 1250 3094 1295 nunc
3137 1249 3297 1296 vero
3331 1247 3416 1293 ne
3462 1228 3828 1312 glorientur
3870 1249 3941 1294 se
3978 1226 4180 1294 fuisse
4216 1227 4496 1312 elapsos,

2551 1316 2663 1399 qui
2707 1337 2842 1381 non
2885 1316 3133 1381 fuerint
3185 1315 3402 1381 subita
3457 1323 3670 1379 morte
3731 1315 4015 1396 abrepti,
4073 1335 4183 1379 eos
4240 1333 4499 1397 quoque

2549 1402 2730 1468 lente
2783 1403 3111 1484 perituros
3176 1422 3318 1466 esse
3384 1399 3768 1467 denunciat:
3838 1399 4232 1482 modumque
4296 1400 4496 1466 simul

2551 1489 2892 1572 exprimit,
2950 1487 3104 1571 quia
3155 1485 3593 1569 trepidatione
3650 1485 3951 1568 implebit
4007 1505 4234 1551 eorum
4279 1486 4496 1566 corda,

2551 1586 2627 1639 ut
2668 1574 2934 1639 nemine
2976 1583 3405 1657 persequente
3462 1573 3753 1655 fugiant:
3814 1571 4004 1637 sicuti
4062 1572 4259 1636 etiam
4321 1571 4497 1653 apud

2554 1658 2974 1727 Solomonem
3028 1659 3299 1742 legitur:
3360 1658 3449 1722 Et
3505 1665 3790 1740 paveant
3854 1655 3937 1722 ad
4003 1657 4290 1722 sonitum
4357 1657 4493 1723 folii

2550 1747 2860 1811 cadentis.
2948 1744 3207 1826 Quibus
3251 1743 3471 1809 verbis
3516 1743 3848 1826 significat
3878 1743 4114 1825 impios
4132 1793 4146 1819 ,
4193 1743 4497 1826 quamvis

2551 1832 2634 1897 ab
2676 1831 2974 1897 externis
3019 1830 3331 1896 molestiis
3373 1828 3565 1894 liberi
3608 1828 3744 1894 sint
3759 1879 3774 1906 ,
3840 1827 4047 1894 nihilo
4089 1837 4313 1893 tamen
4356 1848 4498 1895 me·

2549 1918 2680 1983 lius
2721 1917 2994 1983 habere:
3039 1916 3190 2000 quia
3233 1917 3415 1981 intus
3457 1915 3666 1981 caecis
3711 1913 4057 1981 tormentis
4099 1913 4492 1981 lacerantur.

2553 2003 2874 2085 Quamvis
2916 2003 3093 2067 enim
3161 2001 3243 2067 ad
3311 2002 3599 2067 furorem
3654 2020 3860 2082 usque
3913 1998 4211 2085 prosiliat
4265 2020 4494 2066 eorum

2551 2089 2843 2169 audacia,
2881 2089 3026 2156 fieri
3060 2099 3282 2152 tamen
3318 2108 3447 2152 non
3481 2095 3697 2169 potest
3720 2088 3881 2169 quin
3902 2086 4075 2151 mala
4096 2087 4496 2153 conscientia

2551 2195 2661 2240 eos
2703 2174 2982 2241 subinde
3023 2174 3371 2240 excruciet.
3458 2170 3706 2237 Reddit
3748 2193 3857 2238 eos
3897 2170 4232 2237 interdum
4285 2173 4495 2254 stupi-

2551 2260 2668 2328 dos
2713 2261 2841 2326 Dei
2883 2260 3124 2326 oblivio
3141 2310 3157 2339 ,
3221 2261 3355 2324 imo
3400 2278 3667 2323 sensum
3710 2278 3970 2323 omnem
4015 2278 4258 2324 exuere
4301 2258 4498 2324 affec·

2553 2355 2728 2412 tant:
2773 2346 2892 2413 sed
2925 2346 3036 2412 ubi
3062 2346 3243 2412 Deus
3277 2346 3374 2410 ita
3415 2342 3868 2409 obbrutescere
3911 2364 4142 2426 passus
4177 2352 4295 2424 est,
4340 2365 4496 2411 mox

2550 2433 2687 2499 illis
2730 2441 3078 2498 veternum
3124 2432 3392 2509 excutit,
3437 2430 3724 2513 adeoque
3766 2429 4190 2512 praecipitat,
4236 2437 4313 2494 ut
4355 2429 4494 2494 sint

2548 2519 2678 2602 ipsi
2715 2519 2817 2584 sui
2860 2518 3218 2584 carnifices.
3309 2517 3518 2581 Docet
3560 2524 3785 2580 autem
3824 2515 3932 2582 hic
3976 2515 4174 2595 locus,
4221 2535 4348 2598 quo
4388 2535 4495 2581 ro-

2551 2606 2872 2671 bustiores
2913 2612 3074 2669 sunt
3116 2604 3300 2687 impii
3344 2600 3429 2667 ad
3469 2600 3600 2667 Dei
3643 2610 4111 2684 contemptum,
4164 2621 4240 2666 eo
4282 2601 4495 2685 magis

2554 2689 2912 2769 debilitari,
2979 2698 3057 2755 ut
3113 2689 3193 2754 ab
3239 2689 3475 2754 umbra
3517 2708 3638 2753 sua
3679 2694 4003 2752 metuant:
4059 2687 4226 2755 haec
4270 2694 4494 2752 autem

2555 2776 2841 2842 conditio
2884 2775 3102 2859 longe,
3124 2774 3424 2839 miserior
3468 2792 3664 2857 quam
3708 2774 3932 2838 statim
3974 2771 4250 2839 absumi.

2723 2862 2827 2928 40.
2886 2860 3099 2928 Donec
3151 2860 3569 2942 confiteantur.
3674 2857 4070 2941 Quanquam
4129 2856 4211 2924 de
4266 2857 4498 2941 poenis

2554 2947 2748 3014 valde
2805 2948 3021 3013 saevis
3092 2956 3160 3011 et
3222 2946 3550 3012 atrocibus
3612 2946 4037 3011 concionatus
4101 2952 4204 3011 est
4256 2945 4497 3023 Moses,

2556 3033 2744 3100 docet
2787 3042 3012 3098 tamen
3054 3034 3254 3098 etiam
3296 3032 3368 3096 in
3410 3032 3526 3097 illo
3569 3029 3964 3095 formidabili
4020 3031 4236 3114 rigore
4277 3030 4525 3096 Deum·

2555 3121 2693 3186 fore
2734 3118 3150 3204 placabilem:
3205 3119 3262 3184 si
3303 3117 3496 3183 modo
3540 3117 3884 3200 resipiscat
3925 3115 4223 3200 populus,
4268 3136 4496 3199 quam·

2555 3206 2716 3272 libet
2759 3205 3088 3271 diuturnis
3146 3204 3499 3270 sceleribus
3542 3222 3730 3287 spem
3771 3203 4001 3270 veniae
4042 3202 4168 3269 sibi
4211 3201 4496 3267 abstule-

2557 3292 2663 3358 rit.
2767 3291 2998 3376 Neque
3051 3292 3228 3356 enim
3294 3288 3616 3373 quoslibet
3677 3297 4048 3372 peccatores
4111 3287 4495 3371 alloquitur:

2556 3377 2672 3443 sed
2717 3378 2827 3461 qui
2870 3398 2992 3443 sua
3048 3375 3446 3460 pervicacia,
3511 3373 3924 3458 belluinoque
3979 3376 4230 3457 impetu
4285 3374 4497 3458 magis

2556 3486 2632 3530 ac
2698 3464 2909 3547 magis
2973 3461 3392 3529 accenderint
3447 3461 3577 3527 Dei
3639 3459 4040 3527 vindictam:
4101 3481 4211 3526 eos
4276 3469 4497 3525 tamen

2555 3549 2721 3614 bene
2779 3567 3046 3633 sperare
3100 3548 3313 3628 iubet,
3371 3549 3426 3615 si
3481 3567 3564 3612 ex
3622 3548 3842 3612 animo
3886 3547 4188 3612 conversi
4230 3544 4494 3612 fuerint.

2553 3637 2926 3702 Teneamus
2969 3655 3144 3719 ergo,
3185 3633 3316 3699 Dei
3358 3631 3867 3699 misericordiam
3902 3632 4177 3716 perditis
4209 3631 4497 3697 homini-

2553 3720 2676 3788 bus
2718 3721 2959 3799 offerri,
3004 3729 3071 3786 et
3115 3720 3228 3804 qui
3271 3722 3342 3786 in
3385 3716 3714 3803 profunda
3756 3717 4228 3801 desperationis
4262 3717 4496 3798 abysso

2552 3828 2671 3873 sua
2714 3807 2910 3890 culpa
2950 3805 3229 3872 demersi
3275 3813 3462 3886 sunt,
3508 3825 3584 3870 ac
3625 3806 3682 3870 si
3725 3802 3811 3869 ad
3851 3806 4097 3870 inferos
4138 3824 4341 3888 usque
4383 3823 4496 3887 pe-

2552 3905 2863 3961 netraret.
2965 3892 3162 3958 Unde
3219 3893 3418 3957 etiam
3481 3891 3806 3973 sequitur,
3887 3890 4116 3975 poenis
4193 3888 4496 3957 omnibus

2550 3981 2736 4064 quasi
2778 3977 3061 4046 stimulis
3103 3980 3327 4063 pigros
3371 3997 3446 4042 ac
3502 3977 3723 4042 tardos
3765 3978 3985 4062 urgeri
4029 3975 4114 4042 ad
4157 3975 4497 4058 poeniten-

2551 4068 2744 4131 tiam:
2804 4066 3032 4151 plagas
3088 4085 3242 4132 vero
3295 4063 3591 4129 duriores
3650 4062 3733 4128 ad
3786 4060 4219 4148 frangendam
4264 4081 4492 4127 eorum

2552 4151 2862 4217 duritiem
2906 4149 3198 4216 tendere.
3266 4149 3484 4217 Simul
3526 4156 3751 4214 tamen
3793 4147 4156 4215 notandum
4200 4155 4320 4227 est,
4358 4148 4496 4214 sin-

2551 4237 2768 4322 gulari
2809 4237 3153 4321 privilegio
3209 4236 3381 4303 hanc
3442 4236 3723 4319 gratiam
3763 4233 3896 4301 Dei
3951 4233 4259 4301 ecclesiae
4315 4234 4494 4299 fieri:

2550 4323 2745 4390 sicuti
2804 4322 2997 4405 paulo
3059 4331 3210 4408 post
3272 4323 3513 4387 diserte
3568 4321 3789 4387 Moses
3854 4341 4115 4388 causam
4182 4320 4494 4403 assignat,

2549 4409 2722 4494 quod
2765 4409 2949 4474 Deus
3002 4429 3257 4475 memor
3312 4408 3579 4474 futurus
3635 4408 3722 4472 sit
3762 4406 4043 4473 foederis
4085 4405 4206 4472 sui.
4295 4404 4495 4472 Unde

2548 4495 2784 4580 liquet,
2845 4495 3064 4561 Deum
3121 4496 3448 4580 gratuitae
3514 4514 3672 4559 suae
3735 4494 4101 4578 adoptionis
4169 4500 4492 4575 respectu,

2549 4581 2904 4665 propitium
2940 4578 3081 4646 fore
3114 4579 3406 4665 indignis
3440 4601 3602 4664 quos
3636 4580 3850 4663 elegit.
3915 4580 4025 4645 Ex
4060 4598 4188 4661 quo
4223 4598 4489 4644 rursum

2550 4668 2920 4745 conficitur,
3000 4665 3193 4732 modo
3263 4687 3345 4732 ne
3421 4664 3807 4734 claudamus
3873 4665 4057 4731 nobis
4121 4663 4285 4748 ipsis
4348 4664 4490 4746 spei

2548 4753 2847 4834 ianum,
2905 4752 3204 4837 quamvis
3258 4753 3642 4819 innumeras
3690 4760 3937 4818 mortes
3995 4748 4218 4816 meriti
4260 4749 4487 4828 simus,

2549 4841 2767 4905 Deum
2790 4850 3013 4906 tamen
3047 4838 3130 4903 ad
3165 4860 3285 4904 nos
3319 4837 3444 4904 sibi
3479 4835 3988 4906 reconciliandos
4021 4837 4198 4902 ultro
4230 4855 4490 4918 semper

2547 4945 2887 4993 occurrere
2904 4975 2919 5000 ,
2978 4934 3237 4990 tantum
3290 4924 3517 4990 foedus
3560 4946 3600 4990 a
3642 4945 3768 5008 quo
3810 4931 4035 4989 nostra
4077 4923 4268 5006 culpa
4310 4920 4486 4986 exci-

2547 5012 2782 5090 dimus,
2829 5012 3012 5095 quasi
3054 5009 3381 5094 naufragii
3423 5010 3716 5077 tabulam
3758 5030 3926 5093 quae
3961 5030 4079 5076 nos
4113 5008 4182 5073 in
4220 5017 4486 5091 portum

2544 5098 2761 5165 salvos
2797 5096 3049 5164 deferat
3082 5097 3572 5182 amplectamur.
3660 5095 3873 5161 Probe
3918 5116 4078 5161 vero
4114 5090 4485 5178 expendere

2546 5183 2856 5251 convenit
2896 5204 3057 5267 quos
3103 5185 3209 5251 hic
3251 5190 3712 5250 commemorat
3733 5180 3956 5248 Moses
3998 5180 4485 5264 resipiscentiae

2543 5270 2818 5337 fructus.
2908 5271 3133 5337 Primo
3175 5271 3314 5336 loco
3354 5269 3623 5351 ponitur
3672 5266 4023 5334 confessio:
4082 5286 4217 5332 non
4271 5265 4484 5351 qualis

2544 5357 2835 5442 exigitur
2875 5357 2996 5423 sub
3039 5365 3303 5442 papatu,
3345 5364 3421 5422 ut
3453 5375 3524 5420 se
3558 5354 3782 5421 miseri
3816 5353 4116 5420 homines
4149 5353 4221 5418 in
4255 5372 4481 5419 aurem
