5017 6142
498 437 583 504 45

496 628 809 711 quisieris
857 648 997 693 eum
1040 631 1158 693 toto
1198 626 1377 695 corde
1420 632 1541 706 tue,
1587 632 1644 692 et
1685 630 1810 692 tota
1857 625 2075 692 eninm
2118 629 2248 690 tua.
2338 624 2442 690 30.

508 715 716 795 Quum
768 712 968 796 fuerit
1034 712 1148 778 tibi
1201 715 1497 797 anqustia
1513 764 1529 791 ,
1601 713 2061 792 invenerintque
2123 717 2180 776 te
2232 711 2446 776 omnia

500 800 646 879 ista,
687 799 759 863 in
800 800 1167 866 novissimis
1206 799 1426 865 diebus
1467 800 1529 864 si
1561 819 1852 864 reversus
1891 797 2096 879 fueris
2140 796 2226 861 ad
2269 796 2446 861 18118-

500 905 648 950 vam
688 884 901 949 Deum
956 890 1163 965 tuum,
1222 891 1280 951 et
1314 885 1622 966 parueris
1664 886 1797 950 voci
1839 885 2007 949 eius:
2092 882 2195 950 31.
2245 883 2446 966 (Quia

500 970 654 1035 deus
708 971 1067 1036 misericors
1121 976 1209 1037 est
1267 970 1493 1037 Iekova
1536 969 1719 1036 Deus
1771 972 1942 1054 tuus)
2008 989 2130 1034 non
2185 967 2446 1033 derelin-

499 1061 640 1138 quet
685 1060 742 1121 te
758 1107 774 1134 ,
829 1076 1020 1139 neque
1078 1057 1393 1138 disperdet
1447 1061 1503 1121 te
1518 1108 1533 1135 ‚
1593 1077 1784 1138 neque
1841 1056 2226 1121 obliviscetur
2265 1055 2445 1136 pacti

487 1147 756 1223 patrum
797 1146 1049 1207 tuorum
1090 1144 1165 1209 de
1206 1163 1328 1225 quo
1370 1143 1610 1208 iuravit
1653 1142 1803 1207 illis.

669 1311 772 1378 25.
846 1314 1050 1394 Quum
1086 1314 1400 1397 yenueris.
1488 1313 1778 1378 Tametsi
1821 1311 2012 1377 initio
2054 1312 2260 1378 solam
2305 1311 2443 1376 ido-

494 1399 822 1464 lolatriam
890 1400 1303 1483 perstringit,
1383 1399 1537 1481 quia
1600 1409 1823 1464 tamen
1889 1399 2227 1464 occasione
2289 1396 2443 1462 inde

495 1494 761 1569 sumpta
825 1485 1225 1570 generaliter
1300 1485 1635 1550 invehitur
1707 1492 1935 1548 contra
1999 1484 2161 1568 legis
2226 1492 2441 1548 trans·

494 1591 859 1655 gressores,
924 1592 1330 1654 poenamque
1386 1572 1467 1636 iis
1535 1570 1919 1649 denunciat,
1988 1570 2201 1636 locum
2270 1570 2444 1635 hunc

492 1656 668 1722 inter
711 1657 1082 1723 sanctiones
1128 1656 1373 1723 referre
1419 1656 1683 1740 placuit.
1776 1654 2019 1722 Severe
2061 1657 2194 1721 iam
2240 1657 2441 1719 inter-

494 1742 754 1807 dixerat
796 1765 878 1807 ne
923 1742 1006 1807 ad
1050 1741 1224 1808 idola
1269 1742 1715 1808 deflecterent:
1762 1761 1940 1806 nunc
1983 1741 2256 1806 eandem
2295 1740 2442 1806 doc-

492 1829 734 1894 trinam
802 1827 885 1893 ad
951 1839 1222 1913 nepotes
1288 1838 1625 1912 totumque
1705 1848 1913 1912 genus
1985 1827 2161 1892 ultra
2226 1836 2442 1892 trans-

490 1915 734 1979 mittit:
771 1936 848 1981 ac
871 1915 928 1979 si
964 1914 1228 1994 diceret,
1266 1914 1551 1980 fideliter
1573 1913 1976 1978 manendum
2000 1933 2143 1979 8888
2177 1914 2246 1977 111
2275 1933 2444 1996 puro

490 2000 622 2066 Dei
665 2000 869 2080 cultu,
914 2020 1048 2064 non
1093 2000 1304 2066 solum
1341 2023 1426 2065 ne
1462 2023 1530 2066 se
1573 2000 1840 2084 privent
1877 1999 2181 2083 ingressu
2229 2007 2445 2063 terrae

492 2086 847 2167 Chanaan,
908 2108 1136 2151 verum
1197 2086 1393 2151 8118111
1457 2107 1540 2151 118
1594 2085 1950 2169 tranquilla
2004 2086 2145 2150 eius
2188 2084 2444 2150 habita-

489 2172 670 2237 tione
693 2171 804 2237 diu
833 2171 1038 2255 potiti,
1079 2172 1233 2237 inde
1262 2172 1709 2255 expellantur:
1793 2180 2005 2235 oterat
2040 2170 2214 2236 enim
2245 2169 2447 2254 longa

492 2259 815 2342 possessio
873 2258 1225 2324 securitate
1280 2270 1345 2322 et
1401 2258 1573 2325 fastu
1632 2257 1713 2322 ob
1763 2278 1954 2322 urare
2020 2278 2243 2323 eorum
2303 2257 2443 2321 ani-

493 2364 671 2423 mos,
716 2362 790 2409 ac
837 2345 893 2409 si
952 2343 1134 2408 nulla
1179 2343 1471 2408 timenda
1514 2351 1686 2409 esset
1739 2342 2037 2408 mutatio.
2129 2342 2307 2427 Ergo
2361 2363 2444 2407 ne

493 2430 804 2512 temporis
840 2450 1192 2514 progressu
1229 2451 1297 2495 88
1342 2429 1662 2495 stabilitos
1707 2429 1955 2506 confisi,
2000 2426 2084 2492 ad
2127 2429 2443 2493 maiorem

491 2514 826 2581 licentiam
863 2515 1223 2599 provolent,
1266 2537 1462 2598 quam
1497 2515 1660 2598 ipsis
1693 2534 1972 2597 poenam
2003 2520 2157 2579 ante
2200 2515 2444 2579 instare

494 2601 732 2680 docuit,
776 2622 948 2666 nunc
986 2600 1066 2666 ad
1113 2611 1405 2685 posteros
1450 2621 1702 2684 quoque
1746 2601 2175 2673 transituram
2220 2598 2442 2664 admo-

491 2698 637 2752 net:
718 2687 872 2770 quia
934 2685 1079 2752 Deo
1145 2708 1276 2751 non
1360 2687 1582 2752 minus
1647 2686 1836 2753 facile
1902 2688 2028 2750 erit
2090 2685 2442 2750 exturbare

494 2794 718 2838 eorum
776 2772 1130 2855 abnepotes
1188 2795 1270 2838 ex
1327 2773 1545 2856 quieto
1610 2772 1793 2847 nido,
1839 2793 2036 2855 quam
2087 2770 2288 2837 fuerit
2330 2791 2443 2836 888

494 2859 576 2925 811
620 2858 925 2943 ingressu
961 2879 1204 2925 arcere.
1262 2859 1409 2925 Etsi
1455 2869 1676 2924 autem
1712 2858 1792 2923 de
1837 2856 2029 2922 idolis
2072 2877 2445 2923 sermonem

492 2944 727 3024 habet,
795 2943 875 3011 de
953 2944 1406 3010 maledictione
1485 2954 1702 3009 tamen
1787 2944 2210 3011 concionatur
2278 2963 2443 3028 quae

491 3030 829 3114 impendet
887 3030 1282 3115 quibuslibet
1328 3031 1455 3096 Dei
1507 3029 2083 3114 contemptoribus.
2172 3029 2272 3095 Ac
2315 3050 2442 3113 quo

492 3116 952 3183 vehementius
1007 3138 1119 3183 eos
1169 3117 1482 3201 percellat
1546 3116 1996 3193 comminatio,
2064 3114 2317 3182 coelum
2375 3123 2444 3180 et

493 3211 741 3268 terram
786 3210 1220 3269 contestatur:
1268 3223 1344 3269 ac
1385 3203 1442 3269 si
1486 3202 1747 3281 diceret,
1785 3222 1892 3268 res
1936 3222 2186 3285 81188118
2229 3202 2442 3265 inani-

494 3298 708 3354 matas
764 3296 832 3354 et
878 3309 1076 3355 sensu
1121 3298 1420 3354 carentes
1465 3287 1942 3372 quodammodo
1970 3289 2108 3353 fore
2151 3287 2442 3354 conscias

494 3374 822 3441 vindictae
877 3375 1024 3441 Dei.
1117 3373 1310 3455 Quod
1365 3374 1633 3458 angelos
1691 3385 1758 3439 et
1815 3374 2117 3441 homines
2175 3372 2442 3455 quidam

494 3461 983 3545 metonymicas
1038 3460 1367 3545 designari
1425 3469 1695 3545 putant,
1760 3459 2070 3544 frigidum
2116 3470 2243 3540 est,
2288 3478 2442 3522 nam

497 3547 832 3631 aliquanto
894 3558 1041 3630 post
1094 3547 1464 3612 videbimus
1519 3546 1724 3629 repeti
1792 3543 2067 3611 eandem
2132 3543 2443 3627 loquendi

494 3633 790 3698 formam.
877 3633 967 3698 Et
1031 3654 1230 3716 quum
1295 3633 1364 3697 in
1432 3633 1682 3698 cantico
1727 3631 1912 3696 dicit:
1978 3629 2224 3697 Audite
2279 3629 2444 3696 coeli

494 3739 661 3803 quae
706 3719 959 3803 loquor,
1007 3719 1327 3786 auscultet
1369 3726 1578 3797 terra,
1638 3716 2050 3803 hyperbolice
2098 3716 2443 3800 significat,

495 3805 767 3889 dignum
806 3805 942 3870 fore
979 3826 1171 3870 suum
1210 3825 1575 3870 sermonem
1615 3825 1806 3887 quem
1845 3813 2182 3869 creaturae
2217 3823 2443 3868 omnes

495 3891 879 3975 suscipiant.
967 3891 1117 3955 Hoc
1183 3888 1376 3955 modo
1433 3891 1672 3969 Isaias,
1742 3910 1870 3972 quo
1915 3888 2125 3974 magis
2171 3888 2440 3972 pudefa-

496 3977 628 4044 ciat
685 3974 967 4043 Iudaeos
1021 3977 1131 4059 qui
1189 3974 1667 4060 obstupuerant
1723 3977 1795 4040 in
1839 3997 1959 4041 sua
2003 3973 2316 4055 socordia,
2360 3973 2444 4038 ad

495 4063 746 4128 coelum
814 4073 878 4128 et
936 4074 1181 4127 terram
1247 4063 1448 4128 verba
1511 4062 1856 4128 convertit.
1961 4060 2154 4141 Quod
2221 4068 2444 4126 autem

496 4147 747 4214 coelum
815 4159 880 4214 et
952 4156 1197 4213 terram
1278 4157 1475 4213 testes
1552 4147 1831 4213 advocat
1902 4146 2234 4212 vindictae
2298 4147 2445 4228 Dei,

495 4232 883 4301 tantundem
921 4234 1100 4301 valet
1132 4256 1208 4300 ac
1243 4246 1417 4299 certo
1454 4234 1918 4318 apparituram,
1964 4233 2156 4299 sicuti
2191 4234 2443 4299 coelum

498 4327 564 4384 et
628 4331 803 4386 terra
868 4321 1056 4387 nobis
1120 4328 1273 4385 ante
1336 4320 1558 4386 oculos
1625 4327 1991 4385 versantur.
2082 4319 2442 4402 Postquam

496 4414 716 4472 autem
763 4409 1084 4491 perituros
1129 4427 1270 4471 esse
1313 4405 1516 4485 dixit,
1564 4405 1832 4471 modum
1878 4403 2073 4471 simul
2119 4403 2441 4489 designat,

496 4491 674 4575 quod
717 4493 967 4560 scilicet
999 4491 1182 4558 Deus
1225 4491 1356 4558 huc
1400 4501 1465 4556 et
1510 4492 1662 4558 illuc
1705 4512 1816 4556 eos
1860 4489 2215 4573 dissipabit,
2262 4501 2327 4555 et
2360 4490 2442 4556 ad

496 4579 895 4663 paucitatem
941 4579 1208 4662 rediget.
1301 4576 1494 4658 Quod
1539 4580 1857 4661 sequitur,
1902 4574 2255 4642 absurdum
2302 4578 2442 4660 qui-

499 4665 646 4730 dem
705 4662 916 4730 videri
970 4674 1222 4748 posset,
1279 4665 1429 4747 quia
1481 4665 1655 4729 inter
1755 4684 1954 4728 oenas
2002 4663 2254 4728 censeri
2309 4683 2441 4727 11811

497 4750 724 4816 debuit
774 4749 946 4834 apud
1006 4759 1268 4816 exteros
1318 4751 1567 4816 servire
1611 4746 1717 4813 ido
1745 4750 1821 4827 is,
1881 4768 2156 4832 quorum
2192 4748 2441 4813 cultum

496 4835 673 4901 ultro
719 4837 786 4902 111
820 4858 940 4902 8118
971 4845 1147 4902 18118
1190 4837 1670 4920 appetiverant:
1719 4834 1833 4901 sed
1877 4835 1946 4899 in
1990 4842 2299 4918 promptu
2343 4845 2445 4900 est

499 4923 754 5000 solutio,
800 4944 1004 5006 eaque
1036 4922 1296 5006 duplex,
1343 4921 1453 4986 vel
1497 4922 1800 4988 exsilium
1824 4922 2063 4986 iustam
2101 4919 2234 4985 illis
2278 4940 2446 4985 mer-

498 5007 722 5075 cedem
752 5009 907 5088 sere,
944 5018 1019 5074 ut
1051 5009 1182 5073 illic
1221 5008 1302 5073 ad
1347 5009 1712 5074 satietatem
1746 5028 1946 5090 usque
1977 5007 2279 5071 fruantur
2321 5005 2444 5069 im—

496 5095 686 5179 puris
743 5095 878 5160 suis
938 5094 1294 5161 desideriis.
1384 5093 1491 5158 Ita
1549 5092 1799 5159 suberit
1863 5091 2211 5158 antithesis
2270 5091 2445 5156 inter

498 5181 802 5265 regiones
837 5183 1163 5264 gentium,
1199 5190 1264 5246 81
1313 5189 1555 5245 18118111
1602 5189 1928 5246 sanctam:
1973 5179 2157 5263 quasi
2204 5178 2446 5242 diceret

499 5267 720 5343 Deus,
784 5287 853 5331 se
921 5287 1049 5332 non
1115 5287 1458 5350 passurum
1524 5276 1598 5331 111
1662 5287 1806 5331 88111
1872 5262 2445 5349 superstitionibus

501 5352 866 5436 profanent.
934 5352 1062 5417 Vel
1106 5352 1283 5436 quod
1328 5361 1504 5433 tunc,
1548 5353 1731 5435 quasi
1777 5351 1992 5416 ablato
2030 5349 2192 5428 velo,
2238 5348 2439 5433 pude-

1479 435 2062 504 SANO'PIONES
2108 438 2171 502 A
2217 430 3011 521 PROMISSIONIBUS
3060 435 3177 501 ET
3220 435 3507 503 MINIS.

2495 624 2502 753 l

4412 440 4498 505 46

2549 623 2712 687 fient
2772 622 2927 687 dum
2972 625 3249 691 mortuis
3303 625 3494 691 idolis
3556 626 3807 692 servire
3850 634 4184 711 cogentur.
4272 627 4501 712 Neque

2548 709 2724 773 enim
2761 708 3032 774 dubium
3071 719 3172 775 est
3205 711 3365 794 quin
3399 718 3558 777 tunc
3593 732 3706 777 eos
3751 714 4195 779 vulneraverit
4237 714 4499 780 obscoe-

2547 796 2719 859 nitas
2763 796 2834 858 in
2878 815 3008 878 qua
3049 796 3235 879 prius
3292 796 3416 862 sibi
3471 797 3852 880 placebant:
3912 799 4082 881 quod
4139 798 4496 866 secundum

2545 879 2702 946 alibi
2761 880 2953 947 docui
3007 882 3167 947 mihi
3227 885 3435 967 magis
3475 883 3749 967 placere.
3839 884 4104 950 Interea
4163 885 4494 951 vesaniam

2544 965 2675 1030 illis
2735 967 3116 1049 exprobrat,
3179 966 3349 1051 quod
3405 978 3661 1036 mortua
3712 970 4092 1051 simulacra,
4152 972 4495 1037 materiam

2544 1052 3064 1133 corruptibilem,
3123 1062 3191 1119 et
3242 1075 3405 1137 opus
3449 1076 3764 1121 manuum
3815 1056 4158 1121 hominum
4204 1057 4495 1124 adorent.

2714 1139 2818 1204 29.
2890 1139 3066 1221 Quod
3105 1140 3167 1205 si
3207 1141 3589 1223 requisieris,
3677 1142 3823 1208 Hoc
3887 1163 4142 1226 quoque
4188 1142 4327 1208 loco
4386 1164 4496 1209 eos

2544 1223 2627 1288 ad
2679 1223 2987 1290 fiduciam
3039 1223 3429 1292 obtinendae
3480 1226 3713 1295 veniae
3757 1228 4063 1294 hortatur
4116 1236 4183 1294 et
4225 1230 4494 1295 animat.

2545 1313 2767 1393 Atque
2810 1311 2908 1376 ita
2941 1312 3255 1390 occurrit,
3307 1334 3392 1378 ne
3427 1310 3557 1378 Dei
3600 1333 3802 1378 manu
3846 1314 4139 1397 percussi
4184 1313 4494 1381 absorbe-

2545 1405 2744 1460 antur
2779 1418 2818 1462 a
2853 1396 3155 1463 tristitia:
3202 1396 3566 1481 desperatio
3610 1400 3785 1465 enim
3821 1399 3902 1465 ad
3938 1400 4185 1465 rabiem
4222 1401 4497 1467 miseros

2544 1482 2801 1562 incitat,
2846 1504 2929 1547 ne
2972 1504 3042 1550 se
3089 1482 3233 1549 Deo
3268 1483 3633 1552 subiiciant.
3722 1485 3949 1550 Alium
4006 1486 4212 1570 igitur
4253 1507 4495 1571 poena-

2544 1587 2698 1632 rum
2761 1569 2959 1634 finem
3026 1568 3158 1636 illis
3222 1572 3555 1654 proponit,
3623 1592 3705 1635 ne
3769 1569 4075 1638 desinant
4129 1573 4196 1637 in
4262 1572 4495 1638 mediis

2545 1655 2878 1720 aerumnis
2943 1664 3211 1738 gustare
3276 1657 3406 1722 Dei
3474 1657 3861 1738 bonitatem,
3941 1677 4104 1741 quae
4169 1658 4344 1741 ipsos
4410 1656 4495 1722 ad

2544 1739 3061 1822 resipiscentiam
3120 1742 3374 1808 invitet.
3464 1742 3691 1826 Neque
3734 1744 3910 1808 enim
3970 1745 4159 1809 aliter
4201 1763 4496 1828 unquam

2545 1825 2627 1891 ad
2679 1826 2897 1891 Deum
2957 1828 3402 1909 quaerendum
3444 1849 3515 1894 88
3559 1828 3855 1913 accinget
3911 1837 4239 1912 peccator,
4298 1849 4496 1912 quam

2544 1912 2600 1977 si
2666 1931 2816 1976 eum
2882 1914 3279 1979 exorabilem
3344 1915 3687 1998 concipiat.
3798 1915 4149 1981 Caeterum
4219 1936 4374 1981 vere
4428 1921 4497 1980 81

2545 1998 2716 2062 88118
2777 1998 2858 2061 811
2924 2018 3152 2064 88118111
3220 2010 3507 2066 mentem
3568 2000 3778 2067 redire
3833 2002 4042 2080 iubet,
4109 2001 4263 2083 quia
4328 2000 4498 2067 nihil

2544 2082 2963 2149 simulatione
3035 2105 3152 2152 sua
3223 2087 3584 2168 proficient.
3693 2084 3953 2153 Scimus
4028 2094 4244 2152 81118111
4325 2086 4496 2151 1111111

2544 2169 2759 2253 magis
2821 2191 2962 2237 esse
3025 2172 3312 2254 proclive
3374 2192 3569 2255 quam
3632 2172 4062 2257 ingemiscere
4128 2173 4211 2238 ad
4275 2173 4494 2238 Deum

2544 2256 2798 2340 quoties
2863 2255 3052 2322 malis
3117 2279 3197 2322 ur
3244 2276 3472 2323 emur:
3536 2257 3649 2323 ubi
3715 2269 3936 2324 autem
4004 2258 4201 2324 datur
4278 2259 4497 2342 aliqua

2544 2340 2895 2421 relaxatio,
2940 2363 3090 2407 mox
3135 2364 3174 2407 a
3261 2344 3602 2428 ingenium
3648 2342 3879 2410 redire.
3961 2343 4233 2412 Sincera
4275 2344 4497 2427 itaque

2545 2428 2885 2494 conversio
2928 2429 3359 2512 praecipitur:
3418 2430 3570 2513 quia
3604 2437 3815 2495 totum
3851 2450 3961 2495 cor
4003 2429 4275 2513 perinde
4320 2430 4499 2496 valet

2546 2526 2743 2596 atque
2786 2513 3116 2598 integrum
3135 2566 3150 2593 ,
3199 2514 3368 2599 quod
3423 2516 3776 2599 opponitur
3813 2514 4100 2600 duplici,
4161 2516 4260 2582 vel
4305 2519 4493 2582 ficto:

2544 2597 2740 2684 idque
2786 2600 3145 2666 notandum
3190 2610 3318 2680 est,
3377 2622 3460 2667 ne
3503 2602 3908 2668 infirmitatis
3955 2610 4217 2667 nostrae
4261 2623 4495 2667 sensus

2546 2707 2666 2752 nos
2715 2686 3075 2752 conturbet.
3163 2686 3335 2753 Nam
3397 2687 3550 2772 quia
3590 2688 3735 2754 fieri
3792 2688 4047 2772 nequit,
4093 2696 4167 2751 ut
4209 2708 4280 2752 88
4328 2697 4497 2753 18188

2548 2772 2693 2837 1)88
2740 2771 3043 2838 homines
3097 2772 3435 2854 addicant,
3480 2782 3809 2859 torporem
3865 2773 3998 2840 illis
4040 2771 4295 2840 inducit
4336 2792 4495 2838 81188

2547 2857 2876 2923 tarditatis
2939 2859 3244 2942 cognitio.
3332 2859 3569 2944 Atqui,
3637 2859 3828 2927 modo
3894 2880 3976 2925 118
4046 2858 4495 2924 fraudulenter

2548 2964 2852 3096 agalmus,
2931 2953 3184 3011 certum
3264 2954 3367 3012 est
3433 2947 3899 3030 poenitentiam
3978 2953 4266 3011 nostram
4348 2945 4494 3009 Deo

2595 3050 2669 3096 ro
2715 3051 2832 3096 811.

2547 3052 2593 3115 P
2720 3115 2821 3181 30.
2897 3116 3101 3199 Quum
3138 3117 3336 3200 fuerit
3374 3117 3488 3184 tibi
3529 3119 3843 3202 anyustia.
3933 3116 4063 3183 Hic
4117 3135 4365 3198 poenas
4405 3114 4491 3181 ab

2549 3200 2833 3267 utilitate
2896 3201 3003 3267 vel
3065 3204 3286 3269 fructu
3348 3202 3779 3271 commendat.
3868 3202 4042 3267 Nam
4104 3199 4278 3284 quod
4336 3200 4494 3267 dicit

2549 3286 2935 3369 Apostolus,
2994 3290 3402 3371 experientia
3459 3291 3836 3367 confirmat,
3882 3288 4377 3372 castigationem
4422 3288 4489 3351 in

2546 3373 2917 3455 praesentia
3003 3375 3275 3439 minime
3379 3376 3726 3440 iucundam
3813 3396 3989 3454 esse,
4078 3372 4193 3439 8811
4271 3373 4492 3457 potius

2545 3458 2886 3553 molestam
2934 3467 2998 3522 et
3052 3459 3383 3525 acerbam:
3430 3460 3859 3544 tranquillum
3903 3480 4064 3526 vero
4108 3468 4175 3524 et
4217 3479 4492 3525 suavem

2545 3544 2836 3609 iustitiae
2883 3546 3168 3610 fructum
3216 3544 3297 3610 ab
3332 3546 3412 3612 iis
3454 3548 3700 3630 percipi
3745 3549 3856 3629 qui
3892 3548 3960 3611 in
3997 3566 4076 3611 ea
4110 3553 4266 3611 sunt
4309 3565 4494 3609 exer-

2546 3630 2748 3696 citati.
2836 3630 3017 3715 Ergo
3085 3653 3168 3696 ne
3225 3632 3350 3698 Dei
3417 3631 3650 3698 ferulis
3728 3642 4226 3716 exasperentur,
4294 3630 4491 3696 utiles

2544 3716 2704 3800 ipsis
2771 3737 2911 3782 esse
2978 3717 3338 3799 praedicat:
3408 3719 3560 3802 quia
3619 3739 3952 3802 nunquam
4020 3739 4091 3785 se
4146 3717 4226 3782 ad
4272 3717 4491 3782 Deum

2545 3810 2931 3869 convertent
2973 3803 3103 3868 nisi
3146 3805 3434 3870 remedio
3479 3803 3591 3870 illo
3635 3804 3859 3870 adiuti.
3949 3796 4303 3887 Postquam
4360 3800 4490 3888 (in-

2546 3888 2716 3975 quit)
2758 3898 3095 3972 correptus
3136 3890 3339 3956 fueris
3374 3888 3502 3956 Dei
3549 3888 4126 3971 maledictionibus,
4169 3891 4225 3953 si
4270 3889 4489 3953 Deum

2547 3975 2905 4059 quaesieris
2950 3975 3268 4042 invenies.
3346 3976 3551 4044 Porro
3591 3977 3759 4044 bene
3803 3974 4108 4060 sperandi
4150 3973 4492 4039 materiam

2547 4060 2748 4126 sumit
2806 4069 2941 4126 tam
2986 4082 3026 4126 a
3067 4063 3198 4128 Dei
3262 4071 3500 4129 natura
3564 4084 3761 4148 quam
3819 4085 3859 4127 a
3902 4061 4178 4128 foedere.
4266 4058 4489 4124 Deum

2546 4146 2682 4212 illis
2723 4146 3108 4230 placabilem
3169 4147 3310 4213 fore
3368 4148 3588 4227 docet,
3649 4149 3799 4231 quia
3843 4159 4079 4213 natura
4123 4144 4492 4211 misericors

2549 4241 2680 4299 est:
2753 4230 2867 4298 sed
2926 4232 3135 4299 altera
3198 4235 3603 4301 confirmatio
3661 4233 3901 4299 certior
3958 4253 4034 4299 ac
4093 4230 4491 4310 familiarior,

2545 4316 2720 4469 18118ιά
2778 4318 3026 4386 88111881
3083 4318 3230 4383 11188
3288 4320 3410 4386 sibi
3469 4321 3650 4386 Deus
3710 4318 4119 4402 adoptaverit
4176 4324 4490 4401 perpetuo

2571 4425 2647 4471 oe
2695 4425 2821 4470 ere.

3126 4746 3259 4813 EX
3302 4747 3571 4815 DEUT.
3639 4745 3908 4813 XXIX.

2720 4921 2804 4985 10
2829 4925 2895 4997 ¹).
2968 4919 3091 4987 Vos
3123 4919 3392 4987 adstatis
3424 4918 3602 4985 hodie
3633 4938 3840 4985 omnes
3874 4938 3982 4985 vos
4012 4937 4220 4983 eoram
4262 4914 4493 4981 Iehova

2546 5004 2684 5072 Deo
2708 5011 2924 5085 vestre,
2950 5006 3279 5088 principes
3305 5007 3494 5071 vestri
3525 5005 3800 5071 tribuum
3822 5009 4188 5080 vestrarum,
4216 5001 4493 5069 seniores

2545 5093 2755 5171 vestri,
2801 5097 2860 5157 et
2879 5092 3182 5174 praefecti
3216 5092 3421 5170 vestri,
3464 5110 3673 5157 omnes
3705 5092 3832 5156 viri
3867 5088 4090 5155 Israel.
4172 5088 4271 5154 11.
4324 5086 4490 5153 Par·

2544 5176 2681 5241 vuli
2722 5178 2912 5243 vestri
2927 5228 2944 5257 ‚
2986 5196 3216 5243 uxores
3257 5181 3493 5243 vestrae
3508 5228 3524 5257 ,
3566 5182 3623 5243 et
3651 5176 3977 5260 pereqrini
4019 5175 4116 5239 tui
4158 5176 4272 5258 qui
4315 5173 4489 5240 habi·

2725 5364 2783 5434 1)
2819 5365 2984 5421 Hebr.
3018 5364 3208 5421 9-20.
