5017 6142
448 472 575 538 129

449 661 552 727 74.
603 659 900 726 Cochlear
950 679 1148 725 unum
1195 660 1394 725 decem
1439 658 1765 739 siclorum,
1808 679 2089 742 auretam
2123 660 2386 741 plenum

445 748 687 830 suffitu.
779 745 880 811 75.
920 746 1230 812 Iuvencus
1264 765 1429 811 unus
1461 745 1640 827 filius
1673 746 1958 824 armenti,
1998 746 2167 810 aries
2201 766 2384 825 unus,

446 853 651 919 aynus
671 853 839 898 unus
858 833 930 897 in
951 832 1384 899 holocaustum.
1447 832 1548 897 76.
1586 830 1826 896 Hircus
1859 850 2200 911 caprarum
2221 849 2387 896 unus

432 915 1129 1085 {semmam
1148 916 2389 1086 mmmmm..

448 1092 624 1157 Haec
642 1092 772 1173 fuit
794 1090 1017 1155 oblatio
1039 1089 1257 1173 Payiel
1273 1088 1401 1170 filii
1431 1088 1711 1154 Ochran:
1759 1090 1858 1155 78.
1888 1087 2013 1154 Die
2034 1088 2387 1154 duodecimo

435 1179 734 1261 princeps
772 1175 1053 1257 filiorum
1092 1174 1452 1255 Nephthali,
1499 1174 1712 1239 Ahira
1749 1174 1924 1252 filius
1968 1173 2194 1239 Enan:
2283 1172 2383 1238 79.

455 1262 695 1329 Oblatio
730 1263 869 1327 eius
907 1261 1038 1343 fuit
1067 1264 1299 1343 patina
1333 1266 1619 1344 arqentea
1655 1280 1806 1341 una,
1841 1265 2079 1325 centum
2122 1261 2385 1343 triqinta

446 1349 742 1415 siclorum
795 1348 1043 1429 pondus
1105 1349 1267 1412 eius.-
1317 1345 1545 1426 phiala
1595 1365 1726 1409 una
1770 1351 2084 1430 amentem
2142 1351 2385 1427 septua-

440 1436 622 1518 ginta
672 1434 967 1498 siclorum
981 1483 997 1512 ,
1061 1432 1396 1498 secundum
1450 1432 1673 1497 siclum
1731 1433 2112 1497 sanctuarii.-
2169 1432 2387 1497 ambae

444 1516 2387 1685 intermine

445 1689 687 1772 suffitu.
778 1690 879 1755 81.
920 1691 1227 1755 Iuvencus
1261 1709 1427 1754 unus
1457 1689 1640 1770 silius
1675 1689 1960 1767 armenti,
1999 1690 2169 1755 aries
2201 1709 2384 1769 unus,

446 1796 652 1860 aynus
708 1795 877 1841 unus
919 1777 1254 1841 anniculus
1314 1776 1384 1839 in
1440 1774 1881 1841 holocaustum.
1981 1775 2082 1840 82.
2144 1773 2386 1840 Hircus

446 1881 795 1943 caprarum
847 1881 1014 1926 unus
1059 1881 1184 1942 pro
1215 1865 1503 1941 peccato.-
1602 1861 1705 1926 83.
1763 1860 1853 1924 Et
1894 1879 2019 1941 pro
2075 1861 2385 1942 sacrificio

434 1949 950 2031 prosperitatum,
995 1948 1172 2012 boves
1216 1948 1360 2025 duc,
1406 1946 1633 2012 arietes
1676 1946 1963 2027 quinque,
2002 1944 2165 2011 hirci
2206 1946 2385 2027 quin-

445 2055 579 2116 que,
626 2035 777 2114 ayni
816 2032 1100 2098 anniculi
1142 2034 1431 2115 quinque.
1523 2032 1696 2096 Haec
1732 2032 1861 2114 fuit
1901 2031 2125 2097 oblatio
2168 2031 2385 2096 Ahira

439 2120 571 2202 filii
628 2119 839 2186 Enan.
928 2118 1029 2183 84.
1089 2118 1263 2183 Haec
1315 2118 1446 2198 fuit
1476 2118 1780 2183 dedicatio
1822 2117 2079 2197 altaris,
2118 2118 2223 2184 die
2264 2137 2384 2199 quo

443 2210 703 2271 unctum
748 2205 878 2287 fuit
934 2225 976 2269 a
1023 2204 1422 2286 principibus
1480 2202 1722 2269 Israel.-
1768 2204 2031 2283 patinae
2062 2209 2386 2286 arqenteae

444 2292 788 2370 duodecim,
822 2289 1083 2372 phialae
1135 2294 1452 2372 arqenteae
1491 2289 1815 2355 duodecim
1829 2339 1844 2364 ,
1891 2288 2231 2355 cochlearia
2275 2308 2385 2353 au·

444 2397 557 2442 rea
597 2377 939 2443 duodecim.
1029 2376 1131 2441 85.
1177 2374 1434 2445 Centum
1474 2375 1738 2457 triyinta
1771 2375 2068 2440 siclorum
2101 2380 2232 2439 erat
2262 2395 2383 2456 pa-

444 2464 584 2528 tina
641 2482 772 2528 una
830 2467 1147 2545 arqentea,
1205 2467 1261 2525 et
1302 2461 1697 2544 septuayinta
1731 2459 1962 2542 phiala
2006 2481 2170 2525 una.-
2211 2481 2385 2527 omne

446 2554 773 2633 amentum
813 2568 1139 2629 vasorum,
1205 2548 1330 2612 duo
1371 2547 1581 2611 millia
1637 2550 1691 2609 et
1734 2546 2173 2628 quadrinyevzti
2223 2547 2380 2623 sicli,

446 2636 784 2701 secundum
839 2632 1063 2698 siclum
1118 2634 1486 2704 sanctuarii.
1585 2631 1685 2697 86.
1760 2630 2123 2696 Cochlearia
2190 2652 2388 2697 aurea

446 2720 771 2787 duodecim
802 2719 997 2801 plena
1040 2719 1291 2800 suffitu.-
1333 2720 1533 2783 decem
1575 2718 1869 2782 siclorum
1914 2722 2090 2781 erant
2125 2717 2384 2782 cochlea-

444 2808 555 2872 ria
596 2806 931 2873 secundum
952 2804 1208 2887 pondus
1251 2804 1634 2870 sanctuarii.-
1676 2823 1851 2867 omne
1893 2823 2125 2867 aurum
2166 2803 2389 2869 cochle-

446 2894 661 2957 arium
677 2944 691 2967 ,
752 2896 991 2956 centum
1062 2891 1288 2973 viqinti
1362 2890 1675 2956 siclorum.
1768 2889 1867 2955 87.
1934 2888 2158 2954 Omnes
2216 2888 2389 2954 boves

446 2980 520 3043 in
573 2978 1023 3055 holocaustuum
1077 2976 1396 3043 duodecim
1456 2976 1695 3040 iuvenci
1712 3025 1726 3052 ,
1783 2977 2008 3040 arietes
2050 2975 2386 3053 duodecim,

448 3065 601 3148 ayn-i
644 3062 929 3127 anniculi
969 3062 1304 3138 duodecim,
1351 3081 1489 3127 cum
1529 3060 1747 3126 minha
1787 3062 2097 3141 ipsorum:
2132 3066 2189 3125 et
2229 3060 2389 3125 hirci

448 3146 2129 3316 tvpt0mss0023dsswm⁰t⁶ffffssssff⁶w¹²²¹²⁶?
2148 3153 2390 3297 alm

448 3322 674 3387 arietes
716 3321 1063 3403 sexaqinta,
1107 3319 1269 3384 hirci
1301 3320 1646 3402 sera-qima,
1690 3320 1842 3401 aqni
1885 3319 2168 3384 anniculi
2202 3339 2385 3383 sexa·

445 3408 644 3490 qanta.
739 3404 913 3472 Haec
955 3406 1084 3488 fuit
1146 3405 1448 3471 dedicatio
1503 3405 1735 3469 altaris
1766 3409 2104 3485 postquam
2136 3410 2388 3470 unctum

446 3494 593 3576 fuit.
685 3490 789 3557 89.
857 3492 1060 3573 Quum
1098 3496 1303 3557 autem
1348 3489 1808 3575 inyrediebatur
1852 3489 2066 3554 Moses
2107 3490 2388 3556 taberna-

450 3579 660 3644 culum
716 3578 1134 3642 conventionis
1152 3628 1168 3654 ‚
1227 3582 1297 3642 ut
1353 3577 1702 3660 loqueretur
1758 3596 1900 3641 cum
1944 3595 2038 3651 eo,
2099 3575 2392 3641 audiebat

448 3684 651 3730 vocem
707 3663 1011 3746 loquentis
1068 3664 1153 3726 ad
1208 3683 1275 3729 se
1332 3683 1364 3727 e
1394 3661 1859 3744 propitiatorio,
1904 3662 2066 3742 quod
2110 3668 2248 3726 erat
2286 3682 2390 3728 su-

435 3771 562 3833 per
613 3769 829 3815 aream
886 3749 1222 3814 testimonii
1276 3749 1438 3815 inter
1487 3749 1643 3814 duos
1689 3746 2046 3824 Cherubim,
2092 3754 2149 3812 ct
2191 3748 2389 3830 loque-

447 3837 636 3902 batur
678 3836 754 3901 ei.

627 4008 683 4071 1.
744 4004 832 4072 Et
883 4005 1013 4085 fuit
1068 4023 1189 4087 quo
1243 4005 1346 4070 die
1397 4005 1618 4087 finivit.
1706 4005 1890 4068 Haec
1935 4004 2223 4069 secunda
2268 4005 2390 4069 fuit

446 4094 675 4177 populi
718 4092 983 4175 largitio
1027 4102 1177 4175 post
1222 4091 1589 4157 absolutum
1635 4090 2151 4155 tabernaculum.
2241 4091 2387 4155 Etsi

446 4181 630 4244 enim
668 4178 927 4242 nonnisi
963 4177 1335 4261 principum
1372 4179 1450 4240 fit
1486 4176 1751 4253 mentio,
1799 4175 2129 4258 probabile
2167 4184 2384 4241 tamen

445 4275 554 4331 est
588 4285 1117 4347 unumquemque
1155 4284 1238 4328 ex
1282 4262 1445 4346 ipsis
1485 4271 2009 4344 repraesentasse
2044 4261 2214 4344 quod
2250 4270 2389 4327 tota

446 4352 660 4416 tribus
718 4351 1117 4417 contulerat:
1179 4348 1329 4431 quia
1387 4348 1568 4413 nulla
1615 4358 1771 4414 tunc
1816 4348 2059 4431 privati
2102 4347 2386 4413 hominis

444 4445 641 4503 tanta
676 4446 818 4500 erat
846 4436 1141 4511 facultas,
1188 4442 1264 4498 ut
1293 4432 1373 4499 de
1417 4455 1546 4499 suo‘
1568 4452 1897 4518 promeret
1943 4443 2197 4498 tantum
2243 4435 2384 4498 auri

446 4532 521 4588 et
577 4523 849 4605 argenti.
942 4520 1180 4587 Statue
1226 4520 1463 4604 igitur,
1528 4520 1699 4603 quod
1759 4542 1796 4585 a
1848 4519 1982 4584 suis
2040 4518 2386 4584 tribulibus

452 4616 864 4692 acceperant,
924 4608 1253 4673 communi
1309 4607 1604 4671 omnium
1664 4606 1922 4670 nomine
1968 4614 2033 4668 et
2080 4603 2387 4670 mandato

447 4692 826 4759 adduxisse.
916 4696 1289 4776 Antequam
1336 4701 1556 4756 tamen
1602 4692 1774 4756 ultra
1818 4690 2217 4775 progrediar,
2270 4712 2383 4755 no-

362 4791 379 4805 ·
452 4779 729 4845 tandum
755 4789 855 4844 est
886 4780 1202 4845 sacrificia
1237 4800 1369 4842 non
1404 4778 1787 4862 antefuisse
1822 4776 2157 4841 immolata
2190 4797 2384 4859 quam

453 4876 732 4932 unctum
787 4877 966 4930 esset
1019 4864 1484 4931 sanctuarinm.
1576 4863 1838 4928 Dicitur
1891 4871 2109 4927 autem
2168 4861 2386 4928 Moses

452 4954 595 5034 ipse
617 4951 907 5029 unxisse,
944 4951 1112 5015 sicut
1144 4952 1414 5016 fratrem
1455 4949 1724 5015 Aharon
1762 4949 1983 5013 unxit:
2021 4968 2176 5013 nam
2214 4949 2381 5031 quod

453 5047 799 5120 exponunt
867 5037 1165 5120 quidam,
1230 5036 1402 5101 Mosi
1477 5035 1674 5100 tribui
1747 5034 1914 5118 quod
1983 5033 2244 5117 proprie
2315 5036 2383 5100 in

456 5125 733 5189 Aharon
792 5124 1129 5205 competit,
1187 5125 1453 5188 firmum
1512 5142 1645 5185 non
1703 5120 1982 5187 videtur.
2076 5121 2386 5187 Diximus

454 5216 676 5275 autem
726 5208 901 5288 alibi,
949 5209 1161 5274 Deum
1208 5209 1301 5273 ita
1345 5208 1546 5274 libere
1572 5207 1781 5291 signis
1806 5206 2171 5273 visibilibus
2195 5229 2386 5272 usum

453 5316 631 5374 esse,
692 5309 767 5360 ut
825 5296 1102 5379 gratiam
1157 5295 1432 5379 spiritus
1491 5296 1760 5359 minime
1803 5294 2098 5376 personis
2143 5295 2384 5359 astrin-

452 5392 661 5466 geret.
719 5382 902 5465 Ergo
940 5380 1107 5463 quod
1136 5382 1372 5458 Moses,
1418 5382 1530 5464 qui
1575 5382 1712 5464 ipse
1758 5381 2065 5446 unctione
2105 5381 2383 5457 carebat,

599 5482 824 5538 Caluini
851 5497 1032 5550 opera.
1116 5483 1231 5538 Vol.
1268 5481 1389 5536 XX
1400 5483 1458 5537 V.

1858 469 2262 539 REDITUS
2309 472 2436 537 AD
2480 468 3022 537 HISTORIAM.

4311 474 4440 540 130

2491 661 2939 727 sanctuarium
2992 670 3059 726 et
3114 661 3518 727 sacerdotem
3567 662 3789 740 unxit,
3837 661 3992 728 hinc
4037 662 4249 745 palam
4295 663 4434 729 fac·

2492 755 2633 811 tum
2694 755 2796 812 est
2853 748 2989 813 vim
3044 749 3552 814 consecrationis
3612 748 3691 813 ab
3736 748 3875 830 ipso
3934 769 4064 813 non
4123 768 4428 816 manare:

2490 833 2641 914 quia
2702 832 2782 897 de
2839 853 2955 898 suo
3010 854 3141 898 non
3199 843 3454 916 poterat
3507 832 3662 898 dare
3720 832 3889 916 quod
3948 854 4080 899 non
4128 833 4429 901 habebat.

2491 918 2673 1001 Ergo
2725 925 2865 983 tota
2914 919 3250 1002 signorum
3312 921 3516 984 virtus
3578 931 3643 984 et
3701 919 3950 985 utilitas
3996 941 4076 985 ex
4123 920 4259 985 solo
4306 922 4431 987 Dei

2492 1001 2804 1068 mandato
2861 1003 3117 1086 pendet.
3209 1004 3347 1070 Cur
3390 1018 3608 1070 autem
3653 1026 3841 1071 sacra
3877 1007 4178 1071 unctione
4216 1007 4431 1072 taber-

2491 1089 2832 1167 naculum,
2883 1089 3117 1168 altare,
3178 1098 3246 1154 et
3304 1112 3462 1156 vasa
3519 1091 3740 1155 omnia
3791 1090 3994 1156 dicari
4050 1094 4432 1175 oportuerit,

2491 1174 2650 1240 alibi
2687 1176 2905 1239 visum
2944 1188 3061 1241 est.
3131 1176 3262 1240 Hic
3286 1186 3541 1240 tantum
3578 1175 3996 1242 observemus
4031 1199 4163 1243 non
4202 1199 4430 1262 super-

2492 1280 2771 1325 vacuam
2832 1282 2974 1326 esse
3035 1262 3332 1344 copulam
3372 1262 3645 1326 duorum
3694 1263 4065 1341 verborum,
4111 1262 4428 1348 Ungendi

2493 1353 2561 1411 et
2606 1346 3091 1413 sanctificandi:
3140 1356 3215 1411 ut
3258 1349 3538 1413 sciamus
3601 1368 3731 1411 non
3770 1348 4032 1412 irritum
4078 1349 4183 1412 vel
4233 1351 4428 1415 inane

2491 1432 2692 1497 fnisse
2737 1432 3107 1516 symbolum
3155 1433 3300 1509 olei,
3344 1434 3454 1499 cui
3498 1446 3757 1497 annexa
3798 1434 3921 1498 fuit
3964 1454 4137 1514 vera,
4183 1445 4249 1498 et
4293 1435 4427 1517 spi·

2490 1518 2749 1583 ritualis
2794 1519 3139 1584 sanctitas:
3194 1520 3346 1602 quia
3393 1518 3572 1584 Deus
3616 1519 3785 1583 nihil
3829 1519 4070 1585 frustra
4119 1521 4425 1598 instituit,

2491 1604 2606 1668 sed
2655 1624 2890 1669 arcana
2943 1605 3214 1687 spiritus
3274 1607 3517 1670 virtute
3575 1604 3906 1688 implendo
3951 1603 4120 1688 quod
4166 1606 4428 1690 figurat,

2489 1707 2794 1755 veracem
2817 1710 2888 1754 se
2918 1710 3059 1755 esse
3097 1690 3328 1772 probat
3364 1713 3435 1755 re
3464 1691 3626 1773 ipsa.
3675 1692 4014 1774 Principes
4038 1691 4191 1757 dicit
4226 1690 4430 1756 fuisse

2489 1776 2849 1857 praefectos
2903 1777 3298 1853 numeratis,
3346 1776 3467 1839 hoc
3511 1784 3638 1854 est,
3688 1784 3834 1860 post
3877 1787 4093 1842 actum
4135 1798 4424 1855 censum,

2489 1882 2694 1943 quum
2740 1861 3069 1926 distributi
3107 1870 3327 1927 essent
3369 1862 3647 1941 ordines,
3694 1864 3896 1928 fuisse
3932 1862 4169 1927 electos
4213 1863 4281 1926 in
4316 1883 4426 1928 ca-

2490 1947 2626 2029 pita
2680 1948 2989 2011 tribuum.
3091 1947 3261 2011 Nam
3309 1947 3481 2030 quod
3526 1958 3865 2031 exponunt
3924 1948 4215 2031 quidam,
4271 1949 4429 2013 asti-

2488 2034 2646 2097 tisse
2691 2031 2846 2097 dum
2892 2032 3174 2117 populus
3219 2044 3700 2110 numeraretur,
3748 2053 3894 2099 mco
3928 2034 4184 2111 iudici0,
4246 2053 4431 2099 coac-

2489 2127 2627 2183 tum
2667 2127 2785 2182 est.

2664 2203 2724 2268 3.
2776 2203 2901 2269 Sex
2944 2204 3244 2285 plaustra
3305 2208 3533 2286 operta.
3634 2205 3872 2270 Dicata
3928 2206 4194 2269 fuerunt
4264 2203 4426 2271 haec

2489 2289 2788 2374 plaustra
2832 2289 2913 2355 ad
2956 2298 3293 2355 vecturam
3335 2290 3759 2355 tabernaculi.
3850 2290 4210 2356 Columnae
4252 2291 4427 2355 enim

2491 2384 2557 2441 et
2613 2375 2821 2440 mult-a
2877 2373 3007 2440 alia
3064 2375 3303 2460 gestari
3366 2375 3658 2440 humeris
3717 2397 3847 2440 non
3909 2384 4240 2458 poterant:
4283 2375 4429 2441 ideo

2492 2461 2801 2526 dicuntur
2856 2461 3060 2526 fuisse
3116 2470 3370 2544 operta,
3438 2482 3524 2525 ne
3578 2461 3819 2544 pluviis
3874 2462 4158 2526 obnoxia
4209 2469 4430 2527 essent

2489 2568 2653 2631 quae
2697 2547 2832 2613 illic
2876 2548 3381 2630 reponebantur.
3472 2547 3639 2611 Nam
3680 2568 3796 2629 pro
3835 2546 4078 2612 lecticis
4116 2548 4424 2630 accipere,

2489 2633 2674 2698 nullo
2711 2633 2898 2698 modo
2935 2631 3245 2716 quadrat:
3283 2642 3349 2697 et
3389 2632 3666 2717 singulis
3701 2633 4007 2715 plaustris
4045 2632 4431 2716 adiungitur

2489 2741 2613 2804 par
2656 2721 2869 2784 boum.
2951 2718 3140 2784 Unde
3186 2720 3343 2784 satis
3386 2719 3594 2801 liquet
3635 2720 4003 2801 impositam
4049 2717 4183 2782 illic
4226 2719 4428 2783 fuisse

2491 2804 2895 2871 tabernaculi
2953 2806 3326 2884 materiam,
3388 2825 3587 2887 quum
3649 2804 3729 2869 ab
3774 2825 3909 2869 uno
3952 2804 4090 2869 loco
4134 2804 4205 2867 in
4266 2804 4426 2869 alte·

2493 2911 2643 2956 rum
2680 2892 3060 2975 migrarent.
3130 2889 3392 2956 Dicitur
3428 2890 3591 2955 haec
3634 2889 3876 2955 oblatio
3921 2889 4093 2955 facta
4136 2910 4278 2955 esse
4323 2911 4427 2955 co-

2492 2997 2633 3040 ram
2681 2976 2944 3052 Iehova,
2989 2976 3227 3041 deinde
3271 2997 3488 3041 coram
3528 2975 3967 3055 tabernaculo,
4010 2997 4276 3059 prorsus
4320 2996 4426 3041 eo-

2492 3061 2639 3126 dem
2694 3080 2920 3127 sensu:
2982 3062 3134 3144 quia
3177 3060 3407 3128 faciem
3454 3061 3634 3127 illam
3679 3062 4149 3145 quodammodo
4193 3061 4425 3127 indue·

2490 3158 2599 3213 rat
2643 3148 2824 3213 Deus
2878 3147 2947 3211 in
3007 3168 3135 3230 qua
3191 3169 3230 3213 a
3283 3146 3581 3213 fidelibus
3634 3149 4142 3230 conspiceretur.
4232 3147 4425 3229 Quod

2492 3234 2819 3317 sequitur:
2881 3233 3159 3299 Dixerat
3201 3242 3419 3298 autem
3457 3232 3736 3313 Iehova,
3782 3243 3902 3299 etc.
3960 3236 4055 3297 ita
4103 3234 4426 3317 interpre-

2493 3331 2613 3395 tor,
2652 3318 2821 3402 quod
2847 3319 3029 3385 Deus
3067 3341 3107 3384 a
3141 3320 3381 3402 populo
3418 3319 3731 3384 tributum
3772 3319 3894 3385 hoc
3929 3319 4242 3402 exegerit.
4288 3319 4425 3383 Ita·

2491 3425 2620 3488 que
2664 3406 2731 3469 in
2790 3413 3082 3486 tempore
3141 3404 3771 3487 plusquamperfecto
3828 3405 4212 3471 vertendum
4272 3425 4425 3471 cen·

2492 3491 2596 3556 sui
2652 3489 2819 3573 qnod
2879 3491 2991 3554 alii
3039 3499 3344 3556 vertunt:
3391 3490 3582 3556 Dixit
3625 3490 3871 3555 Ichova
3917 3489 3998 3555 ad
4043 3490 4299 3570 Mosen,
4348 3513 4422 3557 ac

2491 3578 2549 3643 si
2605 3597 2739 3641 non
2786 3582 2938 3640 ante
2979 3576 3199 3641 iussus
3242 3577 3471 3641 fuisset
3515 3576 3735 3642 Moses
3778 3597 3855 3641 ea
3892 3575 4182 3659 accipere
4225 3598 4422 3660 quam

2492 3683 2597 3728 res
2671 3663 2961 3728 confecta
3024 3674 3194 3727 esset
3253 3683 3294 3727 a
3346 3662 3687 3744 praefectis
3745 3669 3810 3726 et
3865 3662 4122 3745 populo.
4221 3664 4428 3747 Atqui

2494 3748 2848 3814 verisimile
2915 3754 3015 3811 est
3083 3769 3426 3813 numerum
3488 3747 3933 3831 plaustrorum
3992 3769 4123 3812 non
4177 3756 4424 3814 temere

2492 3834 2694 3898 fuisse
2738 3832 3134 3913 confectum,
3181 3834 3294 3899 sed
3340 3854 3456 3916 pro
3497 3835 3668 3899 iusta
3707 3834 4156 3899 aestimatione
4198 3855 4425 3900 earum

2491 3940 2714 3986 rerum
2758 3939 2921 4003 quae
2966 3918 3321 4003 portandae
3363 3926 3521 3984 erat.

2667 4006 2766 4070 10.
2820 4004 2950 4071 Pro
2990 4005 3371 4071 dedicatione
3410 4005 3657 4070 altaris.
3751 4005 3979 4069 Altera
4016 4004 4263 4086 species
4310 4004 4425 4071 ob-

2493 4091 2780 4168 lationis,
2839 4111 3074 4172 nempe
3118 4111 3198 4154 ex
3240 4111 3625 4172 unaquaque
3674 4090 3848 4155 tribu
3895 4100 4123 4172 patera
4166 4099 4230 4155 et
4277 4090 4424 4174 phi-

2492 4178 2598 4243 ala
2632 4185 2963 4261 argentea,
3001 4175 3235 4241 deinde
3270 4176 3566 4241 cochlear
3610 4197 3901 4252 aureum,
3949 4175 4119 4259 quod
4164 4179 4425 4260 proprie

2490 4284 2782 4329 acerram
2814 4263 3160 4347 significat.
3230 4263 3435 4326 Porro
3473 4262 3708 4326 horum
3748 4282 4047 4326 vasorum
4089 4283 4247 4327 usus
4281 4263 4425 4345 fuit,

2490 4357 2564 4413 ut
2606 4349 2853 4431 pateris
2894 4349 3352 4430 exciperentur
3385 4369 3607 4413 sacrae
3643 4346 3996 4430 placentae,
4041 4348 4277 4430 phialis
4321 4348 4423 4414 vi·

2489 4456 2647 4499 num
2684 4433 3033 4513 libaminis,
3071 4434 3311 4499 acerris
3342 4441 3559 4498 autem
3606 4433 3760 4497 thus
3798 4432 3876 4496 ad
3902 4434 4216 4499 suffitum.
4283 4434 4423 4499 Vo-

2485 4520 2611 4585 luit
2657 4531 2874 4585 autem
2923 4521 3105 4584 Deus
3149 4518 3442 4602 singulas
3495 4519 3703 4584 tribus
3754 4521 4020 4603 propria
4062 4541 4224 4585 vasa
4266 4542 4420 4586 con-

2486 4607 2676 4684 ferre,
2728 4627 2851 4688 quo
2897 4604 3129 4670 melius
3175 4614 3410 4671 testata
3454 4615 3627 4670 esset
3662 4605 4028 4670 communis
4074 4606 4271 4669 totius
4314 4625 4423 4687 po-

2485 4691 2624 4776 puli
2683 4692 2753 4756 in
2812 4691 3149 4758 sacrificiis
3207 4692 3495 4756 societas.
3604 4691 3751 4755 Etsi
3809 4702 4023 4754 autem
4079 4711 4118 4754 a
4176 4689 4417 4773 ponde-

2487 4777 2695 4842 rando
2756 4777 3017 4843 ducitur
3063 4797 3296 4841 nomen
3345 4777 3516 4850 sicli,
3576 4777 3819 4858 ubique
3855 4786 4075 4839 tamen
4120 4775 4256 4840 fere
4301 4797 4419 4859 pro

2488 4884 2762 4928 nummo
2804 4865 3059 4945 signato
3105 4864 3399 4945 ponitur,
3459 4863 3573 4945 qui
3618 4862 3848 4946 viginti
3894 4860 4116 4926 obolos
4161 4861 4418 4926 valebat

2488 4963 2562 5013 ut
2606 4960 2758 5014 ante
2797 4949 3083 5013 vidimus
3129 4948 3229 5014 23.
3277 4969 3413 5030 cap.
3461 4948 3694 5014 Exodi.
3782 4947 4094 5029 Iosephus
4139 4957 4418 5028 quatuor

2487 5035 2816 5101 drachmis
2873 5036 3084 5100 atticis
3137 5037 3454 5099 aestimat.
3545 5032 3842 5099 Ezechiel
3902 5043 4118 5096 autem
4180 5032 4290 5097 ubi
4344 5033 4415 5098 in

2486 5121 2785 5186 fraudem
2820 5121 3176 5197 invehitur,
3212 5121 3382 5204 quod
3418 5122 3664 5184 iustum
3712 5118 3961 5200 pondus
4007 5118 4414 5198 minuissent,

2486 5214 2829 5291 postquam
2887 5208 3169 5290 pretium
3228 5208 3455 5272 statuit
3520 5205 3754 5288 viginti
3813 5201 4063 5280 obolos,
4117 5203 4416 5290 adiungit

2488 5294 2747 5357 tertiam
2793 5314 2934 5358 esse
2976 5301 3231 5377 partem
3274 5292 3479 5357 librae
3517 5291 3618 5356 vel
3665 5289 3898 5353 minae.
3991 5287 4121 5354 Sed
4169 5311 4413 5357 memo-

2487 5379 2589 5443 ria
2634 5379 3060 5462 repetendum
3106 5386 3208 5443 est
3251 5375 3417 5460 quod
3458 5378 3654 5441 etiam
3699 5373 3852 5438 alibi
3904 5374 4183 5442 vidimus
4210 5429 4224 5455 ,
4286 5377 4414 5444 sic·
