5017 6142
494 443 626 512 353

494 641 1007 700 consentaneum
1055 632 1313 700 videtur
1353 632 1526 718 quod
1568 633 1783 701 Isaiae
1826 636 2009 703 Deus
2060 634 2445 701 mandatum

499 714 708 785 dedit:
762 716 981 800 Vade,
1017 727 1084 785 et
1127 718 1231 787 dic
1275 718 1356 786 ad
1402 721 1746 804 populum:
1806 721 2158 788 Audiendo
2204 719 2443 803 audite,

497 813 563 870 et
605 826 689 871 ne
731 803 1149 891 intelligatis:
1209 803 1485 873 videndo
1530 805 1773 889 videte,
1834 816 1901 873 et
1950 807 2283 887 nesciatis,
2328 806 2442 874 ob-

496 891 674 957 stina
730 911 843 957 cor
896 891 1118 976 populi
1175 891 1406 971 huius,
1467 913 1661 959 aures
1718 913 2044 978 aggrava,
2102 902 2169 959 et
2223 893 2444 960 oculos

493 976 745 1056 obline,
800 998 885 1043 ne
931 975 1149 1044 videat
1183 978 1416 1058 oculis,
1473 979 1743 1045 auribus
1788 977 2037 1057 audiat,
2083 976 2279 1045 corde
2321 998 2443 1045 suo

494 1062 841 1147 intelligat,
885 1071 952 1129 et
993 1082 1349 1130 conversus
1391 1072 1664 1130 sanetur
1706 1062 1859 1151 (Isa.
1905 1066 1966 1144 6,
2011 1064 2101 1152 9).
2189 1063 2441 1131 Verum

495 1148 566 1214 in
611 1148 869 1216 arcanis
904 1148 1031 1215 Dei
1065 1149 1320 1216 iudiciis
1363 1148 1625 1236 (quibus
1659 1150 1997 1218 absorberi
2031 1170 2260 1217 omnes
2293 1171 2443 1217 sen·

496 1255 609 1301 sus
681 1242 941 1301 nostros
1013 1256 1277 1303 necesse
1343 1235 1469 1322 est)
1533 1235 1853 1303 sobrietas
1916 1236 2003 1302 sit
2068 1235 2255 1303 nobis
2326 1254 2443 1319 pro

494 1320 785 1387 scientia.

665 1405 769 1472 20.
839 1405 1243 1473 Introdueam
1275 1408 1442 1506 euim
1482 1427 1643 1508 eum.
1730 1408 1992 1475 Rursus
2035 1406 2184 1507 aliis
2227 1406 2444 1508 yerbis

493 1489 2444 1664 :22:²32AE⁰2:3⁰0l:}¹:.1t?1.“’,⁰¹¹⁵1:.⁶::⁰fi.::⁰{.¹;¹’¹..¹,l’::::

493 1672 636 1729 tent
697 1664 766 1729 in
830 1664 1235 1731 occasionem
1304 1665 1708 1749 proterviae:
1774 1686 1902 1749 qua
1965 1663 2440 1751 ingratitudine

492 1748 661 1815 nihil
705 1748 975 1816 foedius.
1049 1749 1228 1816 Dicit
1262 1749 1467 1834 igitur
1510 1772 1581 1818 se
1622 1751 1917 1836 indignis
1965 1751 2437 1834 praestiturum

489 1834 662 1989 guod
684 1835 947 1915 iuravit,
980 1844 1057 1901 ut
1089 1836 1182 1901 ita
1213 1836 1282 1901 in
1316 1835 1445 1903 fide
1479 1836 1985 1921 promissionum
2015 1836 2143 1902 sibi
2163 1845 2437 1904 constet.

550 1920 924 1988 ommendat
989 1930 1202 1988 terrae
1281 1923 1819 1990 foecunditatem:
1898 1923 2049 2007 quia
2113 1920 2235 1990 hoc
2300 1930 2433 1989 tam

491 2007 804 2073 eximium
870 2007 1321 2093 indulgentiae
1389 2009 1626 2093 pignus
1680 2030 1790 2076 eos
1843 2008 2102 2076 allicere
2160 2006 2439 2075 debebat

491 2113 608 2160 sua
666 2091 1005 2160 dulcedine
1067 2093 1148 2159 ad
1207 2091 1682 2160 redamandum
1725 2102 1859 2160 tam
1912 2095 2278 2162 beneficum
2321 2113 2435 2177 pa·

489 2189 677 2245 trem.
767 2179 948 2246 Hinc
992 2202 1146 2265 ergo
1192 2179 1520 2266 detegitur
1562 2200 1876 2264 perversa
1918 2201 2143 2246 eorum
2180 2189 2433 2258 natura,

491 2264 663 2349 quod
721 2265 929 2331 saturi
984 2264 1299 2333 adversus
1342 2268 1555 2350 ipsum
1609 2265 1985 2347 lascivient,
2050 2266 2242 2332 sicuti
2284 2265 2432 2349 equi

489 2351 794 2419 ferociam
838 2350 1159 2436 colligunt
1201 2372 1284 2417 ex
1340 2354 1586 2437 sagina.
1678 2353 2037 2436 Postquam
2090 2361 2308 2417 autem
2354 2351 2434 2417 de

489 2437 708 2503 futura
750 2458 978 2503 eorum
1023 2436 1384 2505 defectione
1426 2447 1819 2522 conquestus
1862 2448 1995 2518 est,
2050 2438 2288 2503 iterum
2335 2436 2433 2503 di·

483 2525 567 2589 cit
586 2570 601 2599 ,
661 2522 775 2588 ubi
830 2522 1078 2589 redacti
1135 2524 1383 2589 fuerint
1436 2524 1507 2588 in
1554 2531 1886 2591 extremas
1935 2524 2308 2608 angustias,
2365 2530 2434 2588 et

480 2610 761 2675 miseriis
825 2608 1114 2692 undique
1169 2609 1536 2688 constricti,
1602 2610 1925 2678 canticum
1986 2608 2163 2675 istud
2219 2609 2433 2675 instar

482 2694 671 2762 tostis
713 2694 871 2774 fore,
917 2716 992 2761 ac
1034 2695 1091 2762 si
1134 2716 1292 2761 suae
1334 2695 1769 2762 damnationis
1813 2703 2031 2762 essent
2076 2695 2197 2780 ipsi
2240 2715 2432 2781 prae·

481 2802 693 2848 cones.
784 2779 978 2862 Quod
1038 2781 1196 2848 dicit
1251 2781 1591 2866 ingenium
1647 2782 1786 2849 eius
1840 2803 1910 2848 se
1969 2783 2258 2862 novisse,
2328 2780 2429 2847 vel

482 2865 796 2951 quidquid
841 2867 1020 2933 intus
1069 2868 1343 2933 fabricet
1384 2865 1510 2953 (est
1567 2867 1740 2933 enim
1789 2887 2028 2934 nomen
2064 2881 2201 2946 53⁹,
2259 2866 2430 2950 quod

484 2952 870 3018 tantundem
943 2953 1119 3019 valet
1206 2973 1281 3019 ac
1345 2955 1730 3039 figmentum
1750 3004 1766 3034 ,
1836 2955 1940 3020 vel
2024 2953 2429 3037 imaginati0‚

482 3048 548 3104 et
589 3039 1013 3125 cogitationes
1057 3060 1282 3106 omnes
1335 3049 1528 3123 atque
1579 3040 1852 3106 affectus
1909 3038 2429 3126 comprehendit)

480 3122 634 3190 inde
690 3146 727 3190 a
775 3134 989 3208 paret,
1050 3126 1320 3191 minime
1375 3126 1594 3191 Deum
1661 3125 1931 3192 latuisse
1995 3145 2189 3209 quam
2256 3123 2429 3191 male

480 3231 639 3293 erga
722 3211 1052 3294 1mprobos
1136 3211 1382 3277 locaret
1465 3232 1584 3278 sua
1650 3211 1989 3279 beneficia:
2081 3209 2198 3277 sed
2278 3232 2428 3278 cum

481 3316 705 3362 eorum
747 3296 1162 3380 improbitate
1204 3297 1327 3364 hoc
1364 3297 1553 3363 modo
1597 3310 1908 3378 certasse,
1953 3317 2079 3379 quo
2115 3297 2432 3364 illustrior

480 3391 654 3448 esset
695 3383 835 3450 eius
873 3383 1160 3450 bonitas:
1222 3382 1457 3450 deinde
1499 3382 1721 3468 impiis
1765 3394 1830 3450 et
1874 3381 2233 3467 desperatis
2278 3381 2427 3449 doc-

483 3470 721 3535 trinam
767 3489 965 3552 quam
1023 3469 1267 3535 sciebat
1310 3468 1451 3535 fore
1509 3470 1941 3553 contemptui,
2001 3468 2428 3536 nihilominus

483 3555 719 3637 exponi
778 3554 1089 3635 voluisse,
1150 3576 1276 3639 quo
1326 3556 1539 3639 magis
1596 3554 2076 3623 inexcusabiles
2127 3576 2237 3621 eos
2281 3554 2427 3621 red-

482 3639 667 3705 deret
731 3639 903 3706 edito
968 3641 1085 3707 tali
1151 3642 1558 3708 documento.
1650 3642 1855 3724 Atqui
1920 3640 2109 3708 obiici
2175 3649 2426 3725 posset:

484 3724 623 3791 Gur
677 3746 831 3811 ergo
886 3747 1017 3792 non
1071 3729 1293 3793 flectat
1348 3748 1457 3792 eos
1499 3727 1569 3792 in
1627 3726 1907 3793 melius?
1999 3725 2112 3794 Sic
2166 3726 2425 3809 quidem

481 3832 634 3878 cum
676 3833 752 3878 eo
803 3812 1062 3897 litigare
1106 3813 1226 3878 sibi
1274 3814 1667 3896 permittunt
1724 3813 1912 3900 impii
1956 3813 2256 3879 rabulae:
2316 3834 2427 3877 ve·

482 3918 632 3962 rum
677 3897 862 3965 nobis
904 3900 1121 3983 potius
1164 3906 1461 3966 occurrat
1501 3899 1663 3965 illud
1700 3900 1893 3966 Pauli
1927 3897 2146 3984 (Rom.
2184 3899 2246 3977 9,
2283 3899 2423 3985 20):

482 3982 699 4049 Homo
744 3985 886 4067 quis
930 4006 1000 4052 es
1034 3985 1143 4069 qui
1180 3986 1322 4051 Deo
1358 3984 1756 4069 respondes?
1817 4005 2037 4051 annon
2080 3984 2276 4050 habet
2364 4006 2429 4050 o-

485 4077 790 4135 testatem
845 4071 1087 4155 figulus
1139 4070 1261 4136 luti
1323 4070 1650 4136 formandi
1704 4092 1866 4137 vasa
1921 4091 2040 4136 sua
2087 4091 2207 4154 pro
2261 4092 2335 4137 ar
2379 4071 2428 4135 i-

484 4154 642 4219 trio:
699 4169 767 4221 et
822 4157 965 4239 quis
1018 4158 1196 4240 prior
1254 4155 1435 4222 dedit
1491 4157 1587 4221 illi
1654 4165 1729 4223 ut
1778 4156 2221 4223 retribuatur?
2322 4156 2428 4223 Ita

484 4240 600 4304 fiet
632 4251 707 4306 ut
749 4242 1001 4326 trepide
1037 4244 1507 4310 exclamemus:
1552 4240 1613 4309 Ο
1646 4241 1966 4326 profunda
2008 4242 2245 4309 iudicia
2281 4244 2426 4322 Dei,

485 4344 677 4408 quam
712 4327 1400 4412 incomprehensibiles
1424 4338 1579 4395 sunt
1615 4329 1756 4394 eius
1788 4329 1968 4396 viael
2031 4327 2227 4410 Quod
2273 4348 2427 4394 vero

485 4411 670 4478 Deus
712 4433 794 4479 ex
838 4436 917 4480 su
964 4416 1170 4481 eriore
1215 4435 1436 4481 eorum
1467 4414 1608 4479 vita
1625 4414 1870 4481 iudicat
1912 4414 2146 4497 quales.
2181 4415 2252 4479 in
2289 4434 2431 4497 pos-

484 4506 697 4564 terum
741 4499 950 4565 futuri
993 4503 1159 4579 sint,
1221 4499 1478 4566 videtur
1535 4520 1666 4566 non
1720 4501 1878 4567 satis
1934 4501 2198 4566 firmum
2265 4520 2424 4566 esse.

483 4582 736 4650 Verum
793 4585 955 4653 haec
999 4587 1129 4653 duo
1185 4586 1583 4653 coniunctim
1632 4585 1914 4671 legenda
1957 4597 2147 4664 sunt,
2208 4587 2426 4651 Deum

480 4669 864 4752 praevidere
897 4672 1065 4738 nihil
1099 4672 1273 4738 aliud
1309 4692 1450 4738 esse
1485 4671 1566 4737 ab
1599 4673 1760 4756 ipsis
1800 4672 2195 4756 sperandum
2232 4692 2429 4755 quam

485 4763 560 4820 ut
592 4755 908 4823 indomita
941 4757 1209 4825 libidine
1237 4756 1321 4823 ad
1348 4757 1749 4841 peccandum
1786 4759 2157 4842 rapiantur:
2192 4755 2429 4823 deinde

481 4841 615 4906 iam
651 4843 810 4908 satis
851 4852 951 4909 tot
993 4844 1342 4912 sceleribus
1385 4842 1588 4911 fuisse
1629 4846 2023 4928 patefactum
2057 4864 2250 4929 quam
2285 4863 2428 4928 per-

483 4926 622 4993 dita
663 4940 837 4997 esset
878 4951 1100 4997 eorum
1144 4929 1508 4997 obstinatio.

695 5455 919 5513 Calvina·
946 5472 1137 5528 opera.
1215 5459 1325 5515 1⁷01.
1361 5457 1487 5515 xx
1497 5459 1557 5515 V.

1909 445 2317 516 REDITUS
2361 446 2490 515 AD
2534 445 3081 516 HISTORIAM.

4372 445 4504 513 354

3073 636 3204 703 EX
3246 635 3579 705 EODEM
3624 636 3980 705 OAPI‘PE.

2722 807 2825 874 23.
2893 806 3068 873 Dein
3109 811 3433 892 praecepit
3489 807 3724 875 Iosuae
3773 809 3908 891 filio
3945 809 4129 892 Nun,
4186 829 4261 877 ae
4299 811 4499 879 dixit.-

2551 892 2772 962 Fortis
2802 898 2944 973 esto,
2980 898 3036 960 et
3066 893 3378 974 roborare,
3412 894 3568 977 quia
3598 900 3667 960 tu
3701 896 4054 963 introduces
4080 897 4254 979 filios
4289 898 4502 965 Israel

2548 981 2622 1045 in
2695 984 2927 1046 terram
2998 980 3075 1046 de
3146 999 3274 1062 qua
3345 981 3562 1047 iuravi
3640 982 3760 1047 eis.-
3827 987 3883 1046 et
3945 1002 4050 1067 eqo
4111 1004 4216 1050 ero
4277 989 4493 1053 tecum,

2547 1066 2651 1132 24.
2720 1065 2924 1148 Quum
2965 1069 3172 1131 autem
3208 1065 3457 1140 fecisset
3482 1066 3670 1148 finem
3705 1066 3920 1134 Moses
3959 1069 4270 1137 scribendi
4310 1072 4497 1137 verba

2657 1152 2671 1165 '
2737 1152 2926 1217 istius
2956 1151 3029 1217 iu
3061 1149 3250 1232 libro,
3299 1153 3485 1219 donec
3521 1171 3596 1218 ea
3629 1154 4088 1234 complerentur,
4145 1155 4249 1222 25.
4299 1154 4496 1223 Prae-

2668 1239 2679 1251 '
2748 1236 2960 1304 Moses
3003 1236 3243 1303 Levitis
3291 1237 3689 1320 portantibus
3741 1259 3954 1305 arcam
4003 1240 4274 1323 foederis
4317 1241 4496 1309 Ieho-

2545 1343 2679 1403 vae,
2712 1323 2998 1390 dicendo.-
3068 1322 3171 1388 26.
3221 1321 3439 1404 Capite
3471 1323 3701 1389 librum
3732 1324 3926 1389 istum
3960 1325 4140 1410 leyis,
4200 1334 4259 1392 et
4279 1329 4495 1409 ponite

2553 1428 2694 1475 eum
2747 1410 2820 1475 in
2860 1408 3051 1474 latere
3092 1428 3277 1475 areae
3317 1409 3589 1489 foederis
3633 1408 3894 1476 Iehovae
3933 1410 4064 1477 Dei
4102 1415 4323 1491 vestri,
4384 1415 4496 1481 sit-

2550 1494 3035 1577 queibicontra
3068 1500 3123 1560 te
3155 1495 3226 1560 in
3266 1500 3491 1560 testem.
3571 1494 3674 1559 27.
3733 1493 3873 1579 qu
3918 1498 4084 1563 em‘m
4123 1499 4272 1564 novi
4310 1501 4495 1566 rebel·

2550 1582 2774 1648 lienem
2832 1585 3033 1657 tuam,
3089 1584 3146 1646 et
3185 1581 3474 1646 cervicem
3528 1584 3703 1647 tuam
3755 1581 4020 1648 duram:
4073 1603 4230 1664 eeee,
4290 1585 4494 1651 adhue

2544 1687 2641 1732 me
2691 1667 2923 1733 vivente
2979 1665 3291 1732 vobiscum
3340 1665 3525 1732 hodie
3578 1666 3828 1732 rebelles
3880 1669 4032 1733 estis
4088 1669 4350 1737 Iehovae
4366 1723 4382 1750 ‚
4439 1677 4495 1737 et

2544 1756 2774 1835 quanto
2821 1752 3025 1835 mayis
3070 1756 3480 1835 posteaquam
3530 1757 3816 1818 mortuus
3852 1753 4087 1835 fuero?
4175 1756 4279 1821 28.
4330 1755 4495 1824 Gon-

2540 1840 2788 1922 yreqate
2843 1838 2929 1904 acl
2969 1857 3067 1902 me
3121 1856 3331 1903 omnes
3380 1838 3654 1903 seniores
3687 1839 3965 1906 tribuum
4004 1846 4380 1923 vestrarum,
4439 1849 4496 1909 et

2531 1925 2880 2006 praefectos
2919 1928 3184 2001 vestros,
3243 1927 3313 1988 ut
3355 1921 3577 2005 loquar
3617 1924 3690 1989 in
3726 1924 3993 1990 auribus
4043 1947 4258 1993 eorum
4307 1929 4495 1996 verba

2541 2009 2685 2089 ista,
2721 2013 2776 2075 et
2808 2013 3096 2075 contester
3126 2013 3338 2075 eontra
3371 2028 3472 2073 eos
3503 2008 3734 2075 coelum
3767 2015 3821 2075 et
3850 2015 4098 2077 terram.
4164 2013 4269 2079 29.
4328 2014 4496 2081 Novi

2542 2096 2708 2160 enim
2720 2100 3061 2177 postquam
3080 2100 3366 2160 mortuus
3388 2094 3584 2177 fuero,
3619 2098 4065 2177 corrumpendo
4088 2102 4496 2184 corrumpetis

2539 2200 2684 2263 vos‘,
2753 2185 2809 2246 et
2857 2180 3149 2246 recedetis
3204 2181 3281 2246 de
3320 2181 3430 2245 via
3486 2199 3679 2262 quam
3722 2186 4017 2265 praecepi
4070 2185 4275 2265 vobis,
4331 2188 4495 2254 unde

2539 2266 2769 2331 eveniet
2806 2265 2976 2332 vobis
3017 2266 3257 2331 malum
3294 2267 3366 2330 in
3409 2265 3777 2332 novissimis
3831 2267 4078 2334 dierum
4094 2318 4111 2352 ,
4169 2291 4361 2353 quum
4399 2273 4492 2356 fe-

2538 2352 2756 2418 ceritis
2794 2352 3036 2418 malum
3077 2352 3149 2417 iu
3191 2351 3387 2421 ocndis
3421 2351 3712 2432 Iehovae,
3768 2353 4084 2421 imitando
4123 2376 4265 2422 eum
4307 2376 4491 2440 opere

2537 2457 2842 2503 manuum
2882 2444 3249 2504 vestrarum.
3307 2437 3409 2504 30.
3457 2436 3683 2520 Itaque
3724 2437 4012 2522 loquutus
4053 2446 4145 2506 est
4162 2441 4375 2510 Moses
4416 2446 4488 2510 in

2538 2522 2805 2589 auribus
2845 2525 3034 2590 totius
3076 2523 3561 2608 oonqreqationis
3600 2522 3783 2590 verba
3820 2526 4044 2592 cantici
4075 2525 4269 2594 huius
4301 2530 4489 2598 eloneo

2536 2630 2611 2675 ea
2651 2609 3106 2693 eompkreutur.

2710 2779 2813 2846 23.
2880 2779 3055 2846 Dein
3107 2781 3448 2864 praecepit.
3538 2780 3689 2863 Quo
3757 2780 4078 2848 difficilior
4143 2792 4285 2849 erat
4336 2806 4484 2869 pro-

2536 2866 2780 2947 vincia,
2833 2885 2912 2931 eo
2963 2868 3175 2952 magis
3240 2865 3324 2933 ad
3388 2867 3841 2933 strenuitatem
3903 2870 4290 2935 animandus
4357 2871 4483 2937 fuit

2536 2950 2758 3030 Iosue,
2816 2973 2901 3018 ne
2945 2952 3277 3020 deficeret:
3336 2973 3464 3036 qua
3519 2954 3774 3020 ratione
3816 2953 4184 3039 duplicatur
4241 2954 4483 3024 exhor·

2536 3038 2728 3117 tatic,
2791 3058 3162 3123 quanquam
3206 3040 3275 3104 in
3323 3039 3462 3104 eius
3504 3060 3783 3123 persona
3824 3040 4020 3107 simul
4057 3063 4281 3107 omnes
4325 3062 4481 3108 con-

2534 3123 2775 3189 firmat.
2867 3125 3213 3191 Materiam
3274 3145 3429 3190 vero
3494 3125 3697 3190 sumit
3754 3146 3792 3190 a
3841 3126 3967 3190 Dei
4034 3128 4482 3210 promissione,

2533 3210 2720 3276 cuius
2764 3211 2958 3276 toties
3000 3212 3173 3277 facta
3212 3211 3337 3276 fuit
3379 3211 3642 3276 mentio.
3732 3211 3911 3276 Dicit
3955 3223 4173 3278 autem
4216 3212 4480 3280 Iosuam

2534 3294 2812 3362 electum
2878 3317 3049 3374 esse,
3117 3297 3230 3380 qui
3288 3296 3588 3362 absolvat
3639 3295 4016 3363 inchoatum
4075 3299 4481 3366 liberationis

2534 3400 2724 3463 opus:
2772 3382 2922 3465 quia
2964 3382 3079 3448 vix
3123 3381 3430 3449 credibile
3472 3391 3629 3462 erat,
3677 3404 3811 3448 non
3854 3383 4048 3449 modo
4091 3383 4479 3471 discipulum

2532 3466 2669 3532 fore
2725 3469 3125 3551 superiorem
3184 3468 3501 3553 magistro
3519 3519 3534 3548 ,
3590 3468 3703 3534 sed
3762 3469 3830 3534 in
3875 3468 4155 3553 gradum
4215 3470 4479 3539 honoris

2534 3553 2748 3618 attolli
2814 3552 3205 3621 mediocrem
3270 3553 3630 3634 hominem,
3686 3574 3723 3618 a
3785 3576 3909 3639 quo
3977 3555 4266 3623 deiectus
4337 3570 4481 3623 erat

2534 3659 2831 3705 summus
2907 3640 3256 3723 propheta,
3339 3652 3407 3704 et
3477 3639 3865 3724 praecipuus
3946 3641 4074 3706 Dei
4162 3644 4477 3722 minister,

2533 3725 2664 3789 nisi
2705 3724 2772 3790 id
2817 3726 3061 3792 factum
3105 3736 3279 3792 esset
3319 3724 3581 3792 coelesti
3642 3726 3898 3792 decreto
3942 3734 4010 3792 et
4051 3726 4477 3796 ordinatione.

2534 3808 2753 3875 Simul
2811 3818 3028 3876 tamen
3089 3811 3168 3878 de
3229 3811 3585 3878 vocationis
3645 3813 3879 3878 effectu
3940 3813 4283 3878 certiorem
4328 3836 4477 3880 eum

2533 3895 2767 3975 reddit,
2802 3898 3193 3980 promittens
3216 3898 3451 3979 Deum,
3497 3898 3607 3980 qui
3651 3906 3842 3964 autor
3885 3907 3987 3963 est
4029 3899 4478 3983 suscipiendae

2534 3981 3001 4066 expeditionis,
3067 3983 3310 4049 auxilio
3364 3985 3530 4062 fore,
3597 4003 3750 4048 nam
3817 4004 4017 4066 penes
4081 3984 4295 4067 ipsum
4358 3995 4477 4067 est,

2533 4089 2712 4151 opus,
2759 4069 2864 4133 cui
2908 4089 3231 4152 quemque
3275 4079 3570 4135 nostrum
3617 4068 3987 4149 destinavit,
4032 4071 4364 4153 perficere.

2738 4155 2841 4220 24.
2909 4156 3115 4237 Quum
3152 4155 3344 4236 finem
3372 4155 3636 4238 fecisset.
3697 4155 3920 4220 Verba
3958 4155 4122 4240 legis
4164 4157 4479 4241 intellige,

2534 4260 2664 4305 non
2710 4248 2965 4305 tantum
3013 4261 3175 4325 quae
3220 4241 3342 4308 hoc
3387 4239 3552 4306 libro
3596 4239 3973 4324 complexus
4017 4249 4130 4320 est,
4177 4242 4291 4308 sed
4336 4243 4480 4309 aliis

2534 4346 2788 4409 quoque
2846 4324 3071 4392 tribus.
3162 4330 3259 4394 Ac
3319 4325 3519 4392 tacita
3563 4333 3661 4392 est
3712 4326 4056 4392 antithesis
4097 4329 4272 4393 inter
4317 4329 4481 4394 duas

2535 4411 2792 4477 tabulas
2847 4432 3044 4476 manu
3102 4413 3229 4477 Dei
3289 4412 3594 4497 scriptas,
3661 4423 3726 4476 et
3784 4413 4253 4497 expositionem
4315 4435 4479 4497 quae

2534 4505 2761 4580 postea
2812 4496 2939 4562 fuit
2995 4497 3248 4577 addita,
3310 4519 3395 4563 ne
3449 4505 3715 4582 propter
3774 4498 4043 4564 nimiam
4087 4500 4476 4567 brevitatem

2533 4582 2809 4648 obscura
2851 4592 3025 4648 esset
3068 4581 3198 4649 Dei
3238 4585 3565 4650 voluntas.
3632 4582 3873 4650 Statim
3918 4584 4178 4668 quidem
4226 4607 4264 4650 a
4304 4585 4480 4669 prin-

2533 4668 2700 4752 cipio
2743 4667 3016 4734 tradidit
3058 4669 3245 4736 Deus
3280 4670 3594 4753 quidquid
3637 4678 3778 4735 erat
3821 4671 3986 4737 utile
4019 4670 4312 4754 cognitu:
4364 4669 4479 4737 sed

2534 4752 2703 4838 quod
2762 4752 2982 4821 decem
3029 4755 3247 4823 verbis
3303 4756 3603 4822 restricte
3645 4756 4228 4840 comprehenderat
4269 4757 4476 4839 expli-

2534 4841 2742 4907 catius
2808 4841 3103 4906 enarrari
3158 4840 3396 4908 voluit:
3464 4861 3674 4926 neque
3728 4841 3795 4907 id
3852 4840 4046 4907 modo
4103 4840 4217 4907 sed
4275 4842 4474 4907 etiam

2533 4925 2742 4991 literis
2785 4925 3102 5007 mandari,
3157 4949 3242 4993 ne
3288 4927 3722 4994 intercideret.
3813 4925 4039 4995 Scitur
4081 4947 4274 5008 quam
4330 4948 4481 5010 pro·

2533 5011 2698 5077 clive
2729 5012 2817 5078 sit
2847 5011 2928 5076 ad
2976 5013 3329 5079 vanitatem
3374 5013 3659 5079 hominis
3704 5012 4057 5097 ingenium,
4101 5013 4234 5078 imo
4277 5034 4472 5097 quam

2532 5097 2809 5165 libenter
2850 5098 2918 5163 in
2962 5119 3218 5166 errores
3270 5099 3522 5165 feratur
3578 5118 3696 5164 sua
3751 5096 4044 5164 levitate.
4135 5099 4478 5166 Accedunt

2532 5182 2661 5247 alia
2717 5204 2970 5268 quoque
3027 5185 3221 5265 vitia,
3281 5186 3654 5263 curiositas,
3710 5182 3993 5268 fingendi
4040 5203 4123 5249 ue
4181 5184 4473 5265 audacia,

2531 5279 2599 5334 et
2677 5269 2967 5336 studium
3045 5271 3374 5338 novitatis.
3464 5270 3565 5335 Ita
3632 5269 3810 5335 mille
3888 5289 3996 5334 mo
4044 5269 4101 5334 is
4166 5279 4476 5356 corrupta

2531 5354 2761 5421 fuisset
2804 5355 3051 5440 religio,
3099 5357 3224 5424 nisi
3263 5356 3488 5441 regula
3520 5354 3796 5439 posteris
3840 5354 4190 5440 diligenter
4231 5357 4478 5441 scripta
