5017 6142
456 454 581 521 193

447 640 909 711 incredulitate
952 638 1274 709 manabat.
1363 639 1440 709 si
1505 639 1682 707 enim
1745 638 2031 726 dignitas
2095 650 2163 709 et
2218 640 2395 708 exis·

451 730 708 796 timatio
774 725 995 799 decem
1060 724 1403 795 hominum
1462 725 1635 811 apud
1690 748 1802 796 eos
1854 736 2111 795 tantum
2170 726 2393 806 valuit,

450 828 528 884 ut
571 814 651 881 ad
699 811 1094 883 credendum
1153 820 1373 877 essent
1426 823 1562 878 tam
1608 813 1859 894 faciles,
1919 834 2139 880 annon
2182 811 2395 877 multo

448 902 599 987 plus
666 897 817 966 fidei
882 896 1258 975 habendum
1322 898 1448 965 fuit
1513 897 1637 963 Dei
1699 899 1926 981 verbo,
1990 899 2098 983 qui
2149 911 2397 967 terram

450 997 607 1055 ante
666 1005 873 1052 annos
930 982 1440 1068 quadringentos
1492 983 1820 1068 pollicitus
1878 984 2136 1051 fuerat?
2224 984 2397 1051 Nam

451 1094 653 1159 quum
696 1070 991 1155 oppressi
1025 1070 1403 1155 aegyptiaca
1446 1069 1803 1153 tyrannide
1844 1071 2224 1151 clamarent,
2265 1090 2399 1139 non

452 1158 786 1226 exciderat
843 1156 1159 1223 memoria
1216 1155 1667 1238 promissionis
1698 1156 1995 1239 patribus
2038 1157 2256 1227 datae:
2316 1157 2400 1222 si-

450 1246 585 1313 cuti
661 1263 859 1310 curae
922 1242 1133 1307 fuerat
1187 1250 1413 1307 sancto
1489 1240 1682 1307 Iacob
1746 1263 1889 1309 eam
1958 1241 2215 1309 tradere
2280 1262 2399 1326 per

449 1352 706 1398 manus.
794 1328 1023 1411 Nuper
1080 1324 1454 1404 audierant,
1515 1336 1581 1392 et
1626 1328 1912 1410 amplexi
1952 1329 2214 1395 fuerant
2255 1330 2398 1394 eius

449 1415 1041 1493 confirmationem,
1110 1420 1304 1496 atque
1363 1412 1483 1478 hac
1535 1412 1775 1480 fiducia
1828 1413 2264 1480 discesserant
2311 1436 2397 1481 ex

456 1506 774 1587 Aegypto.
862 1498 1184 1564 Videmus
1241 1519 1397 1582 ergo
1450 1519 1572 1565 sua
1614 1499 1881 1583 ignavia
1933 1499 2040 1564 vel
2078 1501 2398 1584 pravitate

449 1590 582 1657 iam
648 1585 832 1672 prius
894 1584 1097 1653 fuisse
1161 1583 1465 1652 inductos
1530 1582 1612 1651 ad
1668 1584 2121 1670 refugiendum
2184 1595 2398 1651 terrae

453 1693 820 1751 accessum,
865 1671 1015 1755 quia
1076 1671 1220 1737 Deo
1264 1668 1459 1737 fidem
1519 1670 2024 1755 abrogaverant:
2070 1679 2144 1736 ut
2187 1671 2397 1737 videri

451 1761 710 1845 possint
766 1756 917 1823 data
973 1776 1172 1839 opera
1237 1763 1534 1839 captasse
1590 1757 2014 1824 occasionem.
2105 1756 2399 1839 Improbi

452 1861 674 1911 tamen
732 1862 1031 1910 suasores
1075 1855 1310 1924 sponte
1354 1843 1485 1905 iam
1530 1852 1792 1907 ruentes
1841 1844 2269 1927 impulerunt,
2322 1851 2400 1906 ut

449 1927 841 2016 praecipites
906 1936 1197 2012 agerent.
1285 1925 1619 2010 Incipiunt
1675 1938 1895 1998 autem
1958 1951 1999 1994 a
2057 1931 2219 1994 fletu
2284 1926 2400 2011 qui

449 2015 716 2083 tandem
794 2015 864 2083 in
946 2013 1192 2079 rabiem
1253 2014 1636 2096 prorumpit.
1724 2013 1964 2081 Flendi
2038 2035 2235 2081 causa
2299 2022 2400 2079 est

450 2104 685 2169 mortis
729 2102 953 2166 timor:
1012 2099 1166 2182 quia
1211 2120 1281 2165 se
1339 2096 1421 2163 ad
1464 2099 1907 2169 carnificinam
1961 2101 2135 2167 trahi
2181 2100 2399 2165 existi-

449 2196 652 2255 mant.
741 2185 934 2254 Unde
979 2185 1129 2264 hoc,
1179 2184 1303 2250 nisi
1339 2184 1495 2268 quia
1537 2183 1783 2252 nullius
1829 2187 2023 2270 pretii
2067 2184 2241 2271 apud
2286 2205 2400 2251 eos

449 2283 553 2342 est
630 2273 1019 2358 promissum
1087 2292 1128 2336 a
1192 2272 1335 2336 Deo
1414 2271 1778 2336 auxilium?
1868 2271 2062 2340 Unde
2128 2283 2399 2356 apparet

449 2370 855 2446 quantopere
884 2356 1034 2423 fidei
1071 2358 1399 2422 contraria
1433 2357 1518 2422 sit
1553 2356 1890 2436 timiditas,
1937 2358 2090 2425 dum
2132 2357 2400 2424 obiectis

448 2444 761 2531 periculis
837 2462 958 2509 nos
1039 2454 1293 2507 tantum
1385 2442 1786 2525 respicimus.
1874 2444 2127 2510 Verum
2208 2444 2401 2509 sicuti

450 2530 851 2618 principium
931 2527 1339 2595 infidelitatis
1407 2541 1507 2593 est
1593 2535 1775 2594 metu
1851 2530 2100 2596 retrahi
2167 2551 2206 2596 a
2270 2528 2401 2594 Dei

450 2618 776 2701 obsequio,
825 2616 921 2683 ita
954 2614 1229 2683 alterum
1269 2622 1490 2696 postea
1525 2613 1811 2682 deterius
1854 2617 2098 2682 malum
2135 2615 2403 2694 aceedit,

455 2705 610 2770 dum
666 2700 1027 2786 praefracte
1083 2699 1382 2765 homines
1440 2698 1581 2766 Deo
1627 2702 1973 2778 resistunt,
2025 2713 2091 2766 et
2133 2702 2288 2784 quia
2330 2723 2400 2768 se

452 2791 597 2857 eius
657 2787 853 2853 verbo
907 2784 1227 2853 subiicere
1292 2784 1556 2862 nolunt,
1615 2807 1766 2852 cum
1822 2787 1965 2871 ipso
2029 2788 2397 2872 iurgantur.

450 2876 601 2943 Hoc
635 2872 953 2941 Israelitis
1002 2870 1254 2949 accidit,
1300 2871 1415 2954 qui
1455 2891 1751 2938 moerore
1795 2873 2090 2957 oppressi
2132 2872 2399 2941 tandem

452 2961 696 3027 doloris
738 2960 988 3042 impetu
1032 2958 1203 3040 rapti
1246 2968 1401 3023 sunt
1443 2968 1670 3022 contra
1712 2959 1946 3025 Mosen
1991 2971 2057 3025 et
2096 2959 2397 3026 Aharon.

451 3050 672 3130 Atque
714 3045 838 3111 hoc
884 3043 1077 3111 nimis
1120 3045 1496 3126 frequenter
1536 3066 1662 3110 usu
1705 3046 1931 3111 venire
1965 3045 2154 3127 solet,
2201 3052 2274 3111 ut
2317 3067 2403 3111 ex

451 3131 799 3218 angustiis,
845 3130 1079 3214 quibus
1119 3129 1470 3195 infidelitas
1513 3152 1632 3196 nos
1673 3131 2084 3216 constringit,
2130 3129 2403 3197 ebulliat

450 3217 884 3304 impatientia.
975 3215 1223 3283 Votum
1301 3217 1531 3282 mortis
1591 3216 1763 3299 quod
1843 3217 2248 3301 concipiunt,
2316 3240 2399 3283 ex

450 3302 930 3389 ingratitudine
988 3324 1065 3368 ac
1115 3301 1412 3371 beneficii
1473 3302 1600 3369 Dei
1653 3312 2028 3388 contemptu
2090 3305 2396 3371 nascitur.

449 3390 782 3476 Optarent
824 3409 894 3459 se.
936 3387 1139 3455 fuisse
1182 3394 1492 3467 mortuos,
1535 3388 1645 3454 vel
1686 3390 1757 3453 in
1802 3389 2139 3475 Aegypto,
2185 3390 2292 3456 vel
2330 3391 2400 3455 in

450 3476 732 3543 deserto.
820 3473 960 3539 Cur
1037 3493 1195 3559 ergo
1267 3473 1590 3556 supplices
1664 3476 1862 3559 paulo
1930 3484 2082 3541 ante
2164 3476 2398 3542 Mosen

452 3560 785 3647 deprecati
848 3558 1144 3636 fuerant,
1219 3566 1295 3624 ut
1360 3556 1581 3627 Deum
1639 3561 1965 3643 placaret?
2056 3561 2250 3642 Quod
2317 3559 2400 3626 ad

448 3648 655 3719 verba
696 3652 980 3731 spectat:
1024 3644 1241 3711 Vetus
1283 3644 1611 3729 interpres
1653 3647 2039 3730 particulam
2083 3631 2188 3727 NS,
2237 3669 2404 3733 quae

449 3734 740 3818 optantis
775 3742 893 3810 est,
932 3753 1051 3816 pro
1087 3730 1396 3814 negativa
1417 3733 1760 3815 accipiens,
1797 3733 2009 3801 locum
2046 3735 2216 3799 male
2250 3754 2401 3799 ver·

449 3822 569 3886 tit:
613 3839 690 3885 ac
710 3817 767 3885 si
801 3838 978 3885 mors
1021 3817 1153 3883 illis
1187 3817 1259 3881 in
1304 3814 1559 3884 deserto
1593 3829 1764 3886 esset
1783 3819 2075 3886 acerbior
2096 3840 2294 3904 quam
2332 3821 2401 3883 in

451 3905 789 3990 Aegypto:
856 3903 971 3970 sed
1028 3911 1287 3969 tantum
1345 3901 1693 3987 deplorant
1738 3926 1810 3971 se
1866 3906 2194 3991 expositos
2257 3926 2402 3972 esse

450 3990 535 4057 ad
601 3989 902 4065 caedem,
963 3990 1021 4055 si
1078 4002 1323 4057 terram
1391 3989 1710 4059 Chanaan
1775 3992 2055 4076 ingressi
2122 3992 2398 4059 fuerint:

451 4077 642 4145 sicuti
685 4076 986 4161 proximo
1034 4097 1230 4145 versu
1270 4078 1582 4163 sequitur.

624 4163 685 4228 3.
750 4161 841 4226 Et
895 4183 1090 4246 quare
1146 4161 1514 4228 introduxit.
1604 4163 1735 4229 Hic
1789 4165 2000 4248 magis
2055 4185 2124 4230 se
2228 4163 2402 4229 rodit

449 4248 811 4332 impietatis
845 4247 1183 4330 superbia,
1227 4255 1424 4331 atque
1470 4248 1667 4313 etiam
1712 4249 1924 4329 furor,
1965 4247 2135 4333 quod
2249 4270 2398 4315 eum

450 4332 705 4403 fraudis
768 4342 838 4399 et
902 4332 1216 4400 saevitiae
1281 4340 1621 4414 accusant,
1688 4355 1762 4401 ac
1820 4334 1877 4399 si
1936 4356 2046 4400 eos
2095 4333 2402 4418 proderet

452 4420 762 4506 gentibus
821 4418 1169 4498 chanaan,
1227 4427 1293 4483 et
1350 4418 1431 4483 ad
1482 4421 1937 4486 mactationem
1991 4421 2399 4505 produceret.

451 4506 794 4593 Colligunt
849 4505 1023 4571 enim
1084 4524 1216 4569 non
1271 4527 1411 4572 esse
1478 4505 1838 4590 parendum
1902 4508 2041 4572 eius
2107 4508 2402 4589 imperio,

498 4594 609 4658 uia
662 4591 809 4657 vult
866 4612 977 4656 eos
1036 4588 1339 4675 perdere:
1399 4613 1605 4675 neque
1649 4592 1713 4657 id
1758 4592 1985 4670 modo,
2042 4592 2153 4657 sed
2207 4593 2397 4658 simul

500 4700 612 4744 are
655 4677 725 4742 in
770 4675 1074 4761 praedam
1124 4697 1364 4743 uxores
1399 4687 1463 4742 et
1500 4678 1757 4744 liberos.
1838 4677 2157 4745 Videmus
2203 4699 2402 4761 quam

454 4764 707 4831 furiosa
770 4764 858 4828 sit
920 4762 1367 4842 incredulitas,
1455 4764 1568 4830 ubi
1634 4765 1858 4830 fraena
1936 4764 2058 4830 sibi
2125 4763 2399 4829 laxavit:

456 4848 718 4934 quando
764 4870 897 4915 non
956 4848 1263 4915 dubitant
1326 4850 1553 4916 miseri
1608 4851 1791 4916 litem
1846 4852 1987 4916 Deo
2046 4850 2403 4931 intendere,

459 4949 519 5002 et
577 4935 751 5001 hanc
799 4938 1076 5019 gratiam
1135 4935 1377 5002 referre
1427 4937 1567 5003 eius
1622 4936 1986 5016 beneficiis,
2047 4946 2123 5001 ut
2170 4948 2407 5002 vocent

457 5020 876 5107 proditorem.
953 5022 1142 5104 Quae
1174 5033 1394 5088 autem
1440 5021 1796 5106 sacrilegae
1839 5021 2148 5088 audaciae
2191 5042 2409 5104 causa,

459 5108 589 5174 nisi
646 5109 797 5191 quia
842 5109 1180 5193 negotium
1234 5109 1356 5175 sibi
1417 5109 1555 5175 fore
1614 5107 1892 5175 audiunt
1951 5128 2101 5173 cum
2166 5107 2409 5173 validis

457 5193 798 5261 hostibus?
845 5215 920 5260 ac
954 5195 1011 5261 si
1056 5216 1184 5260 non
1232 5195 1540 5260 maiorem
1588 5197 1839 5279 experti
1875 5204 2097 5261 essent
2119 5195 2246 5259 Dei
2291 5216 2403 5279 po-

460 5281 734 5346 tentiam
792 5301 985 5364 quam
1047 5290 1124 5345 ut
1177 5279 1529 5364 quidquam
1589 5280 1844 5347 adversi
1882 5303 1958 5347 eo
2003 5281 2286 5366 propitio
2330 5282 2408 5344 ti-

458 5364 773 5433 mendum
826 5367 1006 5433 foret.
1093 5365 1358 5431 Interea
1413 5367 1818 5433 infirmitatis
1867 5388 2120 5452 quoque
2184 5366 2404 5432 Deum

624 5466 848 5526 odoini
872 5483 1060 5541 opera.
1137 5468 1249 5526 Vol.
1287 5466 1479 5525 XXV.

1877 451 2282 521 REDI‘DUS
2336 452 2460 519 AD
2506 450 3054 520 HISTORIAM.

4323 455 4454 522 194

2495 639 2913 706 insimulant:
2977 659 3055 705 ac
3098 640 3156 705 si
3198 641 3466 707 inferior
3528 655 3697 708 esset
3762 643 4069 728 gentibus
4114 642 4446 712 Chanaan.

2496 725 2790 793 'l'andem
2855 727 3068 811 surgit
3130 728 3430 795 cumulus
3506 728 3913 812 prodigiosae
3990 729 4317 796 caecitatis
4380 740 4450 798 et

2497 814 2841 891 amentiae,
2887 813 2999 880 ubi
3034 810 3114 877 de
3166 813 3378 878 reditu
3422 814 3815 892 consultant,
3863 823 3931 880 et
3974 815 4211 882 reiecto
4258 817 4444 883 Mose

2500 896 2582 962 ad
2629 897 2862 965 ducem
2908 897 3282 983 eligendum
3328 920 3398 965 se
3441 913 3854 983 comparant,
3909 901 4017 984 qui
4063 923 4291 968 rursus
4334 923 4448 969 eos

2501 983 2695 1049 dedat
2753 985 3103 1051 Pharaoni.
3190 987 3299 1050 An
3363 984 3546 1051 obliti
3611 1000 3745 1051 tam
3814 987 3940 1052 cito
4005 997 4194 1052 erant
4249 1009 4447 1071 quam

2501 1071 2743 1137 misera
2798 1070 2935 1135 illic
2987 1071 3219 1136 fuisset
3274 1091 3395 1136 sua
3449 1071 3778 1138 conditio?
3842 1072 4047 1155 Atqui
4102 1074 4281 1139 nulla
4325 1095 4448 1141 sua

2500 1179 2701 1237 noxa,
2770 1178 2969 1240 quum
3034 1156 3271 1238 placidi
3334 1156 3615 1223 fuissent
3677 1167 3742 1224 et
3804 1158 4061 1224 innoxii
4137 1159 4450 1243 hospites,

2502 1242 2836 1328 promeriti
2883 1255 3090 1321 erant,
3127 1252 3203 1307 ut
3245 1263 3358 1308 eos
3401 1252 3535 1308 tam
3581 1243 4029 1309 inhumaniter
4084 1246 4450 1331 affligerent

2502 1328 2851 1415 Aegyptii:
2911 1348 3110 1411 quum
3172 1328 3354 1394 nulla
3412 1328 3544 1394 alia
3601 1351 3798 1396 causa
3864 1330 4199 1396 Pharaoni
4264 1333 4448 1397 exosi

2503 1425 2720 1481 essent
2786 1414 2913 1481 nisi
2977 1412 3150 1497 quod
3218 1435 3441 1480 eorum
3516 1415 4005 1481 multitudinem
4069 1416 4242 1482 ferre
4315 1439 4450 1485 non

2500 1510 2787 1586 poterat:
2854 1500 3009 1583 quid
3085 1500 3405 1566 facturum
3473 1500 3782 1568 credibile
3848 1513 4020 1581 erat,
4099 1515 4451 1586 postquam

2501 1608 2729 1654 eorum
2767 1607 2963 1653 causa
3008 1594 3106 1652 tot
3138 1585 3355 1652 clades
3399 1607 3746 1670 perpessus
3789 1587 3976 1652 erat?
4031 1587 4215 1668 Quae
4256 1610 4450 1673 porro

2501 1673 2880 1739 humanitas
2925 1694 2964 1737 a
3006 1682 3200 1757 gente
3264 1672 3380 1737 illa
3439 1673 3786 1756 speranda,
3834 1694 4001 1755 quae
4056 1685 4209 1739 ante
4264 1675 4449 1741 nullo

2498 1757 2909 1826 incommodo
2984 1759 3196 1838 laesa,
3272 1759 3343 1823 in
3408 1780 3627 1823 corum
3697 1760 4047 1842 perniciem
4115 1762 4452 1846 conspira-

2502 1844 2733 1914 verat?
2824 1843 3026 1910 Nulla
3085 1852 3258 1909 certe
3311 1853 3452 1909 erat
3507 1843 3739 1910 domus
3794 1866 3958 1928 quae
4019 1866 4148 1911 non
4204 1850 4450 1930 primo-

2504 1931 2765 2017 genitos
2808 1951 2962 1996 suos
3011 1930 3234 1995 ulcisci
3270 1940 3555 2013 cuperet.
3646 1930 3941 2013 Oupiunt
3984 1940 4207 1997 tamen
4250 1933 4451 1999 infes-

2505 2017 2741 2083 tissimi
2801 2016 3005 2081 hostis
3062 2013 3319 2080 libidini
3378 2036 3446 2081 se
3503 2016 3795 2095 tradere,
3865 2017 3978 2099 qui
4037 2027 4189 2083 ante
4249 2017 4449 2084 ullam

2502 2103 2635 2169 odii
2694 2122 2955 2168 causam
3015 2111 3309 2167 extrema
3364 2122 3657 2186 quaeque
3714 2102 3783 2166 in
3843 2103 4017 2185 ipsos
4062 2110 4450 2171 tentaverat.

2501 2187 2695 2256 Unde
2776 2187 3202 2271 perspicimus
3265 2186 3650 2254 incredulos
3730 2189 3902 2254 iusta
3970 2187 4094 2253 Dei
4161 2190 4453 2256 vindicta

2504 2297 2634 2340 non
2687 2273 2878 2338 modo
2934 2274 3296 2353 excaecari,
3350 2273 3463 2339 sed
3519 2275 3762 2357 raptari
3814 2275 4047 2356 spiritu
4091 2277 4453 2361 vertiginis,

2503 2371 2581 2426 ut
2622 2360 2747 2427 sibi
2791 2358 2951 2443 ipsis
2995 2359 3287 2442 pessima⁴
3322 2380 3613 2443 quaeque
3656 2360 3991 2427 asciscant.

2675 2446 2734 2512 5.
2822 2444 2997 2511 Tunc
3073 2445 3306 2511 cecidit.
3405 2445 3745 2510 Incertum
3813 2453 3912 2510 est
3979 2446 4305 2512 fuerintne
4360 2448 4455 2512 ita

2504 2531 2742 2619 populo
2780 2529 3122 2615 supplices,
3159 2539 3234 2595 ut
3267 2552 3484 2598 coram
3514 2552 3591 2597 eo
3626 2532 3938 2613 prostrati
3975 2530 4328 2598 iacuerint:
4365 2555 4449 2599 an

2506 2639 2663 2685 vero
2725 2616 3042 2702 precandi
3104 2638 3301 2683 causa
3357 2617 3589 2682 facicm
3648 2618 3715 2682 in
3776 2626 4017 2681 terram
4079 2627 4456 2700 prostrave-

2480 2694 2669 2771 ⁶rintt
2715 2702 2886 2788 quod
2932 2700 3294 2769 secundum
3340 2703 3500 2768 mihi
3545 2701 3968 2768 verisimilius
4003 2715 4119 2782 est,
4167 2722 4242 2768 ae
4279 2705 4331 2769 si
4370 2703 4454 2769 ad

2505 2789 2727 2856 Deum
2766 2810 2836 2855 sc
2882 2788 3199 2854 vertendo
3242 2789 3462 2872 populi
3519 2799 3851 2873 stuporem
3901 2796 4272 2872 arguerent.
4362 2790 4455 2855 Et

2506 2885 2684 2944 certe
2754 2877 2819 2939 in
2887 2883 3073 2939 tanta
3137 2873 3378 2940 duritie
3436 2876 3604 2940 nihil
3668 2874 3846 2942 aliud
3905 2874 4191 2940 restabat
4254 2894 4450 2957 quam

2508 2972 2665 3029 vota
2727 2961 2942 3028 facore
3008 2960 3180 3045 apud
3263 2961 3511 3027 Deum:
3579 2962 3674 3028 sic
3738 2970 3957 3027 tamen
4029 2968 4105 3025 ut
4166 2962 4452 3044 precatio

2505 3048 2762 3135 publice
2825 3049 2896 3112 in
2958 3047 3253 3123 omnium
3318 3058 3666 3130 conspectu
3731 3055 4033 3128 suscepta
4108 3047 4304 3111 fuerit
4368 3046 4452 3112 ad

2503 3132 2863 3202 flectendos
2905 3134 3177 3199 animos.
3266 3132 3582 3198 Poterant
3624 3136 3799 3199 enim
3845 3131 4087 3215 alioqui
4125 3151 4451 3200 secessum

2504 3237 2856 3304 quaerere:
2900 3217 3014 3286 sed
3058 3219 3172 3284 illa
3215 3218 3570 3285 miserabili
3615 3220 3826 3303 specie
3875 3225 4220 3284 tentarunt
4261 3238 4451 3283 revo-

2504 3328 2655 3375 care
2734 3303 3050 3389 populum
3117 3304 3199 3369 ad
3264 3324 3492 3372 sanam
3568 3312 3874 3370 mentem.
3963 3303 4109 3371 Hoc
4188 3303 4450 3388 quidem

2502 3401 2691 3459 extra
2757 3390 3026 3457 dubium
3093 3398 3222 3468 est,
3287 3390 3409 3457 sibi
3466 3389 3632 3456 nihil
3691 3390 4000 3474 privatim
4061 3390 4451 3474 quaesiisse:

2502 3479 2616 3546 sed
2672 3488 2929 3542 tantum
2984 3476 3295 3543 sollicitos
3354 3477 3556 3543 fuisse
3614 3473 3695 3541 de
3752 3476 3966 3542 salute
4008 3475 4259 3559 populi:
4324 3496 4452 3563 quo

2502 3562 2954 3630 retrocedente
3002 3561 3278 3628 liberum
3339 3561 3471 3627 illis
3518 3562 3748 3628 fuisset
3790 3562 3859 3629 in
3906 3569 4084 3627 terra
4129 3561 4449 3628 Ohanaan

2504 3651 2611 3716 vel
2688 3648 2846 3714 alibi
2932 3649 3359 3733 peregrinari.
3448 3648 3676 3730 Neque
3762 3655 3983 3713 tamen
4067 3648 4454 3731 simpliciter

2504 3734 2745 3802 addicti
2804 3735 3073 3800 fuerunt
3128 3735 3394 3818 populo:
3455 3734 3567 3800 sed
3625 3754 3737 3799 eos
3793 3733 4080 3799 maxime
4123 3732 4453 3800 cruciabat

2502 3821 2901 3905 interruptio
2958 3820 3208 3904 gratiae
3265 3821 3425 3897 Dei,
3480 3841 3629 3884 cum
3688 3840 3817 3904 qua
3870 3820 4065 3884 etiam
4122 3819 4450 3903 sepultum

2503 3909 2738 3974 fuisset
2758 3904 2986 3972 foedus
3009 3926 3158 3973 cum
3189 3906 3518 3973 Abraham
3549 3927 3952 3988 percussum.
4000 3904 4173 3970 Deni
4220 3925 4304 3969 ue
4329 3904 4452 3972 hoe

2502 3994 2635 4060 illis
2679 3992 2951 4078 perinde
2998 4002 3166 4067 erat,
3228 3999 3293 4056 et
3341 3993 3607 4071 merito,
3654 4011 3728 4056 ac
3777 3992 3832 4057 si
3867 4003 3933 4057 et
3974 3990 4105 4056 Dei
4153 3990 4448 4075 goriam,

2503 4090 2570 4146 et
2593 4080 2874 4147 salutem
2900 4078 3173 4143 humani
3201 4078 3462 4162 generis
3485 4077 3749 4161 penitus
3771 4076 4103 4160 exstingui
4128 4075 4449 4143 viderent.

2503 4167 2727 4248 Quare
2769 4164 2917 4248 plus
2966 4186 3162 4248 quam
3208 4162 3501 4245 stupidos
3545 4163 3746 4229 fuisse
3803 4172 4060 4246 oportet
4115 4162 4227 4245 qui
4278 4161 4450 4228 tristi

2502 4253 2616 4317 illo
2673 4249 3041 4334 spectaculo
3100 4249 3266 4314 nihil
3327 4250 3488 4314 moti
3555 4259 3739 4314 sunt:
3803 4249 4188 4331 praesertim
4245 4268 4447 4332 quum

2506 4338 2727 4403 Moses
2812 4357 3007 4421 quem
3089 4335 3272 4401 Deus
3343 4343 3439 4400 tot
3519 4333 3878 4400 honoribus
3956 4356 4156 4417 supra
4229 4355 4454 4399 omnes

2503 4422 2812 4487 mortales
2860 4423 3218 4499 extulerat,
3288 4442 3514 4486 eorum
3580 4441 3775 4485 causa
3836 4440 4082 4503 pronus
4144 4420 4250 4484 in·
4282 4432 4459 4485 terra

2502 4510 2763 4574 iaceret.

2676 4592 2737 4659 6.
2799 4592 3075 4658 lehosua
3138 4612 3280 4657 vcro
3340 4591 3523 4674 filius
3591 4590 3763 4656 Nun.
3853 4590 3985 4655 Hic
4061 4589 4458 4673 exprimitur

2502 4679 3015 4765 magnanimitas
3094 4678 3442 4743 Iehosuae:
3517 4698 3720 4759 quum
3799 4686 3954 4741 ante
4019 4677 4196 4741 solus
4254 4673 4457 4740 Oaleb

2503 4765 2734 4831 fuisset
2775 4763 3099 4829 laudatus.
3163 4764 3344 4830 Dicit
3380 4772 3597 4829 autem
3644 4762 3881 4843 Moses,
3925 4763 4148 4827 ambos
4183 4758 4458 4826 scidisse

2506 4862 2728 4918 vestes
2799 4850 2871 4915 in
2938 4851 3202 4935 signum
3268 4850 3545 4916 extremi
3638 4849 3911 4927 doloris,
3995 4857 4190 4930 atque
4255 4847 4457 4911 etiam

2505 4936 2978 5003 detestationis.
3080 4936 3263 5002 Haec
3350 4938 3553 5016 enim,
3642 4945 3716 5000 ut
3793 4935 3951 4999 satis
4027 4945 4256 4997 notum
4332 4939 4455 5012 est,

2504 5023 2931 5089 orientalibus
3000 5022 3257 5105 populis
3335 5022 3629 5087 solennis
3694 5022 3815 5085 fuit
3894 5017 4300 5084 caeremonia
4380 5016 4454 5081 in

2504 5108 2896 5193 gravissimo
2930 5108 3130 5187 luctu,
3170 5108 3268 5172 vel
3302 5127 3506 5190 quum
3543 5106 3756 5173 scelus
3791 5103 4053 5187 aliquod
4092 5102 4457 5168 abominari

2507 5196 2769 5260 vellent.
2834 5194 3036 5261 Hunc
3083 5214 3326 5259 morem
3373 5214 3714 5278 perperam
3759 5190 4000 5255 imitati
4044 5199 4201 5256 sunt
4244 5190 4455 5275 hypo-

2506 5282 2742 5359 critae,
2809 5281 2918 5345 vel
2982 5301 3181 5364 quum
3249 5279 3536 5345 dolorem
3593 5277 4010 5355 simularent,
4078 5274 4182 5343 vel
4249 5295 4450 5360 quum

2506 5366 2725 5433 fucum
2794 5366 3041 5431 vellent
3102 5367 3312 5433 facere
3378 5362 3798 5447 simplicibus.
3889 5366 3998 5502 All}3
4044 5370 4294 5428 certum
4353 5366 4460 5427 est
