5017 6142
410 463 536 531 389

405 651 566 731 Dei,
619 661 686 719 et
741 672 1040 720 servasse
1094 653 1357 735 foedus,
1402 674 1532 721 non
1576 654 1657 721 ad
1700 676 2112 723 communem
2153 654 2345 723 modo

408 736 839 805 obedientiam
905 746 1189 824 spectat:
1255 739 1368 807 sed
1434 740 1515 806 ad
1581 741 1973 825 peculiarem
2038 740 2347 810 servandi

408 823 683 909 depositi
746 845 988 892 curam.
1090 825 1347 892 Pariter
1409 825 1669 911 quidem
1740 826 2050 894 dicuntur
2122 827 2346 896 fideles

405 909 619 995 legem
691 931 982 992 servare,
1062 910 1218 977 dum
1284 911 1369 978 ad
1431 918 1656 980 sancte
1723 913 1995 980 vivendi
2057 913 2344 980 studium

410 995 646 1063 attenti
689 1005 878 1064 sunt:
930 994 1044 1062 sed
1086 997 1380 1064 custodia
1423 998 1607 1064 cuius
1650 997 1758 1066 hic
1801 1000 1878 1066 fit
1919 1000 2189 1079 mentio,
2316 1035 2346 1050 -

408 1080 743 1149 culiariter
808 1080 889 1147 ad
956 1082 1230 1149 docendi
1305 1104 1543 1150 munus
1606 1083 1910 1150 refertur.
2019 1083 2227 1152 Ousto
2273 1105 2343 1152 es

407 1188 562 1254 ergo
618 1167 782 1253 legis
823 1178 1141 1235 vocantur
1182 1169 1457 1236 Levitae
1498 1176 1565 1235 et
1613 1169 2061 1237 observatores
2080 1218 2096 1249 ,
2159 1171 2346 1255 quasi

406 1245 809 1337 νομοφύλακες
825 1278 845 1317 2
878 1253 1188 1338 quoniam
1223 1253 1396 1341 apud
1431 1274 1541 1322 eos
1577 1255 1911 1338 depositus
1934 1266 2033 1323 est
2053 1256 2348 1324 coelestis

408 1337 744 1406 doctrinae
808 1340 1195 1407 thesaurus:
1262 1340 1433 1425 quod
1500 1343 1795 1424 proximo
1852 1362 2050 1409 versu
2105 1341 2346 1409 clarius

406 1425 785 1509 exponitur:
832 1424 1178 1493 Docebunt
1210 1425 1423 1503 Iacob,
1458 1436 1578 1493 etc.
1638 1425 1714 1493 Si
1751 1428 1894 1511 quis
1929 1427 1989 1493 le
2039 1427 2092 1494 ‘s
2127 1427 2345 1495 obser·

405 1512 740 1578 vationem
779 1510 1147 1596 intelligere
1189 1512 1375 1576 malit
1419 1511 1498 1578 de
1541 1512 1683 1579 vita
1725 1522 1794 1579 et
1826 1449 2137 1590 moriae,
2179 1533 2256 1582 ac
2289 1513 2344 1581 si

408 1596 655 1665 dictum
702 1606 901 1663 esset:
960 1597 1235 1663 Levitas
1290 1596 1458 1664 bono
1512 1598 1812 1683 exemplo
1870 1598 2018 1666 aliis
2072 1601 2343 1683 praeire,

405 1703 541 1748 non
581 1681 934 1750 contendo:
978 1682 1142 1748 mibi
1188 1689 1409 1749 tamen
1451 1683 1713 1751 videtur
1747 1684 2105 1751 secundum
2138 1706 2344 1751 mem·

405 1769 597 1835 brum
634 1789 777 1834 esse
812 1769 1215 1853 exegeticum
1233 1818 1250 1849 ,
1292 1777 1360 1834 et
1393 1769 1781 1836 familiarius
1815 1769 2141 1854 explicare
2175 1771 2344 1855 quod

407 1854 801 1921 subobscure
857 1853 1107 1921 dictum
1164 1854 1412 1935 fuerat,
1465 1855 1577 1922 vel
1631 1855 1895 1921 modum
1936 1867 2163 1923 notare
2208 1878 2344 1924 ser·

404 1939 662 2006 vandae
700 1939 883 2024 legis,
928 1941 1083 2023 quia
1109 1939 1329 2024 populi
1366 1938 1660 2006 doctores
1696 1949 1761 2006 et
1796 1942 2091 2028 magistri
2128 1949 2341 2008 erunt.

402 2025 799 2109 Quanquam
845 2024 1130 2090 notanda
1173 2034 1273 2092 est
1329 2024 1599 2093 docendi
1655 2027 1853 2094 ratio:
1906 2049 2115 2111 neque
2170 2029 2345 2095 enim

405 2111 542 2177 illis
584 2111 991 2195 permittitur
1026 2132 1143 2178 sua
1177 2118 1550 2178 commenta
1580 2113 1899 2197 ingerere,
1948 2113 2051 2180 vel
2086 2114 2345 2198 proprio

401 2197 679 2263 arbitrio
723 2198 975 2282 fingere
1018 2195 1287 2262 vivendi
1346 2197 1673 2282 regulam:
1740 2197 1855 2266 sed
1906 2198 2218 2265 iubentur
2261 2220 2345 2266 ex

401 2283 549 2368 lege
592 2291 815 2367 petere
858 2281 1032 2367 quod
1078 2282 1369 2362 tradant,
1428 2303 1699 2367 eamque
1748 2304 1910 2367 pure
1955 2296 2021 2350 et
2063 2284 2344 2352 fideliter

398 2368 842 2452 interpretari.
929 2368 1116 2435 Haec
1160 2376 1376 2435 autem
1421 2369 1809 2454 interposita
1863 2370 1989 2436 fuit
2040 2370 2342 2451 conditio,

399 2461 481 2520 ut
522 2454 815 2538 quisquis
858 2453 1126 2521 honoris
1169 2455 1366 2520 vellet
1409 2475 1552 2521 esse
1593 2475 1941 2534 successor,
1986 2458 2345 2524 vocationis

399 2560 559 2606 suae
602 2559 883 2620 memor,
937 2538 1207 2606 docendi
1265 2540 1559 2624 partibus
1600 2539 1878 2607 fideliter
1918 2542 2341 2611 incumberet.

395 2627 636 2709 Itaque
676 2646 876 2710 quum
920 2624 1298 2709 incorrupto
1341 2625 1651 2692 ecclesiae
1686 2637 1863 2692 statu
1897 2628 2159 2694 inanem
2196 2629 2347 2695 titu-

398 2711 539 2777 lum
578 2710 1005 2778 obtenderent
1040 2710 1428 2790 sacerdotes,
1473 2709 1707 2794 quibus
1735 2712 1902 2777 nihil
1937 2725 2080 2779 erat
2115 2716 2346 2794 simile,

399 2796 606 2863 stulta
670 2817 892 2863 eorum
960 2796 1258 2882 gloriatio
1312 2795 1634 2863 refellitur
1691 2797 1863 2882 apud
1920 2799 2347 2867 Malachiam:

400 2882 685 2949 Pactum
730 2903 969 2964 meum,
1011 2883 1237 2965 inquit,
1281 2883 1403 2948 fuit
1446 2904 1595 2950 cum
1629 2881 1820 2963 Levi,
1865 2894 2127 2968 pactum
2171 2886 2348 2954 vitae

402 2975 475 3033 et
517 2967 691 3052 pacis
734 2966 917 3055 (Mal.
964 2969 1039 3048 2,
1094 2966 1195 3054 5):
1249 2969 1405 3053 qnia
1460 2968 1571 3034 lex
1612 2969 1913 3037 veritatis
1957 2969 2081 3037 fuit
2122 2972 2192 3037 in
2236 2992 2347 3038 ore

400 3053 567 3134 eius,
609 3062 675 3120 et
707 3053 882 3120 labia
916 3052 1268 3121 sacerdotis
1301 3053 1671 3120 custodient
1703 3055 2060 3134 scientiam,
2106 3056 2346 3142 legem·

400 3160 534 3224 que
557 3141 889 3224 requirent
911 3160 994 3205 ex
1029 3160 1141 3205 ore
1176 3140 1349 3206 eius:
1388 3159 1505 3206 vos
1540 3148 1758 3206 autem
1797 3141 2085 3208 violastis
2119 3142 2347 3210 foedus

398 3245 644 3291 meum.
715 3226 1060 3292 Discamus
1088 3246 1244 3311 ergo
1279 3246 1360 3292 ex
1404 3224 1528 3291 boc
1570 3225 1728 3308 loco,
1772 3227 2061 3311 quisquis
2103 3230 2345 3311 prima-

398 3320 547 3376 tum
612 3310 735 3377 sibi
802 3317 1067 3396 arrogat
1129 3311 1199 3375 in
1261 3311 1563 3391 ecclesia,
1643 3311 2152 3396 repudiandum,
2219 3316 2345 3381 nisi

397 3394 608 3462 fidum
663 3396 989 3463 doctorem
1048 3406 1351 3481 praestet.
1439 3396 1663 3462 Tertia
1717 3419 1869 3481 pars
1926 3398 2346 3467 sacerdotalis

396 3482 601 3549 officii
645 3480 937 3549 additur:
983 3480 1269 3566 Operam
1311 3482 1466 3549 dare
1502 3481 1704 3549 sacris
1739 3483 2153 3569 peragendis:
2190 3507 2345 3552 nam

397 3569 486 3634 ab
532 3567 961 3653 agricultura,
1021 3577 1087 3633 et
1145 3567 1291 3635 aliis
1334 3568 1614 3634 terrenis
1658 3569 1941 3654 negotiis
1985 3590 2095 3636 eos
2137 3571 2345 3655 expli·

394 3662 628 3721 cuerat
685 3652 900 3733 Deus,
966 3674 1091 3737 qno
1167 3653 1433 3720 liberius
1491 3653 1760 3721 docendi
1811 3663 1878 3721 et
1939 3655 2347 3724 sacrificandi

397 3738 614 3809 officio
648 3748 981 3807 vacarent.
1049 3739 1201 3806 Etsi
1244 3748 1463 3805 autem
1511 3739 1737 3820 videri,
1781 3741 1995 3825 potuit
2037 3741 2189 3809 vilis
2231 3741 2346 3808 illa

396 3825 771 3909 occupatio:
818 3826 872 3891 si
919 3836 1139 3890 tamen
1185 3826 1427 3891 veritas
1470 3832 1829 3908 spectatur,
1875 3847 2009 3892 non
2057 3828 2347 3914 vulgaris

396 3911 529 3977 fuit
593 3911 835 3991 honor,
909 3911 1157 3978 medios
1220 3910 1624 3977 intercedere
1690 3919 1761 3978 ut
1822 3912 2135 3996 populum
2204 3914 2346 3980 Deo

399 3996 930 4064 reconciliarent:
999 4018 1155 4062 nam
1213 4003 1281 4062 et
1333 3996 1593 4062 minimi
1650 3997 1890 4081 quique
1947 4019 2030 4064 ex
2086 3999 2347 4066 Levitis

399 4084 688 4167 aliquam
732 4081 1040 4166 expiandi
1083 4089 1335 4166 partem
1373 4082 1657 4148 obibant.
1725 4084 1931 4149 Porro
1964 4084 2088 4152 sub
2121 4084 2347 4153 suffitu

397 4177 469 4235 et
511 4168 936 4248 holocaustis,
1000 4166 1575 4252 comprehenditur
1617 4177 1795 4234 totus
1839 4169 2066 4254 legalis
2107 4170 2345 4238 cultus.

397 4254 495 4320 Et
537 4255 798 4321 suffitus
844 4254 1081 4319 dicitur
1122 4253 1435 4338 applicari
1480 4254 1607 4320 Dei
1652 4253 1944 4321 naribus:
2001 4256 2151 4340 quia
2205 4256 2347 4323 eius

400 4338 748 4406 oblationis
792 4347 1017 4425 gratus
1063 4348 1131 4405 et
1173 4340 1357 4423 quasi
1396 4341 1617 4407 suavis
1661 4348 1799 4406 erat
1842 4341 2024 4421 odor,
2072 4350 2148 4407 nt
2191 4341 2345 4409 alibi

397 4426 619 4492 visum
663 4433 779 4491 est.

577 4510 675 4577 10.
721 4509 1001 4579 Benedic
1043 4510 1291 4577 Iehova.
1382 4511 1665 4577 Videtur
1709 4510 1867 4579 haec
1915 4513 2202 4597 precatio
2246 4520 2345 4581 ta-

389 4598 523 4663 cite
587 4597 826 4682 opponi
885 4596 1199 4681 penuriae
1253 4617 1417 4680 quae
1474 4597 1749 4663 Levitas
1804 4598 2146 4678 manebat,
2215 4600 2344 4667 nisi

394 4681 660 4750 aliunde
724 4682 859 4748 illis
929 4682 1144 4748 cibum
1209 4683 1688 4767 suppeditasset
1745 4683 1927 4749 Deus
1995 4705 2190 4767 quam
2260 4707 2344 4752 ex

388 4789 705 4854 agrorum
763 4777 1109 4853 proventu.
1210 4768 1471 4834 Privati
1529 4767 1706 4833 enim
1764 4777 1955 4834 erant
2010 4774 2342 4838 communi

392 4851 833 4934 haereditate,
889 4862 955 4920 et
1005 4853 1186 4920 solus
1231 4854 1415 4921 Deus
1457 4853 1589 4920 illis
1632 4863 1774 4920 erat
1816 4875 1935 4938 pro
1978 4855 2340 4924 latifundio.

389 4940 575 5025 Ergo
616 4961 701 5006 ne
744 4940 876 5007 illis
921 4940 1193 5006 molesta
1235 4939 1323 5005 sit
1364 4959 1483 5006 sua
1526 4939 1830 5020 conditio,
1874 4940 2179 5008 solatium
2225 4942 2343 5009 ad-

391 5025 579 5093 hibet
598 5026 836 5105 Moses,
881 5033 948 5090 et
981 5025 1162 5091 iubet
1196 5045 1236 5091 a
1258 5026 1400 5092 Deo
1437 5034 1815 5111 exspectare
1859 5028 2134 5111 copiam,
2180 5049 2344 5112 quae

392 5110 479 5176 ad
524 5112 771 5179 victum
818 5112 1129 5193 sufficiat,
1185 5111 1571 5196 promittens
1627 5113 1768 5179 eius
1825 5111 2341 5180 benedictionem

393 5196 709 5265 uberrimi
792 5206 1100 5265 roventus
1122 5197 1261 5264 loco
1282 5196 1420 5263 fore
1444 5198 1633 5265 sicuti
1654 5199 1725 5263 in
1747 5198 2011 5266 Psalmo
2032 5198 2205 5287 (132,
2234 5200 2341 5288 15)

390 5282 665 5351 dicitur:
710 5220 978 5351 &ictum
1023 5284 1164 5352 eius
1206 5283 1596 5351 benedicens
1657 5283 2067 5366 benedicam,
2129 5293 2196 5352 et
2238 5309 2343 5353 sa·

380 5369 686 5439 cerdotes
730 5370 1036 5437 saturabo
1070 5369 1366 5454 panibus.
1435 5369 1624 5453 Quod
1671 5370 1994 5454 sequitur:
2040 5371 2136 5438 Ut
2180 5393 2342 5458 opus

1810 465 2215 536 REDITUS
2259 468 2389 535 AD
2431 464 2979 535 HISTORIAM.

4270 471 4401 539 390

2447 675 2763 722 manuum
2800 655 2942 722 Deo
2978 655 3246 739 placeat,
3337 663 3505 723 otest
3539 662 3674 722 tam
3719 657 4113 742 generaliter
4156 679 4237 723 ex
4286 658 4395 724 oni

2451 740 2531 807 de
2586 740 2804 808 labore
2858 743 2972 826 qui
3029 740 3432 826 impenditur
3486 740 3567 809 ad
3624 743 3874 809 victum
3928 744 4234 845 acquiren
4281 764 4394 809 um

2448 847 2646 911 quam
2691 826 2771 892 de
2813 826 2989 894 cultu
3008 879 3023 905 ,
3085 828 3189 893 vel
3248 828 3651 895 tabernaculi
3708 827 4103 895 ministerio:
4161 849 4396 897 verum

2448 913 2607 996 quia
2647 912 2922 978 Levitae
2964 914 3147 980 Deus
3201 913 3560 998 occupabat
3612 914 3682 978 in
3740 915 3943 980 sacris
3990 915 4394 995 muneribus,

2448 998 2711 1065 videtur
2744 997 2872 1065 obli
2918 1018 2999 1064 ue
3031 999 3164 1065 illis
3198 1001 3594 1083 promittere,
3639 1021 3772 1066 non
3807 999 4026 1066 minus
4061 1000 4397 1067 fructuosa

2449 1084 2587 1150 fore
2630 1083 2879 1150 eiusmo
2925 1085 2946 1149 i
2990 1085 3319 1164 exercitia,
3364 1105 3559 1169 quam
3607 1085 3662 1152 si
3707 1083 3791 1151 ad
3832 1085 4085 1152 lucrum
4131 1087 4395 1169 penitus

2450 1170 2683 1235 attenti
2726 1177 2967 1237 essent.
3034 1169 3203 1236 Aliis
3246 1171 3345 1236 fas
3388 1180 3530 1236 erat
3572 1170 3963 1236 industriam
4007 1191 4195 1238 suam
4238 1192 4393 1239 oon·

2449 1255 2621 1321 ferre
2678 1256 2763 1322 ad
2819 1255 3152 1340 augendas
3208 1257 3494 1321 rationes
3552 1256 3971 1323 domesticas:
4050 1265 4128 1323 ut
4238 1255 4394 1322 robe

2455 1341 2669 1408 officio
2746 1341 3195 1409 satisfacerent
3257 1342 3567 1420 Levitae,
3650 1350 3996 1425 quaestum
4060 1362 4145 1407 ne
4216 1342 4394 1426 igere

2450 1426 2758 1510 oportuit.
2849 1427 2991 1493 Iam
3038 1448 3121 1492 ne
3166 1427 3287 1493 sibi
3334 1427 3412 1492 ab
3456 1426 3675 1492 inedia
3720 1433 4033 1507 metuant,
4086 1448 4126 1492 a
4171 1435 4395 1493 monet

2450 1511 2688 1593 Moses,
2732 1512 3170 1597 spiritualium
3212 1513 3509 1579 laborum
3553 1521 3880 1579 terrenam
3919 1533 4177 1597 quoque
4219 1534 4393 1578 mer-

2448 1597 2672 1664 cedem
2731 1619 2770 1663 a
2828 1598 2968 1664 Deo
3036 1598 3423 1681 sperandam
3492 1619 3652 1665 esse.
3752 1599 4051 1664 Tertium
4113 1597 4181 1663 id
4238 1597 4393 1663 data

2448 1703 2649 1768 opera
2704 1685 2988 1766 positum
3049 1703 3190 1749 esse
3249 1683 3542 1765 videtur,
3602 1692 3678 1749 ut
3718 1684 3903 1750 Deus
3958 1685 4240 1767 configat
4285 1684 4389 1750 vel

2447 1769 2775 1852 percutiat
2817 1769 2956 1835 eius
2999 1768 3329 1835 inimicos:
3377 1770 3530 1853 quia
3566 1777 3641 1834 ut
3683 1770 4039 1853 plurimum
4082 1768 4391 1848 invidiae,

2451 1853 2616 1921 odiis
2670 1864 2739 1920 et
2790 1854 3323 1921 insectationibus
3381 1856 3657 1938 expositi
3716 1864 3869 1921 sunt
3925 1856 4016 1938 pii
4076 1854 4390 1921 doctores.

2449 1939 2621 2006 Nam
2667 1941 2834 2023 quod
2882 1939 3196 2006 Ieremias
3240 1938 3384 2025 (15,
3442 1940 3547 2027 10)
3591 1942 4013 2026 conqueritur
4056 1962 4129 2007 se
4171 1941 4389 2005 virum

2450 2046 2592 2092 esse
2636 2027 2949 2107 rixarum,
2998 2025 3068 2091 in
3113 2046 3340 2092 omnes
3382 2026 3733 2110 prophetas
3777 2035 3843 2091 et
3886 2026 4012 2091 Dei
4056 2024 4393 2091 ministros

2451 2112 2789 2195 competit:
2826 2114 2979 2196 quia
3012 2131 3207 2196 aegre
3241 2112 3489 2196 patitur
3523 2111 3812 2177 mundus
3846 2111 4172 2194 spirituali
4207 2111 4389 2178 verbi

2451 2197 2581 2262 Dei
2640 2197 2857 2281 gladio
2920 2218 3071 2263 suos
3131 2198 3404 2263 affectus
3464 2197 3768 2263 mactari:
3835 2196 4011 2263 unde
4069 2196 4392 2263 ebulliunt

2450 2282 2661 2348 multa
2703 2283 3072 2350 certamina.
3164 2281 3420 2348 Deinde
3474 2281 3678 2348 Satan
3724 2289 3797 2347 ut
3841 2282 4391 2366 contemptibilem

2450 2367 2686 2434 reddat
2729 2367 3089 2434 doctrinam
3108 2419 3124 2448 ,
3182 2389 3312 2433 non
3365 2368 3605 2434 desinit
3647 2368 4139 2452 quibuscunque
4180 2378 4394 2451 potest

2450 2451 2662 2520 modis
2703 2454 2977 2520 infestus
3023 2475 3183 2533 esse,
3220 2463 3287 2519 et
3327 2474 3584 2520 armare
3617 2473 3770 2520 suas
3813 2460 4116 2518 catervas
4157 2451 4239 2518 ad
4285 2473 4398 2538 ge·

2451 2538 2729 2605 rendum
2777 2538 3054 2605 bellum:
3113 2549 3190 2605 ut
3232 2538 3549 2623 singulari
3595 2538 3718 2604 Dei
3766 2538 4011 2605 auxilio
4055 2536 4398 2622 indigeant

2451 2625 2761 2691 ecclesiae
2841 2632 3158 2709 pastores.
3266 2625 3484 2691 Locus
3561 2645 3718 2709 ergo
3796 2624 4091 2708 apprime
4168 2630 4397 2689 notatu

2453 2710 2712 2795 dignus,
2757 2711 3055 2794 quamvis
3098 2732 3355 2794 semper
3390 2710 3777 2776 immineant
3803 2711 3927 2775 Dei
3962 2708 4169 2776 servis
4202 2707 4397 2773 multi

2453 2795 2847 2875 adversarii,
2912 2816 3022 2862 eos
3069 2796 3433 2876 obsideant,
3479 2807 3836 2879 provocent
3878 2794 3961 2861 ad
4003 2794 4395 2872 conflictum,

2452 2881 2671 2948 omnia
2712 2881 2988 2965 denique
3031 2882 3489 2948 machinentur
3535 2880 3616 2948 ad
3670 2881 3847 2964 ipsos
3899 2877 4394 2965 oppugnandos,

2451 2975 2715 3051 praesto
2774 2978 2992 3033 tamen
3051 2967 3189 3033 fore
3234 2968 3360 3033 Dei
3405 2965 3800 3047 subsidium,
3859 2985 3991 3050 quo
4035 2964 4397 3031 reddantur

2449 3052 3023 3139 inexpugnabiles:
3069 3053 3262 3120 sicuti
3297 3052 3614 3119 Ieremias
3650 3051 3893 3120 dictum
3930 3052 4079 3118 fuit:
4124 3050 4395 3135 Pugna·

2449 3139 2621 3205 bunt
2662 3148 2892 3206 contra
2934 3145 3033 3217 te,
3090 3138 3202 3205 sed
3258 3160 3390 3205 non
3444 3138 3923 3222 praevalebunt
3965 3135 4117 3224 (Ier.
4160 3138 4216 3215 1,
4266 3133 4391 3220 19).

2448 3224 2583 3292 Ubi
2624 3224 2978 3291 vertimus:
3016 3224 3117 3290 Ne
3160 3230 3536 3310 resurgant,
3577 3224 3686 3291 alii
3720 3222 4009 3290 reddunt
4042 3222 4144 3290 Ne
4177 3222 4397 3288 insur-

2448 3317 2639 3396 gant:
2698 3309 2866 3394 quod
2924 3310 3047 3376 etsi
3094 3332 3225 3375 non
3268 3311 3516 3388 reiicio,
3576 3309 3841 3375 videtur
3898 3316 4118 3373 tamen
4173 3307 4394 3373 minus

2448 3417 2593 3462 esse
2662 3402 3208 3462 consentaneum:
3274 3396 3425 3479 quia
3488 3394 3701 3461 noluit
3756 3395 3975 3461 Moses
4030 3393 4304 3459 Levitae
4356 3411 4398 3457 a

2448 3481 2763 3548 molestiis
2795 3502 3165 3566 pugnarum
3202 3482 3516 3549 eximere:
3563 3481 3678 3547 sed
3714 3487 3977 3547 tantum
4012 3478 4397 3563 promittere

2447 3568 2824 3635 victoriam:
2882 3567 3039 3651 quia
3080 3565 3268 3633 Deus
3313 3567 3534 3635 hostes
3577 3587 3801 3633 eorum
3847 3564 4202 3633 exitialiter
4243 3582 4396 3648 pro-

2449 3662 2716 3720 sternet.

2625 3738 2726 3805 12.
2784 3737 2896 3804 Aa
2940 3736 3283 3804 Beniamin
3338 3739 3518 3804 dixit.
3609 3735 3957 3802 Probabile
4016 3742 4117 3800 est
4161 3733 4396 3800 Mosen

2452 3824 2536 3891 ad
2593 3823 3066 3891 haereditatem
3123 3823 3448 3903 alludere,
3507 3842 3672 3907 quae
3730 3829 3905 3887 sorte
3963 3820 4199 3905 obtigit
4240 3819 4397 3886 filiis

2451 3910 2837 3976 Beniamin:
2903 3929 3056 3975 nam
3122 3909 3253 3975 illis
3310 3929 3465 3992 pars
3523 3909 3964 3993 lerosolymae
4029 3905 4258 3986 cessit,
4324 3905 4394 3970 in

2451 4016 2580 4081 qua
2635 4003 2779 4062 erat
2826 3994 3163 4079 templum.
3254 3994 3581 4076 Quoniam
3641 4013 3797 4078 ergo
3855 3991 4205 4059 stationem
4263 3989 4397 4057 illis

2452 4082 2750 4149 attribuit
2803 4081 3019 4158 Deus,
3078 4080 3150 4146 in
3203 4101 3333 4164 qua
3386 4102 3496 4146 eos
3551 4077 4026 4165 quodammodo
4081 4076 4201 4143 alis
4257 4076 4396 4143 suis

2451 4175 2855 4265 protegeret,
2915 4187 2990 4233 ac
3042 4166 3323 4248 foveret,
3378 4188 3507 4232 non
3563 4167 3679 4233 abs
3727 4186 3795 4229 re
3841 4163 4146 4231 dicuntur
4189 4161 4271 4228 ab
4318 4182 4397 4227 eo

2450 4255 2694 4333 dilecti,
2762 4253 2913 4336 quia
2972 4251 3041 4318 id
3103 4274 3232 4318 non
3294 4252 3568 4337 vulgare
3631 4251 3755 4318 fuit
3819 4251 4059 4316 amoris
4129 4247 4392 4333 pignus.

2449 4339 2772 4407 Habitare
2817 4358 2974 4404 vero
3012 4360 3208 4423 super
3253 4339 3496 4417 Deum,
3555 4346 3622 4404 et
3663 4337 3835 4402 inter
3876 4335 4187 4401 humeros
4232 4333 4391 4414 eius,

2450 4423 2842 4492 tantundem
2888 4423 3063 4489 valet
3107 4438 3299 4507 atque
3356 4424 3429 4488 in
3483 4443 3633 4490 eum
3687 4422 4100 4498 recumbere,
4162 4418 4395 4485 simili-

2448 4511 2680 4578 tudine
2717 4531 2755 4576 a
2787 4507 3082 4593 patribus
3127 4519 3404 4593 sumpta,
3450 4510 3561 4593 qui
3605 4509 3774 4575 filios
3820 4506 4036 4574 adhuc
4080 4504 4395 4589 parvulos

2449 4605 2515 4662 et
2558 4605 2818 4662 teneros
2855 4603 3151 4680 gestant:
3198 4595 3332 4660 Alii
3368 4596 3764 4662 contrarium
3802 4612 4066 4659 sensum
4106 4590 4394 4670 eliciunt,

2449 4682 2669 4749 Deum
2711 4680 3163 4748 habitaturum
3220 4702 3413 4766 super
3468 4681 3778 4747 humeros
3821 4677 4210 4745 Beniamin:
4278 4673 4393 4741 sed

2447 4769 2643 4835 nimis
2687 4766 3024 4834 violenter.

2621 4851 2719 4919 13.
2787 4851 2900 4918 Aa
2967 4852 3193 4935 Ioseph
3255 4873 3396 4918 vero
3457 4853 3641 4918 dixit.
3745 4848 4088 4933 Quaedam
4153 4847 4397 4929 repetit

2445 4939 2667 5006 Moses
2721 4959 2805 5003 ex
2870 4936 3318 5006 benedictione
3376 4938 3601 5018 Iacob,
3672 4955 3880 5020 neque
3935 4935 4008 5000 in
4075 4932 4208 4997 ulla
4266 4931 4396 4997 alia

2447 5024 2622 5091 tribu
2668 5032 2802 5089 tam
2846 5023 3047 5107 probe
3091 5024 3341 5092 accedit
3383 5023 3462 5090 ad
3509 5020 3920 5107 patriarchae
3954 5018 4175 5086 verba.
4243 5016 4395 5083 Ets‘i

2446 5121 2666 5177 autem
2724 5116 2880 5175 tunc
2938 5110 3008 5174 in
3067 5109 3229 5176 duas
3283 5109 3494 5175 tribus
3550 5118 3613 5174 et
3677 5118 3907 5191 gentes
3973 5103 4188 5170 divisa
4252 5110 4396 5168 erat

2444 5196 2697 5264 familia
2754 5193 3022 5278 Ioseph,
3096 5195 3436 5262 exorditur
3503 5202 3721 5260 tamen
3789 5192 3868 5257 ab
3939 5191 4084 5274 ipso
4149 5190 4392 5274 capite:

2446 5282 2714 5350 tandem
2778 5300 2937 5347 vero
3001 5282 3072 5347 in
3137 5283 3270 5348 fine
3333 5278 3723 5365 pronunciat
3788 5276 3868 5341 ad
3944 5275 4262 5360 Ephraim
4328 5282 4396 5341 et

2446 5373 2754 5440 Manasse
2797 5367 3123 5450 pertinere
3167 5367 3335 5451 quod
3380 5364 3551 5450 patri
3595 5363 3820 5430 datum
3866 5361 4099 5428 fuerat.
4165 5361 4393 5430 Primo

3877 5461 3983 5519 25*
