5017 6142
505 443 589 512 89
1917 440 2327 510 REDI'I'US
2371 440 2500 508 AD
2544 439 3091 509 HISTORIAM.

496 640 581 700 ut
619 633 795 699 malo
838 630 1203 697 remedium
1247 631 1529 697 afferret.
1610 630 1838 714 Neque
1882 632 2057 695 enim
2101 637 2445 696 consenta-

504 739 708 784 neum
752 718 997 798 fuisset,
1043 715 1268 783 audita
1312 725 1446 781 tam
1492 736 1725 781 severa
1767 727 1835 781 et
1868 717 2057 801 gravi
2091 716 2447 781 commina-

508 806 716 884 tione,
771 803 988 869 nullas
1042 802 1513 886 interposuisse
1555 821 1810 885 preces,
1866 823 2069 885 quum
2113 809 2449 884 tantopere

505 889 826 956 sollicitus
870 896 1044 955 esset
1086 887 1167 953 de
1211 888 1420 953 salute
1463 887 1706 972 populi.

1022 1177 1154 1243 EX
1197 1174 1528 1243 EODEM
1574 1174 1932 1241 OAPI'I'E.

680 1314 781 1381 15.
832 1314 1009 1379 Tunc
1047 1314 1230 1379 vertit
1278 1333 1347 1379 se
1383 1311 1621 1391 Mosco,
1678 1317 1736 1376 et
1789 1312 2098 1380 descendit
2149 1333 2182 1378 e
2222 1317 2454 1378 monte:

500 1405 800 1484 erantque
832 1401 997 1467 duae
1029 1399 1274 1464 tabulae
1306 1399 1648 1464 testimonii
1679 1398 1752 1462 in
1784 1418 1982 1464 mana
2014 1401 2169 1476 eiua,
2206 1399 2452 1465 tabulae

500 1488 777 1568 scriptae
818 1485 899 1551 ab
939 1490 1204 1565 utraque
1244 1485 1572 1570 superficie
1611 1502 1750 1564 sua,
1790 1484 1935 1550 hinc
1978 1489 2039 1549 et
2078 1483 2225 1549 inde
2269 1490 2450 1550 erant

500 1575 792 1655 scriptae.
885 1571 985 1637 16.
1052 1570 1142 1635 Ec
1192 1569 1437 1636 tabulae
1488 1575 1667 1635 erant
1719 1589 1878 1651 opus
1919 1570 2078 1643 Dei,
2135 1569 2451 1653 scriptura

503 1659 667 1736 Dei,
722 1658 1044 1740 scriptura
1084 1662 1221 1722 erat
1259 1656 1504 1738 sculpta
1545 1657 1618 1720 in
1661 1654 1911 1721 tubuli-5.
2002 1656 2102 1721 17.
2164 1657 2451 1721 Audiens

501 1749 711 1811 atatem
766 1743 1040 1809 Iehosua
1103 1762 1306 1807 vocem
1365 1741 1594 1823 populi
1656 1741 1731 1805 in
1793 1741 2228 1822 vociferatiovoe
2293 1743 2449 1821 ciue,

502 1831 675 1896 dixit
716 1830 804 1896 ad
846 1828 1105 1895 Mosen.-
1159 1828 1297 1894 Vooe
1319 1827 1555 1907 proelii
1596 1832 1689 1892 est
1730 1828 1799 1892 in
1843 1829 2088 1893 castris.
2180 1827 2280 1893 18.
2326 1827 2469 1908 Qui·

501 1916 858 1999 respondit.-
916 1915 1062 1979 Non
1103 1919 1196 1978 est
1234 1933 1352 1978 vom
1391 1913 1766 1996 respondens
1796 1912 2158 1992 fortitudini
2174 1964 2189 1991 ,
2257 1933 2450 1995 neque

501 2021 623 2067 voa:
655 2000 1034 2084 respondens
1074 1999 1433 2079 infirmitati
1446 2049 1460 2076 ,
1518 1998 1629 2064 sed
1683 2017 1888 2062 vocem
1943 1999 2300 2064 cantionum
2342 2018 2449 2083 eqo

502 2087 715 2153 audio,
806 2084 909 2151 19.
960 2084 1212 2151 Accidit
1253 2104 1445 2166 quum
1487 2084 2051 2166 appropinquasset
2093 2085 2179 2150 ad
2221 2088 2447 2163 castra,

499 2173 663 2238 vidit
700 2172 971 2238 vitulum
1012 2177 1066 2236 et
1108 2170 1364 2235 choros:
1406 2175 1463 2234 et
1493 2170 1830 2235 excanduit
1862 2169 2201 2235 iracundia
2224 2169 2447 2247 Masi-3,

594 2258 608 2271 ⁶
684 2258 697 2271 '
881 2277 915 2322 e
955 2255 1250 2322 manibus
1301 2256 1440 2320 sais
1495 2255 1742 2320 tabulas
1755 2305 1772 2334 ,
1826 2260 1882 2320 et
1931 2254 2120 2338 freyit
2174 2277 2283 2321 eas
2330 2254 2447 2320 sub

500 2350 719 2410 monte.
808 2342 911 2408 20.
977 2342 1155 2408 Tulit
1211 2361 1448 2424 quoquc
1498 2340 1765 2406 vitulum
1813 2360 1994 2422 quem
2033 2341 2337 2422 fecerant,
2393 2346 2450 2405 ct

499 2430 827 2496 mbuesit
859 2429 1013 2512 iqui,
1050 2428 1457 2509 contrivitque
1490 2427 1674 2492 donec
1715 2427 1950 2511 redeyit
1990 2427 2061 2491 in
2091 2427 2450 2509 pulverem.-

495 2521 557 2666 ff
604 2517 851 2668 spcgrsit
900 2515 973 2578 in
1027 2513 1414 2596 eupeniciem
1468 2532 1786 2594 aquarum
1804 2563 1819 2589 ,
1886 2516 1941 2577 et
1986 2514 2231 2595 potavit
2279 2514 2451 2595 filios

546 2621 695 2667 crae
723 2653 739 2667 .

671 2771 774 2838 15.
847 2771 1024 2837 Tunc
1076 2771 1261 2835 vertit
1304 2766 1515 2834 Moses
1555 2788 1640 2847 se,
1699 2774 1757 2835 et
1797 2769 2108 2835 descendit
2150 2791 2183 2835 e
2227 2776 2443 2836 monte.

497 2858 862 2925 Descendit
905 2855 1124 2920 Moses
1165 2855 1349 2920 iussu
1395 2855 1541 2932 Dei,
1588 2863 1665 2919 ut
1708 2866 2035 2937 spectator
2078 2856 2165 2921 sit
2208 2856 2447 2938 impiae

497 2943 912 3021 defectionis,
960 2953 1031 3007 ut
1075 2942 1170 3005 rei
1215 2941 1580 3025 indignitas
1622 2949 1760 3005 tam
1800 2940 1881 3005 ad
1918 2941 2181 3007 sceleris
2223 2940 2443 3007 odium

498 3043 566 3096 et
626 3029 1120 3095 detestationem
1174 3048 1368 3110 quam
1427 3026 1508 3091 ad
1574 3025 1936 3091 remedium
2003 3028 2444 3110 quaerendum

494 3117 709 3200 magis
752 3113 1150 3181 exstimulet.
1241 3113 1388 3177 Etsi
1434 3122 1655 3177 autem
1700 3112 1780 3177 de
1825 3113 2046 3196 populi
2097 3114 2445 3180 reiectione

497 3202 890 3269 sententiam
936 3199 1302 3283 protulerat
1348 3199 1526 3263 Deus
1572 3199 1827 3263 tabulas
1879 3208 2102 3265 tamen
2162 3199 2445 3267 foederis

497 3296 701 3354 testes
754 3287 1035 3353 intactas
1091 3285 1407 3367 relinquit
1463 3285 1641 3349 inter
1700 3284 1908 3350 Mosis
1971 3306 2238 3352 manus:
2307 3306 2440 3351 non

495 3376 647 3457 quia
690 3372 895 3438 vellet
936 3372 1153 3437 salvas
1188 3391 1474 3450 manere,
1518 3381 1596 3435 ut
1631 3370 1825 3454 paulo
1860 3381 2003 3453 post
2040 3371 2441 3438 videbimus:

496 3459 611 3526 sed
654 3469 734 3524 ut
773 3478 1001 3524 earum
1044 3457 1356 3534 intuitus,
1420 3455 1652 3521 deinde
1694 3456 2050 3522 confractio
2095 3458 2243 3539 plus
2289 3458 2443 3523 hor-

493 3545 666 3611 roris
709 3543 1021 3628 apostatis
1064 3544 1371 3619 incutiat,
1432 3543 1545 3625 qui
1603 3542 1843 3625 alioqui
1888 3545 2178 3609 amentia
2219 3544 2443 3609 obstu-

492 3640 797 3716 puerant.
886 3630 1025 3695 Our
1077 3629 1187 3694 lex
1240 3630 1310 3692 in
1352 3628 1516 3692 duas
1560 3628 1822 3694 tabulas
1868 3629 2175 3694 distincta
2221 3630 2443 3710 fuerit,

497 3718 654 3784 alibi
697 3717 914 3783 visum
959 3721 1088 3780 est:
1131 3736 1369 3797 nempe
1412 3714 1566 3796 quia
1601 3715 1819 3798 priore
1854 3715 1992 3781 loco
2027 3716 2341 3797 pietatem
2378 3725 2444 3781 et

494 3803 626 3869 Dei
661 3802 911 3870 cultum
947 3800 1183 3865 tradit:
1227 3799 1516 3866 secundo
1560 3811 1779 3864 autem
1823 3801 2209 3883 praescribit
2252 3823 2444 3885 regu-

498 3890 627 3954 lam
671 3889 845 3954 iuste
888 3886 1154 3954 vivendi
1201 3888 1374 3951 inter
1419 3885 1752 3965 homines,
1810 3895 1879 3951 et
1934 3887 2017 3952 ad
2060 3897 2293 3953 mutua
2337 3907 2442 3955 ca-

496 3976 715 4042 ritatis
756 3973 968 4039 officia
1011 3973 1319 4037 instituit.
1409 3970 1707 4054 Scriptas
1759 3980 1979 4037 autem
2039 3973 2121 4038 ab
2167 3981 2441 4058 utroque

495 4061 704 4127 latere
739 4059 942 4125 fuisse
978 4058 1248 4124 dubium
1287 4079 1417 4122 non
1457 4069 1575 4136 est,
1613 4059 1695 4122 ad
1719 4057 2087 4123 testandam
2112 4058 2441 4126 doctrinae

497 4146 977 4231 perfectionem.
1079 4143 1326 4209 Addita
1388 4142 1650 4227 quidem
1711 4143 1835 4208 fuit
1900 4154 2125 4228 postea
2186 4146 2442 4229 longior

497 4230 879 4316 explicatio:
946 4230 1061 4296 sed
1105 4231 1286 4295 Deus
1331 4231 1547 4313 palam
1594 4229 1895 4313 cognosci
1939 4229 2147 4296 voluit
2190 4231 2283 4297 sic
2330 4230 2440 4297 de-

497 4338 639 4384 cem
682 4316 901 4384 verbis
943 4317 1164 4381 omnia
1218 4338 1289 4381 se
1345 4316 1548 4382 fuisse
1604 4316 2048 4398 complexum,
2117 4325 2193 4382 ut
2250 4316 2441 4401 qnid-

498 4425 694 4488 quam
738 4403 977 4468 addere
1033 4403 1133 4468 fas
1190 4423 1323 4468 non
1382 4410 1573 4468 esset.
1662 4402 1844 4486 Ergo
1888 4423 1973 4468 ne
2016 4401 2171 4486 quid
2216 4424 2438 4469 assue-

496 4501 646 4555 rent
711 4489 1015 4554 homines
1079 4508 1164 4553 ex
1221 4489 1359 4553 suis
1415 4489 1830 4567 commentis,
1897 4488 2195 4570 implevit
2251 4488 2439 4556 Deus

495 4585 848 4658 utrumque
891 4574 1085 4653 latus,
1132 4583 1207 4638 ut
1241 4573 1410 4639 nihil
1447 4595 1723 4639 vacuum
1759 4582 2053 4639 restaret.
2098 4575 2441 4641 Vocantur

494 4681 689 4745 porro
724 4660 987 4725 tabulae
1022 4681 1190 4744 opus
1212 4659 1357 4736 Dei,
1404 4659 1573 4743 quod
1608 4680 1719 4725 eas
1755 4658 1836 4725 ad
1875 4659 2201 4726 scribendi
2245 4682 2440 4725 usum

497 4754 803 4832 aptasset.
893 4745 1047 4827 Qua
1102 4753 1264 4810 nota
1321 4745 1784 4811 discernuntur
1840 4766 1880 4809 a
1936 4747 2437 4829 posterioribus:

494 4835 564 4899 in
608 4833 845 4918 quibus
889 4832 1148 4897 tametsi
1197 4833 1406 4914 legem
1452 4852 1638 4896 suam
1687 4832 1871 4897 Deus
1922 4832 2298 4915 insculpsit,
2345 4832 2441 4897 la-

493 4919 678 5004 pides
723 4929 946 4983 tamen
992 4917 1202 4982 voluit
1245 4916 1453 4981 dolari
1495 4918 1891 4999 formarique
1932 4938 2134 4982 manu
2169 4927 2237 4983 et
2280 4919 2440 4983 arti-

492 5007 641 5072 ficio
673 5004 1032 5069 hominum.
1104 5001 1383 5069 Summa
1428 5013 1545 5080 est,
1588 5023 1722 5066 non
1766 5003 1956 5067 modo
1998 5004 2068 5068 in
2112 5004 2439 5086 prioribus

496 5091 740 5158 tabulis
811 5089 1031 5155 decem
1112 5098 1462 5172 praecepta
1528 5088 1844 5153 divinitus
1908 5088 2111 5154 fuisse
2176 5092 2436 5172 scripta,

493 5178 606 5245 sed
651 5177 725 5241 in
767 5176 1060 5259 lapidum
1107 5177 1321 5260 figura
1356 5173 1521 5239 nihil
1557 5173 1763 5241 fuisse
1798 5173 2178 5241 humanum.
2243 5176 2439 5243 Nunc

495 5265 551 5331 si
618 5262 955 5347 quaeritur
1019 5262 1340 5345 quomodo
1405 5260 1639 5343 sculpti
1707 5260 1953 5325 fuerint
2014 5260 2292 5343 lapides,
2373 5271 2442 5328 et

492 5351 727 5416 literae
783 5349 855 5413 in
909 5350 1070 5432 ipsis
1115 5358 1458 5425 exaratae,
1518 5346 1797 5431 digitum
1842 5346 2104 5429 quidem
2150 5349 2276 5413 Dei
2323 5369 2437 5414 no·

4405 437 4502 505 90

2550 631 2762 695 minat
2825 629 3047 694 Moses
3122 650 3241 710 per
3305 627 3827 694 similitudinem:
3909 627 4024 695 sed
4099 626 4491 712 intelligitur

2551 733 2789 781 arcana
2830 714 3065 781 virtus.
3133 713 3300 779 Nam
3348 716 3460 798 qui
3502 714 3825 780 mundum
3869 735 3950 780 ex
3993 713 4199 780 nihilo
4239 713 4489 780 creavit

2549 801 2688 867 solo
2718 821 2837 866 suo
2880 808 3066 879 nutu,
3111 808 3446 866 creaturas
3488 820 3714 866 omnes
3747 799 4240 884 quibuscunque
4272 799 4490 866 visum

2547 887 2748 952 fuerit
2797 885 3009 951 modis
3053 895 3266 968 potest
3308 885 3536 951 eodem
3577 887 3779 952 verbo
3821 886 3894 951 in
3936 905 4089 952 suos
4130 905 4291 951 usus
4339 906 4488 951 ver-

2550 981 2705 1038 tere.

2722 1058 2823 1123 17.
2868 1056 3160 1122 Audiens
3200 1061 3406 1122 autem
3449 1055 3734 1122 Iehosua.
3801 1056 3948 1122 Hoc
3991 1054 4137 1123 ideo
4178 1057 4493 1123 inseritur

2552 1152 2626 1209 ut
2670 1145 2950 1209 sciamus
2990 1162 3185 1225 quam
3229 1143 3741 1226 intemperanter
3783 1142 4160 1209 efferbuerit
4212 1142 4496 1227 populus

2552 1226 2634 1295 ad
2693 1230 3002 1295 insanum
3058 1227 3251 1293 vituli
3308 1228 3588 1294 cultum:
3648 1225 3909 1311 quando
3959 1228 4184 1311 procul
4227 1227 4491 1294 auditus

2550 1316 2682 1380 fuit
2725 1314 2985 1381 clamor.
3076 1314 3167 1379 Et
3220 1315 3317 1379 ita
3373 1315 3643 1380 miseros
3698 1314 3974 1380 fascinat
4030 1313 4355 1380 diabolus:
4413 1321 4493 1379 ut

2552 1400 2870 1467 dissoluta
2911 1399 3182 1466 lascivia
3224 1400 3312 1465 sit
3360 1400 3493 1466 illis
3537 1400 3686 1485 pius
3745 1397 3958 1465 ardor.
4047 1397 4489 1480 Quemadmo-

2553 1485 2706 1552 dum
2751 1485 2920 1550 nihil
2957 1494 3089 1550 tam
3126 1485 3503 1551 indecorum
3538 1487 3663 1551 fuit
3697 1505 3772 1551 ac
3807 1484 4098 1551 deforme
4132 1487 4291 1568 quin
4329 1507 4490 1569 gen·

2550 1572 2727 1637 tibus
2770 1572 3082 1650 arriserit,
3126 1579 3204 1635 ut
3245 1572 3599 1654 probarent
3642 1592 3713 1637 se
3755 1569 3922 1635 nihil
3967 1570 4050 1636 ad
4094 1572 4292 1637 falsos
4335 1571 4490 1636 deos

2550 1656 2899 1741 placandos
2942 1657 3261 1722 omittere.
3340 1658 3570 1741 Neque
3613 1664 3834 1721 tamen
3880 1656 4147 1722 dubium
4186 1664 4287 1721 est
4328 1656 4488 1739 quin

2550 1744 2762 1810 sancti
2803 1743 2924 1807 zeli
2979 1749 3327 1825 praetextu
3344 1794 3359 1819 ‚
3417 1743 3636 1810 carnis
3691 1741 4171 1809 oblectamenta
4224 1749 4491 1824 captent

2550 1829 2986 1912 superstitiosi
3046 1828 3360 1895 homines.
3450 1830 3543 1895 Et
3599 1828 3842 1894 talibus
3898 1827 4220 1895 illecebris
4278 1825 4489 1893 Satan

2548 1915 2810 1981 fictitios
2855 1915 3068 1981 cultus
3100 1914 3414 1994 venditat,
3449 1924 3527 1980 ut
3558 1914 3839 1981 libenter
3871 1923 3941 1979 et
3973 1913 4208 1998 cupide
4241 1913 4490 1995 arrepti

2548 2001 2872 2067 obstinate
2913 1998 3340 2066 retineantur.
3431 1999 3627 2081 Quod
3654 2009 3859 2083 ,putat
3897 2000 4091 2066 Iosue
4133 1998 4488 2065 clamorem

2549 2106 2691 2152 esse
2733 2084 2984 2169 proelii,
3028 2106 3112 2151 ex
3155 2085 3594 2152 sollicitudine
3629 2087 3938 2153 nascitur.
4003 2085 4225 2152 Moses
4266 2093 4486 2150 autem

2550 2172 2921 2238 admonitus
2987 2193 3028 2237 a
3082 2172 3226 2238 Deo
3294 2171 3560 2238 coniicit
3623 2193 3760 2237 non
3822 2192 3967 2239 esse
4028 2169 4487 2255 proeliantium

2549 2278 2768 2323 voces:
2816 2258 2972 2340 qnia
3015 2276 3239 2323 vocem
3285 2277 3417 2322 non
3460 2257 3660 2323 edant
3700 2278 3867 2341 quae
3912 2255 4302 2340 respondeat
4342 2256 4492 2321 vin-

2548 2344 2838 2409 centium
2882 2342 3464 2423 exhortationibus,
3509 2342 3617 2409 vel
3652 2349 3911 2409 resonet
3945 2342 4226 2408 eiulatus
4260 2362 4486 2407 eorum

2550 2430 2659 2514 qui
2705 2430 3079 2495 vincuntur.

2725 2516 2825 2581 19.
2877 2516 3083 2597 Quam
3121 2516 3682 2598 appropinquasset
3722 2514 3809 2580 ad
3849 2519 4076 2580 castra.
4164 2513 4298 2594 Qui
4335 2522 4489 2579 ante

2553 2601 2936 2686 suppliciter
2972 2601 3353 2684 deprecatus
3386 2600 3604 2666 fuerat
3637 2621 3755 2684 pro
3790 2599 4000 2665 salute
4034 2599 4275 2682 populi,
4312 2620 4490 2665 nune

2553 2697 2901 2772 conspecto
2945 2687 3150 2753 vitulo
3192 2685 3635 2766 excandescit,
3680 2695 3747 2750 et
3787 2705 3937 2750 eum
3980 2685 4212 2750 incitat
4255 2684 4490 2767 flagitii

2552 2773 2927 2839 deformitas
3002 2771 3083 2836 ad
3157 2771 3523 2838 induendos
3601 2792 3805 2838 novos
3881 2770 4170 2837 affectus.
4279 2771 4490 2836 Porro

2552 2859 2810 2942 quando
2844 2857 3183 2925 iracundia
3215 2858 3286 2922 in
3325 2857 3522 2922 lande
3555 2856 3665 2923 hic
3706 2857 3990 2941 ponitur,
4036 2855 4301 2921 valeant
4334 2876 4489 2922 eum

2551 2965 2672 3011 suo
2716 2944 3046 3028 paradoxo
3087 2943 3325 3020 Stoici,
3384 2950 3604 3012 motus
3660 2963 3888 3008 omnes
3943 2942 4148 3008 animi
4203 2961 4347 3007 esse
4390 2942 4489 3008 vi-

2551 3032 2774 3097 tiosos.
2864 3031 3104 3097 Fateor
3146 3029 3478 3112 equidem,
3536 3027 3690 3094 dnm
3748 3027 4140 3094 naturaliter
4195 3035 4494 3111 aguntur

2551 3118 2875 3196 homines,
2933 3136 3268 3199 nunquam
3327 3116 3469 3181 sine
3525 3115 3687 3180 vitio
3750 3114 3978 3181 irasci:
4044 3134 4277 3196 nempe
4335 3114 4490 3196 qnia

2550 3202 2816 3268 modum
2874 3223 3131 3285 semper
3184 3201 3543 3280 excedunt,
3602 3211 3796 3282 atque
3846 3201 4045 3265 etiam
4101 3219 4296 3281 saepe
4352 3219 4487 3264 non

2550 3288 2903 3354 attendunt
2944 3287 3026 3353 ad
3072 3296 3325 3353 rectum
3370 3287 3587 3351 finem.
3678 3285 3810 3352 Sed
3872 3284 4229 3350 notandum
4275 3292 4377 3349 est
4418 3283 4487 3349 id

2548 3373 2839 3439 accidere
2899 3395 2982 3439 ex
3059 3382 3334 3438 naturae
3412 3373 3855 3454 corruptione:
3937 3369 4112 3437 unde
4188 3370 4490 3453 sequitur

2546 3461 2715 3526 iram
2761 3479 2896 3524 non
2935 3480 3054 3543 per
3096 3480 3167 3524 se
3223 3457 3329 3523 vel
3387 3456 3770 3542 simpliciter
3824 3477 3967 3523 esse
4025 3455 4488 3522 damnandam.

2545 3545 2715 3611 Nam
2760 3544 2929 3628 quod
2974 3551 3245 3611 sumunt
3291 3542 3493 3611 Stoici
3537 3543 3967 3626 principium,
4011 3558 4242 3608 omnes
4283 3542 4487 3607 animi

2545 3641 2766 3697 motus
2810 3652 2950 3697 esse
2983 3629 3525 3715 perturbationes,
3562 3637 3630 3693 et
3664 3628 3906 3694 morbis
3944 3628 4209 3705 similes,
4246 3627 4486 3693 falsum

2546 3729 2663 3796 est,
2709 3724 2904 3800 atque
2947 3739 3033 3782 ex
3074 3715 3338 3781 inscitia
3379 3715 3703 3782 nascitur:
3748 3715 3903 3798 quia
3945 3713 4050 3780 vel
4094 3712 4330 3793 dolere,
4377 3712 4485 3779 vel

2543 3814 2871 3880 metuere,
2930 3802 3034 3868 vel
3079 3801 3396 3886 gaudere,
3442 3801 3545 3868 vel
3591 3821 3887 3885 sperare,
3932 3800 4168 3865 rationi
4212 3799 4488 3863 minime

2544 3897 2904 3974 repugnat,
2958 3888 3061 3955 vel
3120 3886 3552 3970 tranquillum
3609 3887 3813 3952 animi
3854 3894 4100 3951 statum
4144 3906 4220 3951 ac
4260 3882 4483 3949 mode·

2544 3977 2869 4041 rationem
2932 3974 3251 4051 concutit,
3319 3972 3433 4038 sed
3498 3993 3806 4040 excessus
3865 3971 4043 4038 solus
4106 3992 4182 4037 ac
4244 3971 4480 4036 intem-

2543 4064 2788 4146 peries,
2847 4058 3019 4143 quod
3076 4058 3315 4143 alioqui
3371 4080 3611 4142 purum
3672 4067 3841 4134 erat,
3909 4058 4288 4140 corrumpit.
4390 4056 4486 4121 Et

2543 4158 2719 4214 certe
2764 4145 2999 4224 dolere,
3043 4145 3257 4225 irasci,
3303 4166 3560 4229 cupere,
3604 4164 3885 4228 sperare,
3928 4152 4241 4220 metuere,
4286 4141 4480 4207 affec-

2544 4244 2651 4299 tus
2708 4241 2867 4297 sunt
2930 4233 3227 4315 integrae
3292 4239 3567 4297 naturae
3633 4229 3952 4296 divinitus
4016 4229 4203 4293 nobis
4266 4226 4478 4306 inditi,

2542 4340 2705 4403 quos
2758 4317 3133 4400 vituperare
3189 4336 3325 4381 non
3385 4317 3567 4394 licet,
3626 4316 3770 4382 sine
3824 4316 4032 4398 ipsius
4076 4313 4204 4379 Dei
4248 4323 4478 4380 contu-

2544 4404 2756 4470 melia.
2860 4402 3051 4468 Adde
3110 4403 3281 4486 quod
3335 4403 3440 4469 ira
3498 4423 3660 4486 quae
3719 4400 3826 4466 hic
3885 4399 4057 4465 Mosi
4114 4397 4476 4477 ascribitur,

2545 4490 2901 4556 Deuteron.
2949 4490 3010 4555 9.
3066 4489 3280 4571 capite
3333 4488 3729 4554 transfertur
3788 4484 3870 4550 ad
3930 4486 4055 4549 Dei
4115 4504 4480 4568 personam.

2544 4576 2737 4642 Unde
2781 4574 3182 4659 colligimus,
3240 4595 3443 4657 quum
3483 4573 3566 4638 ab
3606 4573 3895 4655 impulsu
3939 4572 4210 4655 spiritus
4255 4588 4479 4634 mana-

2544 4663 2730 4740 verit,
2778 4662 3091 4728 virtutem
3134 4659 3335 4726 fuisse
3375 4659 3568 4726 laude
3608 4658 3894 4743 dignam.
3975 4657 4058 4722 In
4102 4653 4484 4739 frangendis

2543 4755 2763 4813 tamen
2829 4746 3069 4812 tabulis
3137 4747 3397 4811 videtur
3460 4746 3661 4811 fuisse
3730 4745 3831 4809 sui
3890 4743 4147 4808 oblitus.
4248 4740 4482 4821 Qualis

2543 4835 2718 4899 enim
2755 4833 2886 4897 fuit
2917 4833 3097 4912 ultio,
3145 4832 3391 4898 violare
3434 4853 3597 4915 opus
3631 4829 3801 4895 Dei?
3850 4828 4225 4910 Quamlibet
4268 4826 4480 4892 detes-

2541 4918 2742 5005 tabile
2785 4929 2958 4983 esset
3004 4917 3229 5001 populi
3272 4919 3555 4998 crimen,
3620 4925 4036 4982 sacrosancto
4080 4924 4298 4978 tamen
4344 4912 4479 4977 foe-

2542 5006 2683 5071 deri
2731 5005 2857 5070 Dei
2916 5002 3314 5088 parcendum
3359 5003 3502 5068 fuit.
3590 5002 3824 5085 Itaque
3868 4998 4154 5065 Rabbini
4213 4996 4476 5081 quidam

2541 5101 2615 5158 ιιι
2673 5112 2822 5157 eum
2879 5101 3221 5170 excusent,
3285 5089 3572 5155 fabulam
3640 5086 4014 5170 excogitant
4077 5104 4196 5149 suo
4262 5103 4480 5150 more:

2541 5199 2741 5261 quum
2785 5176 3005 5242 illatae
3050 5184 3269 5242 essent
3312 5175 3574 5242 tabulae
3617 5175 3686 5238 in
3730 5173 3938 5236 locum
3985 5169 4328 5253 pollutum,
4375 5168 4483 5235 de-

2542 5264 2741 5329 letam
2777 5264 2978 5329 fuisse
3013 5263 3426 5346 scripturam.
3494 5260 3631 5325 Alii
3666 5258 4045 5324 existimant
4068 5256 4482 5324 vehementia

2543 5351 2882 5433 abreptum
2925 5368 3060 5414 non
3106 5349 3267 5414 satis
3309 5356 3647 5433 reputasse
3691 5341 3843 5426 quid
3902 5351 4150 5427 ageret,
4211 5341 4482 5427 perinde
