5017 6142
632 412 761 479 379
2041 404 2446 475 REDITUS
2490 406 2625 473 AD
2668 407 3213 477 HISTORIAM.
4494 407 4614 475 380

632 597 882 666 inimici
900 597 1317 680 interpretor,
1350 616 1483 662 non
1520 615 1681 680 quas
1714 601 1929 661 sumet
1951 593 2136 661 Deus
2171 593 2251 659 de
2282 592 2581 659 hostibus

633 686 802 761 suis,
858 682 974 749 sed
1018 680 1366 766 capitales,
1410 682 1517 748 vel
1560 680 1870 747 lethales:
1927 682 2113 764 quasi
2171 679 2448 758 diceret,
2507 699 2580 744 se

633 769 962 837 hostiliter
1017 774 1317 834 acturum
1372 788 1524 835 cum
1565 767 1819 850 impiis,
1877 774 1951 832 ut
1995 764 2215 832 nullus
2258 765 2348 830 sit
2382 765 2578 830 mise·

633 852 950 923 ricordiae
991 853 1190 919 locus.

805 940 911 1006 43.
980 939 1267 1006 Laudate
1323 943 1547 1023 yentes.
1638 936 1831 1019 Quod
1889 936 2251 1020 appositive
2314 933 2580 1018 quidam

634 1026 882 1112 legunt,
926 1024 1225 1091 Laudato
1267 1031 1500 1110 gentes
1542 1024 1821 1106 populus
1863 1023 2022 1101 eius,
2071 1030 2138 1088 et
2177 1020 2581 1088 subaudiunt

635 1113 886 1191 Deum,
951 1119 1244 1177 eoactum
1302 1117 1419 1177 est.
1505 1108 1692 1174 Nihil
1758 1116 1977 1175 autem
2043 1106 2309 1174 absurdi
2372 1115 2474 1172 est
2521 1107 2580 1171 si

636 1206 869 1282 gentes
923 1196 1248 1262 celebrent
1306 1215 1475 1279 quae
1527 1195 1713 1260 Deus
1767 1192 2080 1260 beneficia
2136 1193 2207 1258 in
2263 1190 2578 1275 populum

637 1304 833 1350 suum
867 1282 1160 1349 contulit.
1220 1280 1420 1347 Certe
1454 1279 1812 1363 simplicius
1846 1286 1949 1345 est
1967 1279 2063 1343 ita
2096 1277 2404 1362 accipere,
2440 1284 2578 1342 tam

636 1368 963 1452 insignem
1017 1367 1155 1432 fore
1196 1366 1326 1432 Dei
1381 1366 1664 1451 gratiam
1706 1384 1865 1449 erga
1904 1363 2269 1443 Israelitas,
2326 1370 2403 1429 ut
2435 1363 2580 1430 eius

636 1453 920 1538 cognitio
963 1460 1030 1518 et
1072 1453 1247 1517 fama
1289 1452 1480 1536 longe
1523 1451 1781 1534 lateque
1814 1472 1885 1517 se
1919 1448 2261 1529 diffundat,
2304 1457 2374 1514 et
2404 1448 2582 1514 inter

634 1547 875 1691 ἔέιὲῗΐὲ
912 1535 1914 1706 {t2233.⁸³13.‘3015¹31{3...832³5
1916 1543 2150 1686 Ἃῗαέ
2153 1534 2581 1704 ”ispi-¹322?

634 1709 1019 1794 praesertim
1059 1707 1172 1773 ubi
1215 1707 1296 1774 de
1338 1708 1527 1774 electi
1570 1706 1793 1791 populi
1835 1705 2281 1789 redemptione
2326 1705 2579 1789 agitur:

636 1803 704 1862 et
746 1794 1007 1861 laudem
1052 1795 1192 1859 eius
1233 1794 1639 1878 promulgari
1679 1794 1862 1859 iubet
1903 1792 2075 1858 inter
2118 1798 2381 1876 gentes,
2428 1790 2583 1872 quia

637 1881 907 1947 minime
982 1879 1330 1945 conveniat
1407 1900 1550 1944 eam
1620 1878 1869 1945 includi
1938 1878 2235 1960 angustis
2298 1875 2582 1942 Iudaeae

637 1965 898 2031 finibus.
985 1966 1193 2029 Emer
1242 1965 1291 2028 't
1335 1972 1558 2030 tamen
1602 1965 1912 2048 quaestio,
1953 1964 2109 2045 quia
2149 1962 2362 2028 locum
2408 1962 2584 2027 hunc

639 2050 828 2117 aliter
869 2049 1074 2116 citare
1118 2052 1183 2116 vi
1230 2058 1378 2115 etur
1418 2050 1703 2114 Paulus:
1751 2048 1905 2114 dicit
1947 2048 2164 2114 enim:
2206 2047 2583 2113 Laetamini

638 2144 868 2222 gentes
921 2156 1071 2201 cum
1123 2136 1363 2220 populo
1418 2136 1559 2202 eius
1615 2132 1833 2220 (Rom.
1882 2134 2000 2212 15,
2056 2132 2182 2220 10).
2271 2133 2363 2197 Et
2405 2139 2582 2199 certe

639 2222 917 2287 verbum
953 2234 1069 2301 Dp)
1121 2242 1248 2305 quo
1292 2220 1499 2286 utitur
1542 2221 1763 2287 Moses
1779 2268 1795 2300 ,
1850 2219 2081 2286 laetari
2135 2219 2333 2285 etiam
2377 2218 2582 2302 signi-

637 2308 808 2374 ficat.
900 2304 975 2373 Si
1049 2306 1402 2389 recipimus
1464 2306 1748 2372 Paulum
1811 2326 1895 2371 ex
1959 2305 2144 2371 Mose
2222 2305 2581 2387 sumpsisse

637 2392 1032 2458 sententiam
1067 2391 1267 2472 illam,
1301 2391 1478 2456 idem
1512 2392 1786 2475 spiritus
1820 2390 1934 2474 qui
1968 2411 2084 2473 per
2112 2390 2349 2457 Mosen
2383 2390 2581 2455 etiam

638 2498 757 2563 per
811 2476 1095 2542 Paulum
1153 2476 1460 2561 loquutus
1501 2476 1661 2557 fuit,
1718 2478 2006 2560 optimus
2049 2476 2176 2541 erit
2231 2474 2579 2543 verborum

639 2584 906 2630 suorum
962 2562 1318 2645 interpres:
1376 2583 1499 2628 nec
1556 2564 1729 2628 male
1780 2562 2121 2627 conveniet
2176 2568 2404 2644 gentes
2444 2559 2580 2625 lae-

640 2649 771 2714 tari
814 2667 1014 2731 super
1055 2647 1366 2714 felicitate
1408 2648 1633 2732 populi
1678 2647 1823 2713 Dei.
1882 2647 2064 2712 Fieri
2099 2657 2320 2712 tamen
2362 2651 2581 2729 potest

637 2742 717 2799 ut
772 2733 1022 2799 Paulus
1077 2754 1216 2798 non
1273 2755 1357 2799 ex
1413 2741 1590 2800 certo
1633 2732 1851 2816 aliquo
1892 2732 2066 2812 locO,
2119 2730 2235 2798 sed
2277 2752 2361 2796 ex
2402 2751 2579 2797 com-

639 2819 825 2884 muni
891 2819 1251 2902 scripturae
1317 2818 1617 2883 doctrina
1680 2817 2125 2885 testimonium
2205 2817 2576 2901 sumpserit.

636 2903 950 2988 Dignitas
995 2911 1215 2969 autem
1263 2904 1487 2987 populi
1530 2923 1606 2969 eo
1649 2902 2141 2969 commendatur
2183 2901 2355 2985 quod
2397 2902 2582 2968 Deus

638 2990 999 3074 pretiosum
1058 2990 1361 3054 aestimet
1403 2990 1542 3055 eius
1586 2989 1973 3073 sanguinem
1992 3038 2010 3069 ,
2067 2995 2135 3054 et
2175 2988 2319 3054 eius
2360 3007 2580 3071 perse-

639 3083 947 3159 quutores
1003 3094 1123 3159 pro
1176 3073 1473 3141 hostibus
1529 3075 1662 3141 suis
1721 3073 1934 3141 ducat.
2021 3073 2106 3139 In
2162 3074 2294 3138 fine
2350 3094 2581 3139 versus

636 3159 917 3226 verbum
983 3173 1114 3228 ’τεῦ
1181 3160 1444 3243 quidam
1510 3167 1778 3227 vertunt
1840 3159 2160 3243 Expiare:
2242 3159 2354 3224 alii
2425 3178 2581 3224 vero

639 3246 1012 3328 Propitium
1055 3264 1228 3311 esse:
1288 3244 1461 3329 quod
1503 3245 1861 3312 secundum
1907 3245 2116 3330 magis
2156 3244 2436 3328 placuit,
2480 3252 2580 3309 ta-

639 3333 833 3397 metsi
866 3351 1000 3396 non
1041 3332 1313 3413 repudio
1357 3331 1693 3397 diversum
1733 3351 2016 3396 sensum.
2105 3328 2400 3396 Verbum
2448 3343 2580 3398 ἿΕΞ

640 3417 968 3499 significat
1019 3417 1453 3500 expiationem
1512 3416 1825 3482 sacrificio
1868 3416 2013 3482 fieri
2056 3415 2139 3481 ad
2186 3414 2582 3499 placandum

640 3500 878 3567 Deum.
966 3501 1059 3567 Et
1110 3502 1443 3585 probabile
1486 3510 1588 3568 est
1628 3503 1861 3568 Mosen
1910 3501 1992 3566 ad
2033 3501 2311 3585 legalem
2354 3522 2581 3568 recon-

640 3587 906 3654 ciliandi
950 3586 1214 3653 modum
1259 3585 1578 3653 alludere:
1628 3607 1773 3653 meo
1816 3596 2040 3653 tamen
2082 3586 2343 3668 iudicio,
2387 3587 2582 3652 intel-

639 3672 786 3757 ligit
817 3672 1047 3822 lDeum
1091 3673 1161 3738 in
1204 3674 1486 3758 gratiam
1534 3671 1898 3739 rediturum
1941 3693 2091 3740 cum
2136 3682 2314 3739 terra
2355 3694 2475 3740 sua
2517 3680 2586 3739 et

639 3779 815 3842 popu
841 3779 879 3823 o
914 3779 1050 3824 suo,

1160 4045 1295 4112 EX
1338 4045 1669 4113 EODEM
1715 4045 2068 4112 ΟΑΡΙΤΕ.

810 4182 914 4248 44.
998 4183 1176 4251 Venit
1217 4189 1425 4250 autem
1457 4183 1690 4263 Moses,
1731 4190 1787 4250 et
1827 4186 2105 4252 recitavit
2146 4187 2359 4253 omnia
2400 4187 2586 4252 verba

640 4270 864 4334 cantici
911 4269 1103 4335 istius
1144 4270 1215 4334 in
1273 4269 1536 4335 auribus
1566 4270 1832 4352 populi,
1891 4271 2025 4353 ipse
2067 4277 2125 4337 et
2165 4271 2356 4337 Iosue
2405 4272 2585 4353 lilius

644 4354 832 4420 Nun.-
895 4354 998 4419 45.
1045 4354 1133 4420 Et
1171 4354 1377 4436 finivit
1421 4354 1632 4421 Moses
1675 4356 1937 4422 recitare
1977 4358 2191 4423 omnia
2230 4357 2417 4423 verba
2460 4360 2585 4423 ista

641 4440 727 4505 ad
768 4439 1128 4505 universum
1171 4437 1489 4506 Israelem.
1578 4442 1680 4507 46.
1747 4441 2056 4524 Dixitque
2096 4443 2265 4509 illis:
2307 4443 2585 4509 Adiicite

639 4546 743 4590 eor
784 4530 1054 4590 vestrum
1095 4526 1180 4592 ad
1221 4527 1433 4592 omnia
1474 4527 1658 4592 verba
1700 4548 1859 4609 qaae
1893 4548 1997 4611 eqo
2038 4530 2324 4609 testificor
2364 4530 2581 4595 adver-

640 4631 783 4677 sum
823 4630 930 4677 vos
962 4611 1158 4690 hodie,
1204 4617 1275 4676 ut
1304 4610 1724 4693 praecipiatis
1757 4633 1832 4679 ea
1854 4613 2015 4695 filiis
2056 4618 2294 4695 vestris,
2334 4620 2405 4680 ut
2446 4635 2583 4680 eus·

640 4698 897 4776 todiant,
934 4702 987 4762 et
1017 4697 1259 4779 faciant
1293 4697 1506 4762 omnia
1554 4697 1741 4762 verba
1785 4698 1936 4781 legis
1983 4700 2188 4766 istius.
2278 4699 2381 4767 47.
2430 4701 2585 4766 Non

640 4782 806 4848 enim
846 4783 1094 4848 verbum
1132 4781 1241 4847 hoc
1282 4783 1472 4848 inane
1505 4803 1548 4847 a
1587 4782 1773 4863 vobis,
1815 4784 1924 4848 sed
1964 4789 2049 4849 est
2091 4786 2222 4850 vita
2263 4790 2485 4866 vestra,
2527 4792 2585 4853 et

630 4888 754 4950 per
818 4867 927 4934 hoc
991 4867 1241 4933 verbum
1284 4866 1737 4951 prolonyabitis
1797 4869 1931 4934 dies
1986 4890 2177 4951 super
2218 4876 2449 4937 terram
2498 4872 2585 4937 ad

643 4973 832 5035 quam
862 4954 1312 5036 possidendam
1361 4972 1469 5018 vos
1523 4955 1809 5019 transitis
1851 4952 2204 5021 Iordanem.
2292 4956 2394 5023 48.
2463 4957 2584 5023 Lo-

644 5044 991 5121 quutusque
1031 5044 1122 5105 est
1164 5039 1394 5105 Iehova
1436 5038 1523 5105 ad
1566 5037 1785 5105 Mosen
1827 5060 1892 5105 eo
1934 5039 2072 5120 ipso
2112 5041 2241 5121 die,
2299 5043 2583 5110 dicendo:

645 5124 747 5189 49.
816 5125 1098 5191 Ascende
1141 5126 1212 5191 in
1252 5129 1512 5190 montem
1554 5124 1827 5189 Abarim
1868 5126 2089 5209 istum,
2146 5132 2407 5194 montem
2450 5127 2581 5195 Ne·

646 5208 791 5288 boh,
855 5211 965 5291 qui
1030 5216 1120 5277 est
1180 5212 1248 5275 in
1305 5214 1507 5276 terra
1544 5208 1765 5289 Moab,
1830 5214 1886 5276 et
1938 5211 2050 5291 qui
2109 5217 2199 5277 est
2248 5234 2281 5279 e
2331 5216 2580 5297 reqione

648 5293 920 5375 Iericho,
979 5302 1036 5361 et
1075 5296 1216 5363 vide
1270 5300 1501 5363 terram
1547 5294 1880 5377 Chamavi,
1933 5316 2120 5377 quam
2162 5318 2268 5382 eqo
2301 5296 2380 5365 do
2417 5298 2580 5380 filiis

2682 596 2893 664 Israel
2932 598 3004 663 in
3055 596 3508 664 haeredilatem.
3600 594 3703 662 50.
3766 594 3857 661 Et
3909 614 4143 662 morere
4181 595 4254 661 in
4293 599 4491 661 monte
4531 598 4612 663 ad

2680 702 2859 765 quem
2899 683 3202 761 ascendis,
3245 686 3303 748 et
3332 701 3694 767 oonqreyare
3725 681 3811 746 ad
3832 680 4102 763 populos
4134 687 4288 759 tuos,
4332 682 4614 762 quemad·

2677 768 2928 834 modum
2968 774 3252 833 mortuus
3293 774 3384 834 est
3418 767 3684 835 Auaron
3712 766 3913 850 frater
3945 771 4092 833 tuas
4121 767 4195 833 in
4229 766 4369 832 Hor
4399 772 4612 846 monte,

2680 853 3697 937 etoonyreyatusestadpopulos
3735 871 3900 918 suos.
3965 852 4069 916 51.
4127 851 4616 934 thaodprae-

2678 939 2947 1005 varioati
2977 939 3343 1004 esbisinme
3373 939 3447 1006 in
3478 939 3679 1005 medio
3709 936 4390 1018 filiommlsraelisad
4423 956 4615 1019 aquas

2678 1025 2879 1108 iaryii
2903 1023 3105 1091 Gades
3143 1025 3369 1090 deserti
3404 1024 3541 1104 Sin,
3578 1043 3646 1089 eo
3685 1023 3850 1105 qaod
3889 1043 4011 1089 non
4050 1022 4490 1104 sanctificastis
4526 1042 4617 1089 me

2680 1111 2751 1176 in
2805 1110 3008 1176 medio
3058 1108 3337 1189 filiorum
3394 1108 3697 1177 Imeus.-
3765 1108 3869 1175 52.
3938 1108 4009 1175 E
4064 1109 4305 1192 regione
4373 1108 4614 1191 quidem

2679 1195 2916 1260 videbis
2973 1200 3208 1260 terram
3221 1245 3238 1273 ,
3294 1196 3404 1261 sed
3459 1194 3610 1260 illuc
3662 1214 3784 1261 non
3838 1194 4208 1280 inyredieris
4247 1195 4334 1261 ad
4387 1201 4617 1261 terram

2681 1280 2860 1348 illam
2900 1300 3093 1364 qaam
3132 1280 3210 1347 do
3246 1279 3410 1362 filiis
3452 1280 3741 1347 Israelis.

2887 1672 3312 1740 EIUSDEM
3355 1669 3866 1738 HISTORIAE
3909 1668 4427 1736 REPETITIO.

3159 1842 3290 1908 EX
3331 1843 3554 1911 NUM.
3603 1842 3802 1909 OAP.
3842 1839 4143 1908 XXVII.

2856 1981 2955 2045 12.
3015 1980 3207 2047 Dixit
3241 1979 3472 2045 Iekova
3515 1981 3601 2046 ad
3636 1978 3886 2046 Mosen.-
3927 1976 4210 2044 Ascende
4248 1978 4321 2042 in
4361 1981 4621 2043 montena

2681 2067 2876 2131 istum
2908 2065 3208 2131 Abarim.-
3250 2070 3305 2130 et
3338 2066 3479 2131 vide
3517 2070 3751 2130 terram
3790 2084 3982 2147 qaam
4022 2062 4167 2129 dedi
4204 2062 4364 2144 tiliis
4393 2063 4618 2128 Israel.

2686 2151 2784 2217 13.
2864 2150 2985 2219 Ubi
3024 2152 3260 2216 videris
3301 2170 3439 2216 eam
3494 2150 3926 2234 apyreqaberis
3957 2150 4044 2216 ad
4074 2147 4340 2232 populos
4379 2153 4520 2214 tuos
4559 2154 4622 2214 tu

2682 2256 2918 2320 quoque
2932 2287 2950 2317 ,
3033 2237 3194 2301 siout
3264 2242 3631 2321 ayyreyatus
3700 2241 3789 2302 est
3851 2235 4118 2301 Aharou
4182 2234 4383 2316 frater
4458 2239 4618 2300 tuus.

2686 2324 2784 2387 14.
2859 2323 3371 2404 Quandoquidem
3423 2321 3667 2388 rebelles
3706 2322 3927 2404 fuistis
3967 2321 4066 2386 ori
4105 2338 4235 2386 meo
4276 2320 4349 2385 in
4390 2320 4621 2386 deserto

2686 2408 2808 2474 Sin
2822 2459 2837 2488 ,
2899 2409 2973 2474 in
3030 2409 3242 2491 iuryio
3303 2408 3792 2492 conpreyationis
3806 2457 3822 2487 ,
3886 2411 3958 2472 ut
4008 2404 4487 2486 sanctificaretis
4530 2425 4621 2470 me

2682 2495 2754 2558 in
2787 2494 2973 2573 aquis
3012 2512 3221 2558 eoram
3262 2492 3457 2559 oculis
3499 2513 3729 2559 eorum.
3799 2493 3973 2558 Istae
4012 2497 4159 2558 sunt
4189 2511 4392 2574 aquae
4424 2491 4626 2574 iurqii

2687 2577 2886 2644 Gades
2925 2580 2999 2643 in
3038 2579 3282 2644 deserto
3327 2578 3464 2645 Sin.

2854 2731 2959 2797 44.
3040 2730 3219 2797 Venit
3282 2736 3485 2798 autem
3549 2732 3779 2799 Moses.
3868 2731 4019 2797 Non
4086 2730 4202 2798 abs
4255 2752 4329 2797 re
4383 2731 4624 2797 iterum

2685 2816 2888 2883 refert
2929 2817 3153 2883 Moses
3195 2838 3266 2882 se
3308 2817 3431 2884 hoc
3484 2819 3810 2885 canticum
3869 2817 4177 2883 recitasse
4231 2836 4451 2883 coram
4515 2836 4624 2901 po·

2687 2902 2873 2986 pulo:
2933 2902 3085 2986 quia
3127 2903 3281 2970 inde
3324 2911 3598 2988 apparet
3639 2923 3832 2986 quam
3879 2903 4105 2987 procul
4149 2900 4232 2968 ab
4272 2903 4453 2968 omni
4492 2922 4626 2968 am·

2686 2989 2931 3057 bitione
2973 2988 3201 3068 fuerit,
3257 2987 3414 3055 dum
3472 2990 3719 3056 veritus
3776 3010 3910 3054 non
3954 2996 4056 3054 est
4097 2987 4220 3054 sub
4267 2989 4443 3053 vitae
4488 2987 4624 3054 exi-

2684 3082 2828 3139 tum
2906 3073 3294 3141 exacerbare
3368 3076 3662 3141 omnium
3728 3074 3979 3140 animos
4000 3125 4016 3153 ,
4091 3080 4170 3139 ut
4244 3074 4626 3141 memoriam

2685 3160 2967 3226 nominis
3022 3160 3128 3226 sui
3184 3180 3452 3226 exosam
3509 3160 3831 3226 redderet.
3919 3158 4177 3226 Deinde
4240 3158 4504 3226 silentio
4561 3171 4626 3225 et

2683 3245 3006 3312 modestia
3047 3247 3273 3330 populi
3306 3246 3557 3313 sancita
3592 3245 3721 3310 fuit
3762 3245 3902 3311 eius
3945 3247 4287 3324 autoritas,
4328 3254 4407 3310 ut
4450 3246 4627 3328 passi

2683 3340 2841 3397 sunt
2871 3340 3012 3397 tam
3033 3350 3259 3416 aspere
3293 3352 3364 3398 se
3398 3332 3685 3397 tractari.
3743 3331 3934 3409 Nam,
3958 3351 4123 3414 quae
4156 3338 4298 3395 erat
4330 3331 4625 3397 omnium

2684 3417 3069 3500 pervicacia,
3098 3438 3437 3500 nunquam
3459 3415 3719 3482 auditus
3739 3416 3972 3483 fuisset
3992 3416 4124 3481 nisi
4144 3417 4626 3483 interveniente

2686 3501 2770 3568 ad
2813 3503 2987 3586 ipsos
3045 3502 3403 3569 domandos
3458 3523 3694 3570 arcano
3752 3502 4023 3585 spiritus
4063 3502 4397 3569 instinctu.
4488 3502 4625 3568 Ad-

2684 3588 2901 3672 iungit
2960 3587 3086 3654 sibi
3144 3587 3373 3667 Iosue,
3444 3608 3638 3672 quem
3695 3587 3873 3654 haud
3930 3586 4126 3653 dubie
4179 3588 4326 3671 pari
4380 3588 4626 3654 autori·

2686 3681 2821 3739 tate
2878 3693 3134 3740 armare
3190 3673 3416 3740 voluit.
3505 3673 3701 3739 Iubet
3758 3680 4042 3740 attentos
4099 3694 4240 3740 esse
4283 3671 4368 3738 ad
4405 3673 4624 3739 obiur-

2687 3758 2982 3845 gationes
3035 3768 3104 3825 et
3157 3760 3405 3838 minas,
3477 3768 3554 3825 ut
3605 3759 3739 3844 legi
3807 3760 4224 3825 autoritatem
4291 3757 4622 3825 conciliet:

2686 3844 2858 3928 quod
2900 3844 3247 3912 observatu
3278 3844 3551 3929 dignum
3583 3854 3703 3911 est.
3761 3844 4081 3911 Videmus
4114 3846 4289 3912 enim
4323 3854 4400 3910 ut
4429 3864 4626 3928 saepe

2684 3931 2923 4014 frigeat
2961 3929 3141 3997 nuda
3183 3931 3502 4009 doctrina,
3558 3939 3627 3996 et
3668 3931 3890 3997 nervis
3929 3939 4148 3997 careat
4164 3980 4179 4010 ,
4235 3930 4365 3997 nisi
4409 3931 4625 3998 acrius

2685 4016 3062 4083 stimuletur
3116 4016 3411 4101 pigrities
3459 4037 3623 4100 quae
3665 4025 3919 4082 mentes
3974 4015 4447 4100 quodammodo
4490 4017 4625 4082 suf·

2685 4103 2872 4168 focat.
2962 4102 3142 4186 Ergo
3186 4124 3270 4168 ne
3313 4110 3661 4186 spernatur
3703 4102 3869 4186 legis
3913 4101 4222 4182 doctrina,
4267 4101 4374 4169 vel
4414 4101 4626 4168 inter·

2685 4187 2892 4266 cidat,
2958 4188 3068 4253 vel
3131 4187 3506 4272 languidius
3562 4197 3833 4271 excepta
3884 4187 4199 4270 paulatim
4256 4197 4624 4267 evanescat,

2687 4273 3105 4340 vehementia
3139 4275 3372 4340 cantici
3398 4274 3594 4340 huius
3617 4282 3926 4356 tanquam
3953 4273 4217 4339 stimulo
4237 4293 4348 4340 eos
4368 4274 4625 4358 pungit,

2686 4368 2752 4424 et
2813 4358 2993 4425 iubet
3056 4368 3349 4443 posteros
3402 4359 3487 4426 ad
3537 4358 3709 4426 hanc
3766 4358 4128 4426 doctrinam
4182 4359 4484 4438 formari,
4552 4372 4629 4425 nt

2685 4445 2884 4511 minis
2940 4454 3212 4513 acuatur
3267 4466 3494 4512 eorum
3553 4445 3848 4510 attentio.
3937 4445 4251 4511 Proximo
4309 4464 4511 4511 versu
4546 4444 4626 4511 ab

2684 4531 2968 4597 utilitate
3010 4531 3420 4598 commendat
3460 4529 3821 4597 servandae
3863 4529 4027 4615 legis
4071 4529 4397 4596 studium:
4451 4530 4628 4596 male

2684 4617 2859 4682 enim
2895 4618 3303 4701 interpretes,
3347 4637 3496 4682 meo
3529 4615 3787 4695 iudicio,
3831 4624 4131 4683 vertunt:
4177 4615 4280 4682 Ne
4315 4615 4403 4682 sit
4437 4616 4625 4682 vobis

2683 4703 2956 4769 verbum
2997 4704 3213 4784 inane,
3259 4702 3400 4768 vel:
3443 4702 3596 4768 Non
3641 4709 3741 4768 est
3781 4703 4052 4768 verbum
4097 4701 4314 4780 inane,
4354 4710 4427 4767 ut
4465 4721 4624 4767 con·

2683 4789 2887 4854 temni
2929 4808 2969 4853 a
3023 4789 3212 4855 vobis
3272 4787 3520 4854 debeat.
3618 4786 3862 4853 Melius
3923 4786 4405 4872 Hieronymus:
4472 4787 4625 4854 Non

2681 4874 3008 4939 incassum
3076 4872 3230 4939 data
3299 4881 3456 4940 sunt
3524 4881 3886 4958 praecepta.
3989 4873 4389 4956 Simpliciter
4441 4874 4622 4939 enim

2681 4959 2990 5043 intelligit
3036 4959 3291 5026 Moses:
3351 4960 3600 5043 Legem
3645 4979 3777 5024 non
3836 4960 4078 5026 frustra
4120 4978 4263 5024 esse
4317 4958 4624 5042 positam,

2680 5053 2757 5109 ut
2790 5045 2931 5110 sine
2965 5044 3184 5112 fructu
3220 5044 3501 5110 diffluat:
3547 5042 3820 5127 ideoque
3853 5043 4234 5124 cavendum,
4279 5065 4364 5110 ne
4399 5043 4625 5111 Deum

2678 5131 3075 5196 frustrentur
3109 5131 3221 5214 qui
3263 5129 3568 5213 prodesse
3608 5131 3770 5212 ipsis
3804 5132 4029 5210 voluit,
4075 5145 4158 5214 p‘t
4192 5131 4413 5214 itaque
4445 5130 4626 5197 fruc·

2680 5224 2865 5281 tuoso
2888 5236 2927 5280 o
2972 5218 3257 5299 ponitur,
3293 5215 3464 5300 quod
3506 5214 3741 5282 melius
3776 5215 3981 5299 liquet
4007 5238 4091 5282 ex
4124 5217 4625 5282 confirmatione

2680 5321 2835 5368 mox
2878 5323 2917 5367 a
2964 5301 3118 5381 dita,
3162 5322 3305 5370 esse
3348 5301 3416 5367 in
3459 5300 3591 5369 illis
3632 5301 3857 5382 vitam,
3903 5311 3981 5368 ut
4024 5303 4163 5369 dies
4205 5323 4356 5369 suos
4397 5322 4626 5386 proro—
