5017 6142
677 450 805 518 519

679 646 1055 724 promptum
1122 645 1294 719 erat,
1366 638 1519 722 quia
1583 638 1756 705 iusta
1820 638 2140 708 dimensio
2207 662 2340 706 non
2405 640 2621 706 fuerat

680 734 972 802 servata,
1016 724 1470 809 corrigendam
1517 745 1658 791 esse
1701 724 2254 810 inaequalitatem.
2345 726 2445 792 Ne
2490 745 2621 810 qua

678 810 882 895 igitur
919 811 1378 895 intempestiva
1434 810 1819 895 disceptatio
1865 833 2089 895 pacem
2134 832 2422 896 unquam
2469 832 2620 877 con-

676 894 930 975 turbet,
988 895 1252 962 termini
1305 896 1543 980 ubique
1588 896 1716 962 Dei
1772 899 2120 964 autoritate
2176 898 2498 983 figuntur,
2555 904 2623 962 et

679 981 986 1049 claustris
1011 982 1318 1065 oppositis
1357 980 1757 1048 dirimuntur
1791 982 2118 1067 quaelibet
2151 983 2620 1050 contentiones.

678 1066 908 1150 Neque
950 1068 1124 1133 enim
1170 1087 1303 1132 uno
1346 1067 1543 1134 verbo
1585 1068 1796 1134 solum
1839 1069 2167 1136 adiudicat
2204 1069 2384 1135 Deus
2420 1067 2622 1133 tribui

677 1152 920 1219 Rubcn
963 1160 1171 1218 totum
1215 1173 1492 1237 regnum
1530 1150 1767 1220 Sihon:
1815 1153 1929 1220 sed
1971 1176 2296 1222 summum
2342 1153 2620 1219 limitem

683 1237 861 1304 ducit
904 1237 985 1304 ab
1019 1242 1231 1304 Aroer
1275 1237 1357 1304 ad
1401 1238 1613 1321 ripam
1649 1241 1902 1318 Arnon,
1947 1248 2143 1325 atque
2185 1240 2281 1305 ita
2323 1248 2458 1306 toto
2502 1240 2623 1306 cir-

681 1325 863 1392 cuitu
925 1345 1035 1391 eos
1091 1324 1194 1391 vel
1254 1324 1593 1409 restringit
1646 1324 1751 1391 vel
1809 1325 2069 1405 dilatat,
2136 1334 2212 1391 ut
2276 1346 2360 1391 ne
2423 1326 2620 1390 unius

680 1409 936 1493 quidem
997 1409 1207 1495 iugeri
1264 1410 1571 1494 ambigua
1613 1411 1702 1475 sit
1744 1412 2083 1494 possessio,
2170 1411 2378 1477 Porro
2423 1431 2619 1493 quam

678 1495 858 1562 utilis
900 1494 1101 1561 fuerit
1134 1505 1270 1559 tam
1305 1505 1535 1562 exacta
1570 1494 1934 1580 descriptio,
1971 1519 2052 1564 ex
2089 1496 2378 1582 profanis
2413 1496 2619 1563 histo·

678 1580 797 1647 riis
859 1580 1013 1647 licet
1075 1601 1496 1665 cognoscere,
1574 1580 1685 1647 ubi
1765 1584 2006 1665 passim
2072 1591 2426 1650 occurrunt
2486 1603 2619 1647 non

681 1665 937 1733 odiosae
974 1674 1251 1747 tantum,
1285 1665 1398 1733 sed
1434 1666 1837 1751 perniciosae
1871 1689 2123 1752 quoque
2158 1669 2333 1734 inter
2370 1667 2619 1734 vicinos

680 1752 1130 1820 contentiones
1170 1750 1248 1817 de
1304 1751 1560 1819 finibus.
1650 1752 1756 1818 Ad
1809 1752 1969 1819 haec
2026 1752 2366 1835 sedulitas,
2420 1773 2618 1837 quam

680 1839 883 1919 Deus,
929 1846 1005 1903 ut
1048 1838 1183 1904 suis
1225 1845 1504 1918 caveret,
1548 1859 1624 1905 ac
1668 1837 1918 1906 foveret
1961 1848 2255 1905 mutuam
2299 1838 2474 1904 inter
2507 1858 2620 1903 eos

680 1942 906 2008 pacem
926 1973 942 2001 ‚
985 1923 1318 2007 suscipere
1358 1932 1673 2007 gravatus
1718 1945 1852 1990 non
1897 1932 2027 2002 est,
2075 1944 2228 1991 vere
2271 1933 2617 2009 paternum

679 2011 819 2076 eius
875 2028 1163 2074 amorem
1220 2008 1651 2088 demonstrat,
1710 2010 1860 2093 quia
1915 2010 2083 2076 nihil
2139 2010 2389 2088 omisit,
2448 2008 2618 2093 quod

680 2116 906 2162 eorum
947 2093 1408 2177 tranquillitati
1466 2095 1875 2161 conduceret.
1961 2096 2062 2162 Ac
2106 2115 2262 2163 sanc
2306 2095 2437 2161 nisi
2479 2116 2619 2160 ma-

680 2190 827 2247 ture
848 2190 1259 2264 prospect-um
1284 2180 1466 2258 foret,
1503 2181 1830 2248 intestinis
1853 2180 2316 2248 certaminibus
2338 2180 2621 2247 fuissent

680 2267 1066 2349 consumpti.
1156 2263 1398 2330 Iterum
1431 2264 1782 2333 lectoribus
1822 2273 2170 2334 excusatus
2212 2287 2355 2334 esse
2402 2266 2619 2346 velim,

680 2353 739 2420 si
780 2352 852 2417 in
895 2349 1317 2418 describendo
1374 2351 1637 2418 urbium
1693 2353 1825 2419 situ
1881 2373 2013 2419 non
2059 2353 2250 2420 anxie
2295 2351 2617 2418 laborem:

681 2459 755 2505 ac
800 2458 882 2504 ne
915 2438 985 2502 in
1021 2436 1392 2503 nominibus
1426 2437 1686 2522 quidem
1722 2437 1848 2505 sim
1883 2439 2196 2505 curiosus.
2262 2437 2400 2504 Imo
2434 2436 2621 2504 facile

680 2524 894 2607 patiar
962 2521 1357 2606 appellative
1422 2523 1594 2589 sumi
1669 2531 1737 2590 et
1812 2523 2016 2590 latine
2093 2524 2387 2591 converti
2452 2542 2619 2607 quae

681 2622 993 2692 tanquam
1029 2609 1291 2691 propria
1324 2606 1692 2691 relinquere
1726 2608 1796 2673 in
1831 2631 1951 2676 sua
1985 2610 2212 2695 lingua
2246 2609 2461 2674 visum
2499 2616 2615 2674 est.

676 2694 758 2761 Id
802 2702 1032 2761 notatu
1076 2692 1378 2778 dignum,
1422 2694 1533 2761 ubi
1579 2694 1658 2759 de
1702 2694 2214 2761 Madianitarum
2257 2703 2434 2762 terra
2477 2694 2617 2779 agi-

676 2790 807 2859 tur,
852 2779 1175 2864 principes
1220 2779 1330 2861 qui
1364 2778 1497 2845 illic
1533 2777 2036 2847 dominabantur
2068 2781 2286 2848 vocari
2322 2787 2618 2863 satrapas

681 2865 912 2944 Sihon,
958 2876 1032 2931 ut
1066 2865 1364 2945 sciamus,
1409 2864 1696 2930 eiusdem
1734 2865 1934 2932 cladis
1969 2866 2170 2933 fuisse
2205 2865 2431 2947 socios,
2467 2866 2622 2950 quia

680 2972 752 3019 se
809 2951 1053 3017 iniusto
1120 2949 1287 3015 bello
1350 2949 1842 3032 implicuerant,
1908 2971 1984 3017 ac
2047 2951 2469 3034 pertinebant
2535 2949 2619 3016 ad

679 3036 1027 3121 imperium
1090 3033 1294 3102 Sihon
1361 3034 1636 3119 professi
1694 3036 1922 3103 hostis.
2022 3041 2124 3104 Ac
2190 3057 2315 3121 quo
2378 3037 2618 3103 melius

678 3124 955 3208 liqueret
1018 3122 1190 3187 iuste
1254 3122 1558 3205 periisse,
1629 3122 1870 3189 dicitur
1932 3123 2208 3190 Balaam
2272 3122 2445 3189 inter
2509 3142 2621 3189 eos

680 3210 878 3276 fuisse
934 3208 1218 3288 occisus,
1276 3207 1463 3274 cuius
1517 3208 1748 3293 lingua
1789 3209 2003 3276 conati
2047 3210 2305 3276 fuerant
2348 3207 2622 3294 gravius

682 3295 1031 3362 vulnerare
1073 3292 1411 3359 Israelitas
1470 3313 1667 3378 quam
1704 3294 1886 3360 mille
1938 3294 2211 3380 gladiis:
2266 3313 2344 3361 ac
2384 3294 2441 3360 si
2486 3292 2622 3361 dic-

684 3393 823 3446 tum
882 3387 1087 3459 esset,
1142 3379 1214 3443 in
1272 3388 1370 3445 stt
1457 3400 1494 3445 e
1550 3380 1691 3463 ipsa
1749 3391 2083 3464 repertum
2137 3380 2344 3449 fuisse
2387 3378 2624 3446 hostile

683 3465 1035 3546 vexillum,
1093 3485 1221 3547 quo
1280 3486 1397 3548 pro
1424 3466 1551 3533 essi
1609 3466 1869 3532 fuerant
1910 3486 1981 3533 se
2023 3473 2253 3533 contra
2293 3464 2626 3532 Israelitas

685 3551 988 3617 militare.
1075 3549 1207 3618 Ubi
1263 3551 1538 3636 legitur:
1597 3551 1948 3617 Iordanem
2005 3552 2204 3619 fuisse
2266 3551 2626 3617 terminum

686 3646 753 3704 et
773 3637 1151 3715 terminum,
1188 3657 1272 3702 ne
1292 3636 1511 3703 inanis
1546 3637 1631 3703 sit
1653 3638 1974 3720 repetitio,
2011 3638 2345 3704 commode
2370 3645 2628 3705 vertere

686 3723 977 3872 licebit&n
1002 3722 1360 3788 terminum
1415 3721 1549 3788 illis
1599 3722 1801 3790 fuisse
1858 3720 2203 3789 Iordanem
2266 3722 2626 3790 secundum

686 3829 841 3879 suos
980 3828 1066 3873 es.

859 3894 965 3960 24.
1013 3891 1210 3959 Dedit
1251 3891 1462 3960 Moses
1516 3892 1711 3960 tribui
1762 3892 1927 3962 Gad.
2015 3893 2266 3960 Eadem
2324 3894 2393 3959 in
2451 3891 2629 3958 tribu

690 3979 839 4048 Gad
899 3978 1309 4046 observanda
1374 3979 1572 4058 ratio,
1641 3978 1989 4065 diligenter
2053 3980 2253 4062 sepiri
2321 3979 2631 4064 legitimis

690 4064 961 4144 finibus,
1019 4084 1103 4129 ne
1156 4063 1443 4148 litigiosa
1497 4064 1587 4131 sit
1641 4085 1867 4131 eorum
1921 4065 2262 4149 possessio.
2351 4064 2632 4130 Interim

691 4150 1185 4219 commendatur
1228 4150 1354 4216 Dei
1399 4150 1788 4231 liberalitas,
1836 4150 2009 4236 quod
2061 4151 2288 4236 magni
2346 4149 2631 4216 nominis

691 4245 923 4322 gentes
967 4234 1308 4320 expulerit,
1351 4236 1423 4302 in
1468 4258 1747 4321 quarum
1784 4236 1996 4304 locum
2041 4257 2151 4302 eos
2184 4235 2630 4302 substituerat.

695 4323 891 4407 Quod
933 4321 1004 4387 in
1049 4320 1320 4387 dimidia
1360 4321 1538 4388 tribu
1579 4324 1886 4390 Manasse
1940 4321 2183 4390 clarius
2226 4320 2633 4405 exprimitur,

696 4409 853 4476 dum
896 4407 969 4472 in
1012 4416 1195 4490 parte
1235 4405 1659 4475 haereditatis
1700 4429 1926 4476 eorum
1970 4415 2401 4475 numerantur
2440 4426 2632 4472 sexa-

693 4494 881 4581 ginta
922 4493 1133 4560 urbes.
1215 4491 1408 4558 Unde
1451 4495 1646 4559 etiam
1690 4494 1908 4579 palam
1952 4494 2196 4561 factum
2239 4501 2357 4573 est,
2399 4492 2633 4558 Mosen

695 4602 828 4647 non
851 4599 1069 4644 errore
1096 4577 1296 4644 fuisse
1332 4578 1736 4658 munificum,
1772 4582 1923 4664 quia
1942 4578 2163 4647 Deum
2199 4598 2330 4645 non
2367 4577 2631 4658 latebat,

741 4674 855 4732 uot
911 4665 1108 4730 urbes
1164 4683 1281 4746 pro
1339 4664 1664 4731 immensa
1719 4685 1839 4731 sua
1887 4665 2194 4751 largitate
2250 4665 2383 4731 illis
2428 4663 2631 4730 daret.

732 4774 778 4818 n
821 4750 1115 4818 clausula
1156 4749 1397 4815 iterum
1441 4748 1811 4817 excluditur
1853 4750 2061 4818 tribus
2081 4750 2271 4834 Levi,
2317 4771 2400 4817 ne
2443 4770 2632 4833 prae-

696 4844 926 4905 texant
966 4836 1038 4901 in
1082 4842 1414 4918 posterum
1458 4834 1734 4901 Levitae
1787 4836 1959 4920 quod
2004 4836 2266 4905 Gaditis
2307 4845 2371 4903 et
2412 4835 2634 4902 Rube-

697 4923 855 4989 nitis
898 4941 975 4989 ac
1019 4920 1322 4986 dimidiae
1366 4920 1570 4987 tribui
1613 4921 1919 4987 Manasse
1962 4930 2151 4987 extra
2192 4932 2434 4989 sortem
2470 4920 2633 4987 obti-

698 5017 916 5094 gerat,
969 5006 1093 5073 sibi
1137 5026 1391 5090 quoque
1433 5026 1577 5072 esse
1620 5025 1999 5073 commune:
2053 5009 2202 5091 quia
2245 5007 2630 5074 nominatim

698 5094 916 5161 sortiri
949 5114 1101 5160 cum
1138 5089 1446 5159 fratribus
1481 5092 1618 5158 suis
1653 5100 1994 5158 vetantur:
2040 5092 2208 5176 quod
2244 5101 2477 5179 argute
2512 5111 2632 5175 pro

698 5200 817 5247 suo
873 5176 1207 5246 commodo
1257 5177 1678 5262 interpretari
1777 5189 2106 5261 romptum
2162 5188 2325 5258 erat,
2385 5178 2508 5245 sibi
2564 5178 2633 5243 in

701 5264 846 5330 aliis
884 5266 1178 5331 relictam
1214 5284 1356 5330 esse
1390 5272 1662 5348 partem.
1796 5285 1921 5330 unc
1955 5270 2172 5330 autem
2218 5286 2350 5331 non
2395 5284 2631 5332 vocan-

703 5360 812 5416 tur
852 5351 1167 5418 sacrificia
1210 5350 1578 5416 haereditas
1620 5371 1874 5429 eorum,
1932 5358 2005 5415 ut
2048 5347 2242 5434 paulo
2286 5358 2470 5427 ante,
2516 5349 2631 5416 sed

1818 450 2561 521 COMMENTARIUS
2606 450 2706 518 IN
2747 449 3028 520 IOSUE
3073 450 3271 520 OAP.
3316 452 3507 520 XIV.

4530 455 4652 522 520

2722 639 2863 724 ipse
2905 638 3119 707 Deus:
3180 661 3310 725 quo
3355 642 3482 708 nisi
3525 641 3657 707 sint
3700 642 4019 723 contenti,
4066 641 4263 707 nimis
4305 641 4649 727 superbum

2722 738 2788 792 et
2830 727 3236 795 intolerabile
3278 727 3614 793 fastidium
3657 728 3960 812 produnt.

3418 1066 3718 1136 OAPU'P
3764 1066 3957 1135 XIV.

2894 1234 2951 1305 1.
2997 1238 3172 1305 Haec
3204 1243 3352 1305 sunt
3382 1258 3541 1320 quae
3571 1238 3642 1304 in
3675 1238 4114 1306 haereditatem
4144 1244 4506 1320 aeceperum
4533 1239 4655 1322 filii

2722 1323 2933 1390 Israel
2984 1325 3056 1391 in
3109 1329 3280 1390 terra
3326 1322 3631 1391 chanaan
3646 1372 3664 1408 ,
3730 1345 3887 1408 quae
3942 1325 4079 1391 illis
4138 1323 4534 1391 tradiderimt
4587 1326 4655 1391 in

2719 1410 3155 1477 haereditatem
3188 1408 3472 1477 Eleazar
3510 1411 3816 1491 sacerdo-9,
3859 1415 3915 1477 et
3950 1409 4136 1476 Iosue
4170 1410 4347 1492 filius
4385 1409 4563 1489 Nun,
4602 1416 4656 1476 et

2720 1496 2931 1578 capita
2968 1496 3246 1562 tribuum
3281 1495 3559 1577 filiorum
3593 1496 3819 1563 Israel.
3907 1496 3966 1562 2.
4014 1494 4141 1562 Per
4181 1500 4407 1562 sortem
4449 1495 4656 1562 haere-

2718 1582 2942 1648 ditatis
2996 1603 3239 1660 eorum,
3295 1583 3457 1648 sieut
3497 1588 3900 1664 praeceperat
3942 1581 4170 1648 Iehova
4221 1602 4346 1663 per
4400 1601 4656 1649 manum

2721 1667 2927 1732 Mosis
2943 1718 2958 1746 ,
3017 1673 3087 1732 ut
3126 1668 3302 1734 daret
3343 1687 3554 1734 novem
3608 1666 3919 1746 tribubuS,
3976 1672 4033 1732 et
4086 1666 4390 1733 dimidiae
4444 1668 4654 1734 tribui.

2722 1751 2778 1817 3.
2826 1751 3100 1820 Dederat
3142 1754 3310 1818 enim
3352 1752 3562 1820 Moses
3602 1752 3848 1822 duabus
3889 1751 4172 1818 tribubus
4186 1803 4203 1832 ,
4260 1757 4317 1819 et
4356 1753 4658 1820 dimidiae

2719 1838 2911 1904 tribui
2942 1840 3103 1905 eitra
3138 1836 3504 1905 Iordanem.-
3549 1838 3790 1904 Levitis
3831 1843 4036 1904 autem
4069 1859 4193 1904 non
4224 1838 4480 1905 dederat
4520 1838 4660 1905 hae-

2719 1924 3044 1990 reditatem
3105 1925 3175 1989 in
3239 1924 3438 1990 medio
3502 1944 3733 1990 eorum.
3831 1923 3892 1989 4.
3961 1922 4252 1989 Fuerunt
4307 1924 4473 1989 enim
4535 1924 4659 2007 filii

2721 2008 2945 2092 Ioseph
2998 2010 3161 2075 duae
3210 2010 3411 2075 tribus
3468 2008 3773 2076 Manae-se
3824 2015 3882 2076 et
3935 2008 4281 2093 Ephraim:
4347 2009 4486 2075 ideo
4541 2030 4660 2075 non

2718 2095 3014 2161 dederunt
3060 2100 3314 2177 partem
3372 2095 3611 2161 Levitis
3668 2096 3736 2161 in
3790 2100 3960 2161 terra
4013 2099 4268 2178 praeter
4327 2094 4515 2160 urbes
4580 2096 4661 2162 ad

2719 2179 3144 2258 habitandum,
3188 2185 3242 2247 et
3284 2180 3644 2247 suburbana
3688 2201 3908 2247 earum
3936 2201 4065 2262 pro
4104 2181 4402 2246 armentis
4435 2185 4495 2247 et
4606 2201 4661 2245 e-

2713 2265 2897 2352 yibus
2939 2267 3237 2349 ipsorum.
3323 2266 3383 2339 5.
3437 2267 3964 2348 Quemddmodum
4000 2270 4408 2348 praeceperat
4532 2285 4661 2333 oses

2718 2353 2812 2420 sie
2842 2352 3112 2434 fecerun-t
3140 2352 3266 2434 filii
3288 2350 3516 2433 Israel,
3544 2357 3601 2418 et
3632 2353 3979 2419 diviserunt
4020 2356 4268 2418 terram.
4334 2352 4395 2417 6.
4441 2354 4665 2419 Acces-

2717 2432 2932 2504 serant
2973 2443 3181 2504 autem
3217 2437 3344 2519 filii
3378 2436 3549 2504 Iuda
3590 2438 3676 2504 ad
3708 2438 3969 2504 Iosuam
4009 2438 4078 2503 in
4106 2436 4336 2522 Gilqal,
4380 2437 4663 2520 dixitque

2719 2523 2805 2589 ad
2872 2543 3013 2593 eum
3069 2522 3249 2590 caleb
3308 2523 3486 2604 filius
3539 2522 3816 2607 Iephune
3873 2523 4265 2590 Kenisaeus:
4336 2523 4437 2588 Tu
4503 2522 4664 2589 nosti

2719 2607 2968 2675 verbum
3022 2610 3182 2692 quod
3234 2608 3523 2691 loquutus
3587 2614 3677 2675 est
3734 2608 3968 2674 Iebova
4030 2609 4114 2673 ad
4166 2606 4391 2674 Mosen
4453 2609 4665 2675 virum

2720 2693 2965 2793 Dei-de
3006 2715 3119 2774 me,
3164 2699 3220 2760 et
3260 2695 3336 2761 de
3376 2700 3459 2773 te,
3503 2695 3573 2760 in
3612 2693 4111 2794 Gades-bama:
4198 2694 4254 2759 7.
4308 2694 4665 2779 Quadraqe-

2720 2778 4228 2965 ae'aeqgtmfflmssffffiaet
4243 2800 4353 2930 '³¹51
4380 2778 4665 2931 22⁹5&

2720 2970 2853 3016 rem
2906 2956 3091 3017 sicuti
3143 2956 3278 3018 erat
3328 2952 3402 3016 in
3455 2952 3634 3019 corde
3684 2971 3832 3017 meo.
3922 2951 3981 3016 8.
4043 2949 4132 3015 Et
4183 2970 4378 3033 quum
4429 2950 4665 3033 fratres

2723 3036 2849 3102 mei
2902 3038 3014 3119 qui
3058 3037 3488 3103 descenderant
3541 3056 3779 3105 mecum
3832 3036 4229 3104 dissolverent
4281 3056 4384 3103 eor
4412 3036 4664 3119 populi,

2723 3142 2828 3206 eqo
2856 3129 3323 3204 perseveranter
3363 3128 3656 3205 sequutus
3696 3143 3838 3189 sum
3871 3122 4163 3188 Iehovam
4194 3121 4407 3189 Deum
4439 3142 4661 3189 meum.

2726 3208 2786 3274 9.
2828 3207 2917 3274 Et
2971 3209 3211 3274 iuravit
3254 3207 3466 3275 Moses
3518 3208 3627 3276 illo
3682 3208 3815 3288 die,
3871 3208 4158 3274 dicendo.-
4214 3206 4290 3273 Si
4331 3228 4455 3275 non
4495 3213 4664 3274 terra

2726 3314 2914 3375 quam
2962 3294 3224 3362 caleavit
3267 3315 3386 3376 pes
3438 3300 3613 3374 tuuc,
3670 3299 3780 3361 tua
3834 3296 3953 3360 erit
4003 3293 4071 3357 in
4126 3292 4571 3361 haereditatem
4612 3298 4665 3359 et

2721 3378 2884 3461 filiis
2922 3381 3050 3446 tuis
3090 3380 3161 3445 in
3204 3385 3539 3459 aeternum,
3581 3380 3734 3463 quia
3770 3383 4233 3461 perseveranter
4272 3385 4571 3463 sequutus
4601 3399 4666 3445 es

2726 3465 3021 3532 Iehovam
3061 3465 3275 3533 Deum
3315 3485 3536 3532 meum.
3627 3465 3729 3531 10.
3777 3466 3964 3531 Nune
4003 3469 4209 3531 autem
4252 3464 4485 3531 Iehova
4526 3485 4663 3533 eon-

2727 3552 2904 3618 cessit
2957 3550 3118 3617 mibi
3166 3552 3361 3618 vitam
3417 3551 3604 3619 aiendi
3664 3552 3930 3618 dixerat.
4033 3551 4182 3615 Iam
4241 3551 4665 3635 quadrayinta

2765 3637 2997 3719 uinque
3038 3638 3194 3702 anni
3226 3644 3389 3718 sunt,
3423 3658 3501 3704 ex
3528 3657 3646 3720 quo
3680 3642 3947 3718 tempore
3971 3637 4410 3716 pronunciavit
4432 3637 4664 3703 Iehova

2770 3742 2888 3789 ane
2919 3742 3048 3787 rem
3069 3721 3260 3803 Mosi,
3304 3743 3381 3788 ex
3417 3742 3541 3805 quo
3576 3722 3916 3788 ambulavit
3937 3721 4147 3786 Israel
4170 3742 4295 3804 per
4328 3722 4667 3788 desertum.-

2728 3812 2785 3873 et
2827 3825 2990 3873 nune
3029 3807 3278 3899 quidem
3317 3807 3496 3874 hodie
3535 3827 3681 3873 eum
3722 3810 3991 3891 quinque
4031 3812 4088 3872 et
4128 3807 4429 3891 octoginta
4468 3827 4670 3874 anno-

2728 3913 2892 3958 rum.
2970 3892 3070 3957 11.
3114 3891 3203 3958 Et
3244 3893 3446 3960 adh-ue
3487 3912 3630 3958 sum
3666 3893 3842 3960 hodie
3883 3898 4125 3977 veyetus
4165 3897 4234 3957 ut
4275 3912 4342 3958 eo
4384 3893 4505 3971 die,
4550 3912 4670 3976 quo

2730 3979 2907 4044 misit
2945 3998 3043 4043 me
3080 3977 3315 4045 Moses:
3355 3984 3624 4062 quantus
3666 3983 3801 4044 erat
3831 3984 3972 4045 tuuc
4012 3979 4187 4063 viqor
4223 3998 4416 4058 meua,
4459 3983 4671 4044 tantus

2729 4063 2908 4130 hodie
2948 4069 3038 4130 est
3075 4065 3250 4149 viqor
3288 4085 3463 4131 meus
3505 4064 3591 4131 ad
3619 4065 3952 4146 proelium,
3996 4068 4051 4131 et
4092 4064 4178 4130 ad
4210 4064 4577 4146 exeundum,
4614 4069 4672 4130 et

2732 4150 2818 4216 ad
2870 4150 3365 4235 inm-odiendum.-
3452 4150 3551 4216 12.
3612 4150 3799 4216 Nunc
3849 4169 3988 4234 erqo
4040 4149 4123 4214 da
4186 4148 4346 4214 mihi
4407 4155 4671 4215 moritem

2733 4237 2940 4315 istum,
2985 4240 3056 4301 ut
3096 4234 3383 4318 lqutus
3423 4241 3512 4302 est
3553 4235 3784 4302 Iehova
3822 4255 3890 4302 eo
3933 4236 4049 4302 die.
4136 4234 4236 4299 Tu
4278 4235 4444 4301 enim
4488 4236 4671 4302 audi-

2732 4321 2883 4387 visti
2923 4339 2989 4385 eo
3030 4321 3133 4387 die
3172 4323 3337 4403 quod
3355 4321 3634 4388 Anakim
3669 4323 3797 4387 sint
3839 4321 3946 4402 ibi,
3990 4325 4046 4387 et
4087 4318 4271 4386 urbes
4311 4341 4578 4405 maqnae
4613 4325 4670 4388 et

2732 4406 3038 4472 munitae:
3101 4406 3258 4489 forte
3314 4406 3542 4475 Iehova
3589 4408 3713 4472 erit
3767 4426 4030 4487 meeum,
4094 4411 4150 4473 et
4210 4406 4516 4488 expellam
4571 4426 4671 4475 eos

2732 4491 3243 4575 quemadmodum
3276 4492 3442 4559 dixit
3460 4492 3710 4559 Iehova.
3782 4493 3880 4559 13.
3920 4493 4009 4558 Et
4044 4492 4347 4558 benedixit
4381 4493 4442 4557 ei
4463 4493 4667 4573 loeue,

2731 4578 3012 4661 deditque
3045 4576 3295 4645 Hebron
3334 4580 3464 4659 ipsi
3502 4576 3682 4645 Galeb
3719 4578 3853 4661 filio
3891 4576 4171 4661 Iephune
4208 4577 4280 4643 in
4318 4576 4669 4645 haereditae

2730 4668 2865 4729 tem
2938 4663 3037 4728 14.
3083 4663 3328 4730 Idcirco
3357 4665 3485 4747 fuit
3502 4663 3752 4730 Hebron
3785 4666 3996 4748 ipsius
4021 4660 4201 4730 Galeb
4239 4663 4368 4746 filii
4391 4664 4671 4747 Ieplmne

2734 4747 3040 4816 Kenisaei
3094 4750 3164 4814 in
3219 4749 3686 4831 haereditatein,
3739 4770 3934 4833 usque
3986 4750 4074 4817 ad
4129 4749 4294 4816 diem
4347 4748 4544 4829 hune,
4605 4769 4670 4816 eo

2731 4834 2896 4917 quod
2930 4842 3399 4916 perseveranter
3428 4841 3721 4918 sequutus
3748 4841 3836 4904 est
3870 4835 4163 4903 Iehovam
4196 4834 4405 4900 Deum
4439 4834 4666 4901 Israel.

2735 4920 2837 4985 15.
2908 4918 3151 4987 Nomen
3215 4926 3421 4987 autem
3483 4920 3734 4988 Hebron
3798 4926 3979 4987 antea
4038 4921 4165 5004 fuit
4222 4918 4668 4999 Giriath-arba,

2731 5006 2844 5105 qui
2885 5004 3284 5159 {trbabguzqzno
3336 5027 3603 5092 maynus
3653 5009 3810 5074 inter
3853 5007 4128 5073 Anakim
4180 5005 4340 5089 fuit.-
4393 5010 4447 5071 et
4500 5012 4671 5073 terra

2732 5112 2913 5176 quiev
2995 5113 3038 5159 a
3227 5143 3241 5159 .

2908 5263 2963 5327 1.
3030 5262 3202 5328 Haec
3263 5267 3410 5330 sunt
3463 5284 3622 5347 quae
3669 5264 3737 5330 in
3798 5262 4248 5330 haereditatem.
4337 5262 4528 5330 Nunc
4585 5261 4668 5329 ad

2736 5360 2979 5416 terram
3024 5347 3339 5415 Chanaan
3386 5348 3743 5430 descendit,
3808 5349 3887 5416 de
3930 5370 4059 5433 qua
4095 5349 4387 5434 oportuit
4428 5370 4668 5416 novem
