5017 6142
684 498 812 565 503

681 696 751 752 et
815 694 1024 753 totum
1090 685 1351 771 vulgus.
1408 684 1659 767 ·Atque
1724 683 1848 749 hoc
1912 680 2174 767 quidem
2242 680 2630 747 documento

678 773 978 841 ostendit
1042 773 1259 851 Deus,
1335 771 1566 855 quanti
1630 770 1909 835 electum
1971 767 2287 851 populum
2350 766 2627 831 faceret:

688 860 842 945 quia
907 877 1095 924 rarae
1161 856 1558 943 dignationis
1617 855 1774 936 fuit,
1840 874 2032 939 reges
2089 872 2312 918 eorum
2359 850 2630 934 pedibus

690 944 1043 1024 subiicere,
1098 952 1178 1009 ut
1229 962 1456 1009 eorum
1515 940 1954 1026 praestantiae
2012 959 2143 1004 non
2198 957 2385 1004 secus
2442 956 2518 1001 ac
2575 936 2633 1000 si

690 1032 857 1097 viles
901 1036 1119 1097 esseut
1158 1028 1513 1096 latrunculi
1556 1028 1977 1093 insultarent:
2036 1025 2208 1089 sicut
2250 1024 2319 1087 in
2364 1022 2632 1087 Psalmo

692 1116 865 1203 (149,
911 1118 953 1182 6
997 1114 1115 1203 ss.)
1157 1115 1415 1196 dicitur,
1462 1112 1741 1180 Gladius
1787 1112 2005 1194 biceps
2047 1110 2114 1175 in
2151 1129 2352 1174 mauu
2388 1126 2631 1186 eorum,

692 1215 767 1270 ut
821 1204 1067 1270 faciant
1120 1199 1481 1267 vindictam
1524 1201 1596 1265 in
1640 1197 2043 1264 nationibus:
2115 1195 2402 1260 vinciant
2443 1213 2633 1278 reges

690 1310 916 1355 eorum
959 1287 1405 1369 compedibus,
1461 1295 1529 1350 et
1566 1304 1870 1368 proceres
1913 1302 2136 1348 eorum
2184 1278 2468 1347 vinculis
2509 1280 2635 1344 fer-

694 1377 856 1440 reis:
926 1386 1002 1439 ut
1044 1374 1285 1439 faciant
1325 1371 1638 1439 iudicium
1683 1370 2028 1453 scriptum:
2082 1364 2276 1432 decor
2333 1365 2443 1430 hic
2494 1384 2633 1431 om-

691 1460 887 1526 nibus
920 1459 1165 1525 sanctis
1221 1460 1381 1524 eius.
1473 1455 1686 1523 Simul
1743 1455 1956 1520 valuit
2010 1450 2415 1518 formidabile
2469 1449 2633 1516 illud

689 1545 1132 1630 spectaculum
1170 1543 1257 1608 ad
1311 1542 1763 1609 incutiendum
1806 1548 2145 1616 terrorem,
2214 1558 2295 1602 ne
2337 1537 2633 1621 gentium

689 1652 905 1698 mores
968 1630 1392 1695 imitarentur
1455 1628 1793 1695 Israelitae
1810 1677 1826 1705 ,
1897 1626 1970 1690 in
2040 1643 2321 1707 quarum
2384 1621 2635 1690 scelera

691 1719 909 1785 Deum
956 1725 1095 1781 tam
1139 1714 1431 1800 graviter
1484 1713 2005 1779 animadvertere
2064 1708 2387 1776 viderant.
2473 1707 2633 1773 Ideo

688 1802 949 1885 saepius
993 1802 1166 1885 apud
1191 1801 1421 1867 Mosen
1454 1800 1737 1867 occurrit
1772 1798 1934 1863 haec
1955 1793 2341 1861 admonitio:
2388 1793 2635 1859 Vidisti

687 1898 766 1955 ut
809 1887 996 1953 Deus
1036 1886 1218 1952 ultus
1282 1886 1370 1953 sit
1412 1895 1639 1970 gentes
1683 1903 1848 1968 quae
1904 1882 2171 1947 fuerunt
2232 1892 2386 1945 ante
2438 1888 2507 1945 te
2561 1878 2633 1942 in

691 1985 871 2040 terra
913 1971 1248 2039 Ohanaan.
1303 1972 1484 2056 Ergo
1526 1990 1685 2039 cave
1729 1991 1814 2035 ne
1856 1967 2184 2052 perversis
2223 1984 2452 2031 eorum
2487 1985 2636 2048 ope-

687 2059 870 2126 ribus
915 2078 1228 2142 provoces
1268 2058 1435 2122 iram
1481 2056 1608 2122 Dei
1652 2057 1771 2120 tui.
1837 2054 1920 2119 In
1966 2073 2244 2130 summa,
2290 2071 2417 2133 quo
2450 2071 2631 2117 sanc·

689 2148 823 2211 tius
866 2145 1206 2224 coleretur,
1247 2143 1441 2209 iussit
1483 2152 1730 2209 terram
1774 2138 2077 2205 omnibus
2119 2136 2634 2221 inquinamentis

687 2231 959 2315 purgari
978 2280 994 2308 ,
1060 2238 1126 2295 et
1190 2230 1343 2313 quia
1407 2228 1606 2293 nimis
1668 2224 1970 2294 scelerati
2034 2224 2295 2289 fuerant
2359 2221 2632 2300 incolae,

690 2338 876 2383 suam
930 2316 1002 2380 in
1059 2334 1168 2381 eos
1223 2313 1741 2380 maledictionem
1801 2331 1971 2378 novo
2014 2321 2083 2376 et
2122 2307 2382 2375 insolito
2442 2307 2634 2374 modo

693 2412 955 2469 exstare
999 2399 1223 2467 voluit.
2340 2424 2343 2427 ·

860 2487 964 2552 25.
1016 2486 1117 2551 Ne
1156 2486 1446 2552 timentia.
1535 2484 1679 2551 Iam
1735 2484 1807 2548 in
1861 2484 2144 2568 quinque
2201 2499 2434 2564 regum
2490 2499 2635 2562 per-

690 2594 850 2640 sona
904 2572 1101 2638 Iosue
1158 2571 1241 2637 de
1293 2570 1441 2636 aliis
1494 2570 1797 2636 omnibus
1851 2570 1965 2653 qui
2022 2567 2358 2633 restabant
2400 2563 2633 2629 trium-

688 2659 897 2743 phum
955 2658 1111 2740 agit.
1212 2655 1498 2723 Perinde
1553 2656 1729 2721 enim
1787 2654 1868 2720 ad
1914 2652 2219 2720 fiduciam
2265 2670 2418 2717 suos
2475 2650 2630 2715 hor-

689 2753 888 2825 tatur,
944 2764 1020 2809 ac
1063 2744 1118 2808 si
1160 2742 1450 2810 iacerent
1491 2743 1614 2808 sub
1785 2741 1932 2806 ibes
1974 2740 2089 2823 qui
2132 2737 2347 2803 adhuc
2388 2736 2628 2820 integri

688 2839 895 2896 erant.
985 2827 1179 2896 Unde
1236 2829 1602 2912 colligimus
1703 2849 1813 2892 um
1874 2825 2146 2910 pedibus
2202 2823 2407 2888 attriti
2474 2831 2632 2888 sunt

689 2916 880 2999 pauci
935 2914 1066 2994 illi,
1119 2915 1303 2997 quasi
1360 2914 1432 2979 in
1489 2913 1765 2979 sublime
1821 2913 2022 2978 fuisse
2079 2919 2364 2976 erectum
2419 2915 2628 2973 totum

688 3001 1022 3085 populum,
1086 3014 1160 3066 ut
1203 2999 1362 3065 alios
1406 3020 1632 3066 omnes
1675 2997 2034 3082 despiceret
2074 2995 2263 3079 quasi
2302 2995 2435 3060 iam
2481 3014 2628 3076 pro-

690 3100 948 3152 stratos.
1037 3086 1128 3151 Et
1192 3098 1368 3151 certe
1432 3085 1567 3151 illic
1628 3085 1868 3150 clarius
1926 3091 2264 3167 perspecta
2321 3080 2451 3145 fuit
2504 3079 2629 3144 Dei

690 3172 998 3258 potentia,
1041 3191 1207 3254 quae
1251 3170 1503 3237 animos
1542 3172 1614 3235 in
1655 3179 1992 3254 posterum
2025 3167 2285 3233 faceret.
2334 3164 2630 3248 Suspen-

688 3280 797 3325 sos
838 3268 1061 3324 autem
1101 3257 1301 3323 fuisse
1344 3255 1708 3322 notandum
1748 3265 1878 3335 est,
1929 3276 2061 3320 non
2104 3265 2179 3319 ut
2221 3252 2518 3335 asperius
2559 3251 2631 3315 in

692 3364 805 3410 eos
862 3344 1144 3410 saeviret
1185 3342 1408 3408 Iosue:
1475 3342 1589 3407 sed
1650 3352 1905 3408 tantum
1964 3338 2362 3424 ignominiae
2416 3356 2632 3417 eausa,

691 3429 847 3513 quia
897 3430 1029 3494 iam
1073 3440 1263 3494 erant
1304 3428 1655 3495 interfecti.
1746 3426 1880 3494 Sed
1934 3426 2096 3492 utile
2148 3425 2278 3490 fuit
2333 3432 2631 3508 prostare

689 3516 987 3582 omnium
1073 3521 1423 3598 conspectu
1492 3513 1977 3580 memorabilem
2047 3510 2176 3576 Dei
2249 3510 2628 3577 vindictam.

690 3601 893 3667 Forte
936 3611 1002 3665 et
1045 3599 1176 3665 Dei
1217 3599 1565 3666 consilium
1604 3600 1763 3678 fuit,
1806 3599 2091 3682 reliquas
2135 3604 2362 3682 gentes
2404 3595 2631 3678 despe-

693 3689 947 3753 ratione
991 3686 1266 3751 efferare
1310 3696 1377 3750 et
1433 3685 1695 3771 adigere
1738 3686 1809 3750 in
1854 3684 2134 3751 rabiem:
2193 3703 2322 3766 quo
2367 3681 2633 3747 celerio-

690 3794 834 3838 rem
877 3773 1216 3836 interitum
1261 3771 1384 3837 sibi
1426 3778 1867 3849 accerserent,
1935 3770 2093 3836 dum
2136 3767 2471 3834 Israelitas
2514 3786 2634 3833 sua

693 3857 1058 3943 pertinacia
1100 3857 1183 3922 ad
1226 3856 1629 3923 iracundiam
1675 3864 1939 3923 acuunt.
2027 3853 2278 3921 Eodem
2322 3852 2634 3920 dedecore

693 3945 977 4010 afficitur
1019 3964 1138 4008 rex
1182 3942 1500 4022 Makeda,
1558 3944 1668 4026 qui
1725 3954 1949 4008 tamen
2015 3961 2167 4006 suas
2225 3939 2442 4022 copias
2498 3956 2631 4002 non

693 4028 1029 4095 eduxerat.
1118 4028 1370 4095 Similis
1411 4029 1629 4095 clades
1672 4029 1996 4114 infligitur
2036 4025 2157 4092 toti
2199 4025 2455 4109 popule,
2521 4023 2634 4106 qui

693 4115 872 4181 intra
914 4136 1066 4180 suos
1111 4134 1332 4180 muros
1383 4115 1739 4198 quieverat.
1826 4113 1926 4181 Ac
1984 4111 2316 4196 probabile
2369 4110 2633 4194 quidem

695 4209 822 4281 est,
903 4200 1233 4266 hostiliter
1297 4200 1540 4283 aliquid
1607 4210 1924 4266 tentasse:
2002 4197 2349 4283 praecipua
2412 4205 2632 4260 tamen

693 4307 891 4353 causa
932 4286 1090 4365 fuit,
1157 4284 1326 4370 quod
1379 4286 1563 4353 Deus
1624 4306 1821 4352 unam
1878 4284 1958 4350 de
2012 4284 2315 4350 omnibus
2372 4292 2634 4348 senten·

694 4374 852 4438 tiam
896 4371 1153 4438 tulerat.
1213 4371 1350 4437 Cur
1395 4393 1667 4456 vespere
1707 4372 1993 4456 proiecta
2035 4369 2282 4436 fuerint
2315 4368 2637 4434 cadavera

692 4460 762 4524 in
822 4457 1232 4542 speluncam,
1292 4457 1445 4523 alibi
1502 4458 1793 4541 exposui.
1882 4457 2088 4523 Porro
2142 4455 2306 4521 haec
2360 4454 2636 4520 historia

694 4554 1011 4628 tanquam
1046 4543 1385 4627 speculum
1422 4544 1607 4610 nobis
1651 4543 2076 4626 demonstrat,
2111 4542 2226 4608 ubi
2260 4539 2638 4607 conscendit

695 4633 879 4697 Deus
916 4628 1224 4707 tribunal,
1272 4638 1345 4694 ut
1378 4650 1599 4696 coram
1633 4630 1774 4713 ipso
1810 4637 2159 4696 evanescat
2190 4636 2365 4692 totus
2404 4624 2637 4692 mundi

694 4715 1040 4801 splendor:
1094 4717 1225 4781 imo
1276 4724 1350 4780 ut
1394 4736 1619 4780 eorum
1675 4715 1949 4801 gloriam
1993 4715 2104 4799 qui
2147 4712 2467 4779 excellere
2509 4712 2636 4779 visi

694 4815 870 4881 sunt,
913 4819 1033 4867 suo
1075 4802 1312 4867 iudicio
1356 4801 1427 4867 in
1472 4813 1841 4867 extremum
1885 4802 2195 4884 probrum
2225 4808 2463 4865 vertat.

871 4973 974 5039 29.
1025 4973 1350 5039 Trans-ivit
1410 4973 1631 5039 deinde
1688 4973 1875 5038 Iosue
1928 4977 1987 5037 et
2038 4973 2372 5038 universus
2429 4967 2640 5034 Israel

693 5080 837 5126 cum
878 5080 947 5126 eo
995 5060 1073 5125 de
1115 5059 1393 5125 Makeda
1447 5060 1520 5125 in
1564 5058 1801 5137 Libna,
1866 5062 1922 5121 et
1971 5057 2353 5139 oppuqnavit
2408 5054 2634 5120 Libna.

696 5146 802 5211 30.
852 5145 1264 5228 Tradiditque
1294 5145 1523 5211 Iehova
1562 5144 1743 5210 illam
1786 5142 1973 5210 etiam
2016 5143 2087 5207 in
2127 5161 2386 5207 manum
2409 5140 2636 5221 Israel,

697 5238 756 5299 et
795 5251 999 5316 reqem
1049 5233 1214 5309 eius,
1272 5236 1329 5298 et
1359 5230 1672 5314 percussit
1713 5250 1852 5295 eam
1909 5228 2043 5295 acie
2080 5227 2286 5312 yladii
2300 5279 2315 5307 ‚
2371 5246 2636 5294 omnem·

697 5338 817 5401 que
880 5319 1162 5383 animam
1224 5337 1381 5399 quae
1445 5320 1583 5381 erat
1642 5317 1713 5381 in
1775 5335 1881 5380 ea.-
1934 5334 2058 5380 non
2120 5314 2375 5396 reliquit
2430 5315 2502 5381 in
2559 5334 2636 5379 ea

694 5405 1116 5488 maperwitem,
1168 5404 1427 5484 fecitque
1465 5402 1603 5486 reyi
1658 5402 1797 5468 eius
1838 5399 2352 5484 quemadmodum
2403 5400 2635 5483 fecerat

1891 491 2637 562 COMMENTARIUS
2681 490 2783 558 IN
2823 487 3104 557 loson
3147 490 3345 557 off.
3392 472 3488 555 x.‘

4538 488 4659 554 504

2729 678 2865 762 reyi
2908 676 3171 745 Iericho.
3252 676 3356 749 31.
3401 675 3626 742 Postea
3666 677 3961 742 aarum
4001 677 4206 759 Iocue,
4248 680 4306 743 et
4337 678 4661 746 mersus

2735 762 2946 829 Israel
2986 782 3127 829 cum
3179 783 3247 829 eo
3303 763 3380 828 de
3422 762 3628 828 Lilma
3686 762 3758 826 in
3799 761 4050 842 Laeliis,
4107 768 4166 828 et
4204 768 4662 831 castrametatus

2731 849 3304 927 estiuxtaeam,
3383 850 4095 932 etcppnynaviteam.
4195 849 4662 933 castaeque

2733 934 2968 1001 Iehova
3010 935 3660 1001 Lachieimmamm
3703 932 3932 1010 Israel,
3974 939 4031 999 et
4071 937 4663 1018 memdicar-

2730 1021 2969 1100 cunda,
3028 1026 3086 1087 et
3126 1020 3442 1123 percussit
3492 1040 3632 1086 eam
3673 1021 3804 1085 acie
3842 1019 4075 1104 yladii,
4125 1041 4478 1104 omnemque
4532 1024 4661 1089 ani-

2732 1126 3173 1291 ggmAsffiss
3197 1110 4084 1290 ἴεῗῗακωῌῖνῗιαηξνχωωεωὲἷ
4122 1107 4427 1275 Lm
4465 1195 4662 1277 feren-

2730 1279 2884 1345 dam
2927 1277 3180 1358 Laeliis,
3223 1282 3280 1343 et
3310 1282 3624 1360 percussit
3664 1295 3806 1342 erim
3839 1275 4027 1344 Ioeue
4066 1297 4144 1345 ac
4171 1280 4483 1364 populum
4514 1280 4665 1361 ciac,

2732 1369 2805 1430 ut
2853 1384 2978 1430 non
3027 1365 3349 1445 reliquerit
3408 1364 3467 1429 ei
3523 1363 3932 1444 superstitem.
4039 1363 4144 1430 34.
4195 1364 4523 1431 Trancivit
4577 1367 4663 1430 in-

2733 1470 2925 1533 super
2980 1449 3280 1516 Ioeueet
3345 1449 3679 1515 marm
3735 1447 4667 1519 IsraelcumeodeLacltic

2734 1536 2805 1600 in
2845 1532 3067 1620 Eylon,
3130 1539 3190 1599 et
3227 1534 3647 1601 castrametati
3681 1539 3834 1599 emt
3873 1540 4088 1601 contra
4126 1556 4281 1616 eam,
4343 1540 4401 1602 et
4443 1557 4664 1623 oppug-

2734 1626 3234 1688 navermteam.
3321 1619 3429 1686 35.
3478 1618 4663 1704 Gepmntqueeamdieillaetpoe-

2733 1711 3058 1773 cussermtt
3110 1706 3242 1773 acie
3292 1706 3532 1790 yladii:
3589 1710 3646 1771 et
3693 1725 3936 1771 omnem
3988 1708 4270 1773 animm
4321 1728 4487 1791 quae
4539 1708 4666 1777 iaie

2733 1798 2901 1873 erat,
2957 1793 3062 1858 die
3116 1791 3236 1858 illa
3289 1790 3594 1874 interfecit
3636 1811 3938 1873 morsus,
4005 1798 4075 1859 ut
4131 1794 4361 1876 fecerat
4415 1794 4661 1862 Ladtis.

2733 1878 2836 1945 36.
2882 1879 3177 1946 Ascendit
3220 1882 3441 1961 postea
3481 1876 3678 1942 Iccue
3717 1882 3773 1943 et
3813 1878 4145 1945 universus
4187 1879 4576 1947 Israelem
4606 1901 4668 1946 eo

2734 1965 2813 2031 ab
2853 1964 3076 2049 Ερῖοη,
3118 1964 3192 2029 in
3225 1962 3497 2042 Hebron,
3541 1967 3600 2029 et
3639 1971 4149 2048 oppuqmvoeunt
4187 1986 4344 2033 cam.
4435 1967 4543 2033 3⁷.
4586 1966 4668 2032 Et

2734 2055 3019 2133 ceperunt
3071 2070 3209 2115 eam
3223 2100 3239 2130 ,
3298 2054 3354 2115 et
3397 2054 3843 2130 percusserunt
3884 2051 4018 2116 acie
4067 2052 4276 2136 yladii
4290 2101 4307 2130 ,
4362 2057 4418 2118 et
4475 2073 4667 2137 reycm

2732 2134 3792 2218 eius,etomniaoppidaeiu8‚
3857 2138 4666 2218 atqueonmemanimam

2732 2243 2890 2306 quae
2944 2220 3078 2288 illic
3129 2225 3301 2287 emt.-
3359 2240 3486 2285 non
3538 2219 3793 2303 reliquit
3843 2223 4238 2304 maperstitm
4288 2243 4568 2305 prorsus
4599 2228 4668 2289 ed

2731 2309 2960 2391 fecerat
2999 2306 3221 2391 Eylon.
3313 2305 3604 2375 Perdidit
3656 2327 3802 2390 erqo
3842 2327 3982 2372 eam
4022 2314 4208 2392 atque
4247 2329 4490 2375 omnem
4531 2311 4666 2377 ani-

2733 2391 3479 2475 mamquaeilliccrat.
3567 2391 3668 2458 38.
3718 2391 3944 2460 Postea
4001 2396 4666 2473 rwermeetloeu,

2733 2485 2790 2546 et
2851 2477 4670 2567 univermloraezmmeoinDebiretoppuquavit

2731 2586 2890 2632 eant.
2998 2562 4667 2648 39.Etccpemnteam,etpercua9mntacie

2731 2652 2955 2737 stadii,
2998 2655 3052 2716 et
3092 2669 3292 2734 reyem
3331 2652 3497 2725 eius,
3553 2654 3611 2714 et
3665 2652 3874 2716 omnia
3917 2654 4153 2734 oppida
4190 2654 4363 2733 eiua,
4414 2672 4669 2737 percae

2738 2743 3068 2819 ematque
3115 2756 3222 2802 eos
3265 2737 3400 2803 acie
3439 2735 3677 2819 aladii,
3959 2738 4398 2820 interfecerunt
4440 2759 4670 2805 cmm

2735 2825 3020 2890 amissam
3074 2842 3237 2905 quae
3289 2822 3426 2887 illic
3474 2826 3629 2886 erat.
3807 2842 3890 2888 on
3949 2824 4205 2905 reliquit
4255 2826 4667 2906 sapam,

2733 2909 3250 2993 quemadmodum
3286 2908 3515 2990 fecerat
3553 2905 3822 2988 Hebron,
3863 2909 3958 2975 cic
3993 2908 4139 2991 fecit
4178 2909 4396 2992 Debir,
4439 2916 4499 2977 et
4543 2912 4672 2996 νομί

2735 2996 2905 3061 eius:
2975 2999 3032 3061 et
3090 2993 3603 3076 quemdnwdum
3653 2991 3884 3075 fecerat
3944 2994 4179 3076 Libna,
4242 3000 4299 3061 et
4339 2997 4478 3081 reyi
4519 2998 4667 3063 ciue

2736 3081 2840 3147 40.
2890 3079 3210 3147 Percussit
3250 3081 3462 3162 itaque
3505 3078 3692 3145 Iosue
3741 3099 3984 3147 omnem
4022 3086 4254 3148 terram
4293 3087 4668 3162 namnam,

2734 3173 2793 3233 et
2845 3167 3282 3245 meridianam,
3325 3171 3384 3231 et
3422 3168 3978 3246 eamean-emet
4016 3166 4343 3233 deame
4393 3169 4666 3245 acclines,

2733 3258 3280 3336 etomnecreyec
3340 3252 4668 3336 aarumnonrezequitsuperstitemet

2733 3359 2970 3405 omnem
3010 3340 3296 3404 animam
3336 3336 3670 3420 interfecit,
3727 3339 4244 3419 quenadmodum
4264 3344 4670 3423 praeceperat

2735 3425 2967 3492 Iehova
3013 3424 3192 3490 Dea-s·
3251 3423 3475 3490 Israel.
3577 3422 3681 3488 41.
3747 3423 4071 3491 Percussit
4124 3426 4336 3508 itaque
4388 3425 4577 3492 Iosue
4628 3446 4668 3491 a

2738 3510 2940 3578 Gades
2995 3509 3218 3575 Barac
3279 3529 3473 3591 usque
3538 3509 3624 3575 ad
3687 3509 3856 3589 Asa,
3910 3515 3968 3575 et
4026 3511 4387 3578 universam
4444 3517 4666 3577 terrm

2740 3596 2946 3664 G‘csen
2999 3615 3196 3678 usque
3257 3594 3508 3662 Gibeon.
3595 3594 3702 3660 42.
3763 3593 4026 3663 &motos
4080 3616 4224 3663 vero
4293 3617 4473 3681 reyes
4524 3598 4667 3663 istos

2731 3688 2794 3747 et
2829 3688 3064 3748 temam
3103 3701 3318 3747 eorum
3359 3683 3520 3763 cepit
3554 3680 3743 3746 Iosue
3782 3682 4005 3747 siaenul:
4043 3684 4199 3765 quia
4244 3683 4668 3750 lehovaDm

2735 3767 3010 3835 Israelis
3039 3767 3365 3850 mactat
3393 3787 3521 3850 pro
3563 3766 3823 3832 Ieraele.
3911 3768 4015 3834 43.
4063 3767 4225 3834 Inde
4264 3788 4558 3836 reversus
4586 3772 4668 3835 est

2735 3854 2925 3921 Ioeue
2965 3873 3040 3919 ac
3080 3853 3413 3918 universus
3436 3851 3650 3919 Israel
3685 3872 3829 3919 cum
3870 3875 3937 3920 eo
3977 3855 4048 3920 in
4090 3858 4301 3921 castra
4341 3855 4417 3921 in
4443 3853 4665 3939 Gilyal

2907 4025 3008 4091 29.
3060 4024 3391 4089 Traia-sivit
3427 4025 3666 4091 deinde.
3755 4025 3949 4093 Nunc
3984 4024 4373 4093 describitur
4415 4026 4670 4091 urbium

2737 4110 3169 4197 expugnatio,
3229 4131 3318 4176 ex
3381 4111 3616 4193 quibus
3673 4113 3997 4178 conflatus
4049 4112 4265 4177 fuerat
4330 4111 4669 4190 exercitus,

2738 4198 2853 4264 ubi
2896 4198 3079 4263 Deus
3136 4198 3450 4262 virtutem
3504 4218 3692 4262 suam
3749 4218 3879 4262 non
3921 4199 4140 4264 minus
4184 4217 4378 4281 quam
4421 4198 4496 4263 in
4541 4197 4670 4263 acie

2737 4281 3186 4351 admirabilem
3231 4280 3546 4347 reddidit:
3604 4284 3986 4366 praesertim
4029 4285 4087 4350 si
4133 4285 4536 4350 celeritatem
4581 4302 4671 4348 re·

2737 4379 3060 4454 putemus.
3148 4367 3319 4432 Nam
3385 4368 3511 4433 etsi
3568 4368 3867 4434 nonnihil
3912 4371 4460 4437 consternationis
4505 4380 4667 4436 attu-

2736 4457 2948 4521 lerant
2984 4454 3095 4538 qui
3136 4452 3378 4536 trepidi
3412 4454 3568 4520 illuc
3600 4455 3980 4540 refugerant
4013 4478 4097 4522 ex
4134 4455 4403 4540 proelio:
4453 4454 4671 4522 sedato

2737 4551 2959 4607 tamen
3024 4549 3205 4605 metu
3265 4540 3346 4606 ad
3405 4539 3850 4608 defensionem
3907 4542 4105 4609 utiles
4149 4561 4293 4607 esse
4349 4548 4670 4625 poterant.

2735 4625 3146 4692 Praesidium
3217 4625 3477 4709 quidem
3557 4648 3641 4692 ex
3709 4647 3933 4692 eorum
4002 4646 4277 4694 numero
4355 4635 4667 4694 creverat.

2738 4711 2935 4793 Quod
2999 4713 3217 4795 itaque
3282 4712 3519 4797 exiguo
3581 4722 3874 4797 tempore
3931 4733 4161 4779 omnes
4224 4713 4401 4797 capit
4463 4712 4668 4790 Iosue,

2739 4819 2813 4865 ac
2860 4796 3220 4864 minoribus
3278 4797 3534 4881 oppidis
3591 4801 3868 4882 potitur,
3928 4799 4000 4864 in
4043 4819 4344 4866 successu
4389 4799 4503 4866 illo
4546 4818 4668 4865 non

2739 4883 2960 4948 minus
3045 4884 3413 4950 incredibili
3499 4904 3695 4967 quam
3783 4885 4226 4969 inexspectato
4328 4884 4669 4951 manifesta

2739 4969 2998 5034 refulsit
3065 4968 3192 5034 Dei
3257 4970 3644 5053 praesentia.
3750 4972 3919 5037 Nam
3987 4981 4064 5037 ut
4127 4980 4388 5037 tantum
4456 4981 4670 5055 portas

2737 5054 3118 5121 clauderent
3159 5055 3435 5123 obsessi:
3502 5057 3656 5140 quia
3710 5065 3933 5123 tamen
3980 5057 4172 5124 Iosue
4213 5077 4428 5141 neque
4467 5056 4668 5123 scalas

2736 5139 3048 5207 attulerat
3082 5142 3316 5224 quibus
3352 5162 3577 5208 muros
3609 5142 4147 5224 transscenderet,
4184 5163 4303 5210 nec
4339 5142 4670 5210 machinas

2737 5226 2973 5311 quibus
3029 5227 3351 5306 dirueret,
3412 5230 3627 5312 potuit
3670 5250 4093 5313 unaquaeque
4136 5227 4387 5297 obsidio
4429 5224 4665 5313 aliquid

2740 5334 3036 5380 remorae
3081 5324 3146 5378 et
3191 5316 3388 5380 taedii
3433 5314 3688 5382 afferre.
3736 5316 3917 5401 Ergo
3959 5317 4074 5383 ubi
4120 5335 4320 5382 unam
4363 5312 4670 5399 postridie

2735 5419 2936 5483 quam
2982 5419 3328 5484 aggressus
3372 5412 3489 5481 est,
3535 5401 3808 5468 alteram
3854 5401 4080 5468 eodem
4125 5409 4483 5487 expugnat,
4523 5416 4670 5466 con-
