5017 6142
369 475 494 543 369

370 683 488 749 pro
542 682 924 731 consumere
941 712 956 742 ,
1023 658 1305 729 libenter
1367 669 1586 729 tamen
1651 665 2117 747 expositionem
2172 686 2306 731 non

369 750 591 817 minus
632 756 962 831 receptam
1006 767 1273 832 sequor,
1319 746 1623 814 obrutum
1667 749 1749 815 iri
1792 750 2113 817 malorum
2160 771 2309 817 con-

370 836 565 922 gerie.
654 834 792 901 Res
848 842 1066 899 tamen
1124 831 1344 899 eodem
1403 833 1602 914 redit,
1648 835 1867 901 Deum
1910 837 2079 902 nihil
2122 857 2305 921 pror·

369 943 481 988 sus
517 919 908 987 omissurum
952 919 1036 986 ad
1068 939 1178 985 eos
1219 918 1599 1004 perdendos,
1643 941 1718 987 ac
1753 922 1810 988 si
1851 922 2024 988 mala
2066 922 2305 1007 absque

368 1006 561 1074 modo
624 1012 1039 1073 coacervaret
1097 1024 1171 1070 ac
1228 1005 1360 1071 tela
1416 1006 1635 1072 omnia
1689 1027 1855 1091 quae
1899 1006 1981 1073 ad
2038 1028 2307 1074 manum

369 1101 542 1173 sunt,
587 1092 657 1158 in
701 1091 888 1157 illum
934 1111 1125 1157 usum
1162 1090 1533 1175 applicaret.

537 1179 641 1244 24.
990 1177 1018 1240 i
1058 1181 1235 1242 erunt
1271 1175 1462 1259 fame.
1527 1176 1669 1242 Iam
1715 1177 1795 1244 ad
1830 1178 2078 1261 species
2119 1198 2308 1262 quas·

370 1264 518 1331 dam
562 1284 917 1349 poenarum
974 1260 1335 1328 descendit:
1396 1284 1528 1329 non
1572 1271 1648 1328 ut
1690 1282 1922 1331 omnes
1956 1270 2308 1343 recenseat,

369 1349 481 1417 sed
561 1356 820 1416 tantum
892 1356 972 1413 ut
1048 1347 1341 1414 adductis
1407 1349 1478 1413 in
1556 1348 1843 1414 medium
1924 1347 2306 1433 quibusdam

368 1456 557 1502 exem
605 1434 706 1514 lis,
749 1435 901 1518 plus
934 1435 1201 1501 terroris
1236 1434 1558 1518 concipiat
1592 1435 1887 1518 populus,
1933 1455 2127 1519 quem
2163 1435 2306 1500 uni-

372 1543 520 1590 vers
590 1523 603 1537 ⁸
682 1520 977 1588 doctrina
1018 1539 1150 1585 non
1193 1519 1355 1586 satis
1398 1521 1797 1604 pupugisset.
1886 1522 2044 1586 'Pria
2086 1529 2306 1586 autem

366 1609 713 1694 praecipue
747 1606 1008 1690 flagella
1042 1615 1536 1686 commemorat,
1598 1613 1842 1689 pestem
1863 1657 1878 1685 ,
1923 1607 2159 1671 famem
2177 1655 2192 1683 ‚
2237 1613 2306 1671 et

367 1693 659 1781 gladium
677 1744 694 1774 ,
739 1692 821 1758 de
863 1691 1092 1774 quibus
1135 1690 1378 1776 passim
1417 1691 1887 1758 concionantur
1926 1692 2302 1776 prophetae,

366 1781 604 1865 quibus
645 1778 1044 1862 propositum
1087 1776 1210 1842 fuit
1246 1777 1458 1860 legem
1482 1775 1971 1843 accommodare
2003 1778 2073 1843 in
2110 1796 2304 1842 usum

366 1866 619 1950 populi:
696 1862 871 1930 unde
935 1864 1013 1927 fit
1059 1869 1135 1928 ut
1191 1883 1272 1927 ex
1328 1864 1513 1929 Mose
1567 1861 1977 1929 familiariter
2039 1870 2307 1929 sumant

365 1952 613 2018 multas
655 1947 958 2034 loquendi
978 1948 1238 2013 formas.
1297 1947 1539 2015 Inserit
1571 1947 1830 2030 quidem
1861 1948 2023 2014 alias
2043 1968 2305 2032 poenas,

366 2058 644 2122 quarum
701 2035 872 2119 apud
932 2033 1280 2117 prophetas
1321 2035 1399 2099 fit
1441 2034 1714 2099 mentio:
1774 2055 2005 2100 verum
2048 2054 2306 2100 summa

366 2124 497 2189 huc
541 2121 731 2202 redit,
768 2140 1072 2187 sensuros
1106 2119 1439 2186 Israelitas
1474 2119 1692 2185 Deum
1734 2120 1960 2204 poenis
2006 2120 2306 2185 omnibus

362 2230 532 2293 quae
587 2207 991 2291 experientia
1043 2205 1189 2289 plus
1233 2206 1391 2272 satis
1434 2212 1625 2271 notae
1669 2213 1855 2285 sunt,
1909 2224 2051 2271 esse
2097 2224 2305 2270 arma-

363 2305 543 2374 tum,
612 2292 842 2377 quibus
907 2292 1083 2374 ipsos
1136 2311 1405 2375 prorsus
1470 2290 1700 2356 deleat.
1788 2291 2083 2356 Primum
2152 2290 2308 2357 dicit

363 2382 537 2446 fame
592 2378 806 2445 aridos
850 2376 1016 2457 fore,
1071 2377 1176 2443 vel
1234 2377 1454 2460 potius
1497 2374 1792 2442 torridos.
1881 2376 2058 2442 Loco
2107 2376 2306 2460 pestis

363 2466 665 2532 nominat
707 2463 1044 2530 uredinem
1062 2515 1078 2541 ,
1138 2470 1204 2528 et
1247 2462 1640 2529 excisionem
1701 2481 2009 2527 amaram.
2098 2462 2303 2527 Ante·

360 2572 556 2636 quam
613 2569 773 2615 vero
818 2548 897 2614 de
932 2547 1148 2632 gladio
1203 2549 1504 2631 loquatur
1558 2546 1908 2614 denunciat
1950 2569 2020 2613 se
2063 2547 2306 2614 bestias

361 2650 426 2704 et
476 2644 810 2719 serpentes
855 2635 1272 2713 emissurum,
1310 2641 1386 2699 ut
1428 2634 1509 2699 ab
1553 2653 1686 2699 una
1728 2641 1911 2717 parte
1954 2655 2063 2700 eos
2106 2634 2306 2716 impe-

361 2732 465 2789 tat
525 2723 627 2789 vis
670 2727 895 2805 aperta
913 2769 927 2795 ‚
986 2721 1067 2785 ab
1126 2719 1332 2785 altera
1387 2726 1606 2784 autem
1662 2719 1952 2785 occultae
2008 2718 2301 2784 insidiae.

360 2810 560 2875 Hanc
594 2826 845 2891 quoque
886 2806 1163 2890 figuram
1206 2805 1503 2871 imitatus
1547 2812 1649 2870 est
1690 2804 1923 2871 Amos:
1970 2803 2133 2870 Dies
2175 2802 2302 2889 (in-

361 2896 504 2979 quit
564 2893 606 2959 5
626 2944 641 2972 ,
703 2891 811 2978 18)
874 2890 1162 2957 Iehovae
1218 2891 1458 2975 caligo,
1517 2897 1583 2956 et
1639 2912 1772 2955 non
1818 2891 1967 2956 lux:
2036 2889 2303 2974 perinde

363 3002 438 3047 ac
494 2980 555 3046 si
599 2979 744 3062 quis
787 2977 997 3062 fugiat
1032 2999 1072 3044 a
1113 2977 1276 3043 facie
1332 2976 1569 3055 leonis,
1626 2984 1692 3041 et
1736 2983 2032 3043 occurrat
2073 2994 2301 3041 ursus:

361 3066 418 3132 si
477 3070 697 3130 autem
752 3062 1016 3129 domum
1081 3064 1414 3148 ingressus
1478 3061 1705 3142 fuerit,
1771 3070 1839 3126 et
1897 3061 2169 3129 reclinet
2230 3062 2302 3126 in

360 3152 675 3236 parietem
693 3202 709 3231 ,
793 3148 1085 3214 mordeat
1170 3170 1318 3214 eum
1409 3168 1695 3231 serpens.
1806 3147 1995 3212 Bello
2082 3153 2304 3212 autem

361 3247 430 3304 et
468 3235 693 3302 hostili
727 3236 1038 3301 saevitiae
1069 3234 1405 3318 coniungit
1446 3233 1723 3299 alterum
1761 3234 2027 3312 malum,
2072 3252 2305 3315 nempe

362 3342 694 3406 pavorem.
784 3322 908 3386 Est
966 3331 1185 3386 autem
1239 3320 1401 3386 haec
1455 3320 1617 3404 ipsis
1673 3319 1980 3385 caedibus
2023 3317 2305 3385 deterior

363 3409 676 3485 accessio,
732 3407 843 3473 ubi
908 3427 1149 3490 pavore
1200 3406 1381 3471 intus
1439 3404 1859 3471 tabescimus:
1918 3405 2071 3487 quia
2116 3424 2303 3486 prae·

363 3502 571 3561 staret
627 3493 838 3559 decies
895 3493 1151 3558 fortiter
1207 3490 1558 3576 pugnando
1600 3492 1669 3555 in
1713 3490 1850 3555 acie
1903 3491 2067 3555 mori
2111 3510 2304 3573 quam

365 3580 598 3647 confici
654 3578 966 3645 diuturno
1026 3586 1235 3656 metu,
1295 3577 1479 3660 quasi
1535 3575 1716 3641 lenta
1758 3585 1985 3642 morte.
2076 3575 2303 3642 Disca-

364 3687 516 3731 mus
569 3675 787 3731 autem
846 3685 931 3729 ex
986 3664 1111 3729 hoc
1153 3663 1321 3740 loco,
1382 3682 1804 3745 quaecunque
1853 3682 1971 3727 nos
2028 3661 2304 3727 circum-

361 3759 545 3817 stant
585 3750 901 3835 pericula,
946 3756 1014 3814 et
1054 3770 1163 3815 res
1199 3746 1523 3828 adversas,
1568 3768 1711 3814 esse
1754 3767 1938 3813 arma
1971 3745 2131 3812 Dei:
2186 3765 2306 3812 nec

362 3837 636 3903 fortuito
691 3834 983 3902 accidere
1040 3834 1401 3918 quibusque
1421 3885 1436 3913 ,
1490 3834 1601 3900 sed
1662 3833 1858 3918 dirigi
1902 3833 2040 3899 eius
2084 3854 2302 3898 manu.

361 3921 468 3989 Ita
526 3924 601 3987 fit
650 3932 722 3987 ut
788 3942 920 3986 non
984 3929 1241 3991 tantum
1304 3921 1521 3985 hostes
1586 3927 1816 3986 contra
1882 3940 1997 3985 nos
2060 3918 2305 3999 incitet,

362 4007 476 4075 sed
519 4009 716 4074 etiam
761 4006 1165 4073 truculentas
1208 4014 1275 4072 et
1318 4005 1550 4070 noxias
1602 4004 1877 4083 bestias,
1934 4014 2008 4070 ut
2050 4003 2303 4070 coelum

363 4103 429 4159 et
470 4100 716 4159 terram
763 4092 1064 4174 obduret,
1128 4103 1203 4157 ut
1256 4105 1473 4157 aerem
1525 4090 1773 4156 inficiat
1814 4089 2075 4155 mortali
2118 4090 2300 4156 tabe:

360 4178 643 4262 denique
688 4198 769 4243 ex
814 4178 1115 4243 omnibus
1157 4177 1497 4244 elementis
1540 4176 1967 4260 multiplicem
2062 4176 2306 4241 roserat

361 4265 547 4330 exitii
590 4264 952 4330 materiam.
1041 4262 1236 4344 Quod
1293 4264 1347 4328 si
1406 4263 1548 4346 pios
1591 4264 1926 4345 contingat
1982 4260 2304 4328 s1milibus

362 4351 589 4434 poenis
632 4349 912 4429 involvi,
957 4349 1147 4416 sicuti
1192 4349 1363 4414 fame
1421 4356 1487 4414 et
1529 4348 1746 4414 inedia
1787 4354 2136 4432 urgentur,
2185 4369 2304 4415 nec

361 4445 523 4501 sunt
565 4434 765 4500 ullius
807 4435 963 4501 mali
1006 4442 1309 4520 expertes
1350 4432 1506 4519 (imo
1549 4431 1720 4517 quod
1763 4432 1873 4497 hic
1915 4433 2133 4517 impiis
2177 4433 2304 4499 Dei

360 4520 922 4606 contemptoribus
974 4521 1195 4587 Moses
1259 4519 1579 4601 minatur,
1637 4518 1887 4585 Paulus
1943 4540 2014 4584 se
2071 4539 2303 4603 exper-

363 4614 507 4672 tum
550 4607 749 4673 fuisse
792 4606 1021 4673 tradit:
1068 4626 1303 4689 nempe
1336 4614 1414 4670 ut
1456 4627 1607 4671 eum
1641 4605 1798 4670 foris
1881 4604 2076 4688 ugnis
2109 4625 2303 4670 vexa-

361 4702 545 4774 rent,
610 4693 789 4759 intus
843 4714 1000 4759 vero
1056 4699 1432 4776 premerent
1494 4699 1808 4757 tremores
1829 4694 1851 4730 ¹
1942 4690 2302 4756 tenendum

355 4791 485 4856 est,
528 4800 633 4845 res
676 4799 902 4845 omnes
943 4778 1251 4846 adversas
1293 4799 1410 4861 per
1452 4797 1524 4842 se
1567 4777 1758 4861 signa
1791 4796 1933 4842 esse
1974 4777 2111 4841 irae
2156 4774 2301 4855 Dei,

362 4865 520 4948 quia
571 4864 786 4947 prima
840 4884 1068 4930 earum
1119 4864 1300 4948 origo
1360 4870 1462 4929 est
1520 4883 1560 4927 a
1617 4869 1912 4946 peccato:
1981 4860 2096 4927 sed
2159 4863 2304 4928 fieri

364 4948 735 5016 admirabili
756 4950 885 5016 Dei
908 4949 1196 5028 consilio,
1240 4957 1316 5014 ut
1347 4948 1651 5016 fidelibus
1684 4947 1820 5013 sint
1855 4948 2306 5030 experimenta

363 5034 556 5120 fidei,
606 5046 671 5102 et
714 5036 1069 5119 patientiae
1127 5034 1556 5119 probationes.
1647 5033 2099 5099 communiter
2150 5055 2307 5120 ergo

363 5143 562 5205 saepe
596 5121 767 5187 filios
787 5122 918 5188 Dei
952 5122 1022 5187 in
1058 5120 1393 5188 diversum
1427 5121 1627 5186 finem
1666 5140 1814 5186 cum
1849 5119 2065 5202 impiis
2101 5119 2306 5206 affligi

359 5205 692 5274 videmus:
740 5208 835 5275 sic
868 5215 1084 5273 tamen
1119 5215 1193 5273 ut
1229 5228 1335 5274 res
1361 5227 1584 5273 omnes
1607 5204 1938 5288 adversae,
1982 5205 2309 5273 vindictae

543 5393 600 5463 1)
633 5394 668 5447 2
706 5394 829 5451 Cor.
867 5394 916 5462 7,
954 5393 1004 5449 5.

542 5477 761 5538 Calvina·
792 5496 975 5554 opera.
1056 5480 1171 5537 Vol.
1207 5477 1329 5535 XX
1338 5480 1395 5537 V.

1780 477 2187 548 REDITUS
2233 479 2363 545 AD
2407 477 2951 547 HISTORIAM.

4215 488 4345 555 370

2405 664 2536 731 Dei
2578 665 2953 732 testimonia
2986 666 3122 733 sint
3153 688 3311 753 erga
3343 690 3414 735 re
3462 671 3669 737 robos.
3721 669 3872 751 Qua
3906 672 3987 739 de
4030 695 4102 740 re
4136 674 4346 745 fusius

2405 750 2685 817 disserui
2721 751 3061 819 tractando
3100 753 3264 837 legis
3307 775 3415 820 ma
3442 754 3808 825 edictiones.

2577 837 2680 902 26.
2741 836 3066 904 Dicerem:
3111 837 3507 924 Disperqam.
3595 841 3887 908 Rursum
3931 844 4002 909 in
4043 865 4114 911 se
4159 844 4345 915 Deus

2406 923 2678 1005 suscipit
2740 921 3026 990 hominis
3083 925 3451 1008 ingenium,
3514 927 3700 1011 quasi
3757 928 4015 996 diversa
4071 933 4341 997 consilia

2407 1029 2629 1074 secum
2674 1009 2980 1092 agitaret,
3024 1019 3091 1076 et
3132 1010 3402 1079 obiectis
3447 1010 3927 1096 impedimentis
3984 1037 4175 1081 suum
4219 1019 4342 1083 im-

2406 1103 2632 1177 petum
2687 1092 3033 1161 cohiberet.
3125 1094 3398 1162 Summa
3457 1107 3675 1163 tamen
3736 1099 3867 1165 huc
3909 1100 4082 1167 redit
4123 1103 4343 1169 Deum

2409 1198 2542 1244 non
2602 1179 2730 1244 alia
2786 1178 2866 1244 de
2919 1200 3114 1246 causa
3171 1182 3587 1265 suspendisse
3643 1184 3954 1251 ultimum
4010 1185 4344 1271 iudicium,

2408 1264 2539 1330 nisi
2590 1264 2745 1348 quia
2787 1265 3106 1331 rationem
3164 1267 3395 1333 habuit
3442 1289 3600 1335 suae
3641 1269 3916 1354 gloriae,
3976 1292 4141 1355 quae
4186 1275 4342 1339 alio·

2407 1350 2517 1432 qui
2557 1349 2847 1416 subiecta
2902 1351 3136 1417 fuisset
3177 1354 3469 1436 gentium
3525 1356 3906 1438 opprobriis.
3993 1357 4187 1425 Unde
4230 1359 4345 1426 ad-

2406 1435 2639 1500 moniti
2681 1436 2951 1501 fuerunt
2990 1435 3237 1518 Iudaei,
3283 1460 3483 1522 quum
3528 1448 3776 1505 certum
3822 1441 4159 1509 interitum
4205 1467 4347 1529 pro·

2407 1521 2626 1585 meriti
2669 1528 2904 1599 essent,
2951 1543 3020 1587 se
3066 1542 3194 1587 non
3241 1524 3502 1590 aliunde
3546 1545 3687 1591 esse
3730 1526 3963 1608 salvos,
4025 1529 4150 1595 nisi
4195 1531 4345 1613 quia

2406 1605 2700 1672 habenas
2753 1605 2976 1672 laxare
3030 1608 3217 1674 Deus
3270 1610 3552 1675 noluerit
3601 1612 3896 1694 gentium
3953 1617 4344 1697 proterviae.

2404 1691 2610 1757 Porro
2653 1694 2789 1757 irae
2831 1713 3067 1758 nomen
3116 1693 3222 1761 hic
3265 1715 3381 1778 pro
3426 1696 3705 1779 superba
3745 1697 4052 1764 iactantia
4093 1702 4347 1799 capitur

2405 1778 2556 1860 quia
2613 1777 2807 1844 rebus
2861 1780 3187 1862 prosperis
3237 1779 3319 1845 ad
3392 1782 3728 1848 saevitiam
3787 1783 4109 1851 ebulliunt
4158 1788 4343 1870 impii

2406 1869 2473 1928 et
2527 1863 2779 1946 profani
2839 1862 3166 1931 homines:
3226 1866 3354 1932 nisi
3408 1867 3617 1951 magis
3659 1867 3913 1952 placeat
3966 1870 4344 1954 simpliciter

2404 1949 2840 2014 irritationem
2905 1957 3192 2030 vertere,
3270 1971 3395 2035 quo
3459 1973 3654 2019 sensu
3720 1954 3987 2036 ponitur
4049 1957 4109 2021 2.
4175 1957 4343 2043 Reg.

2405 2054 2543 2118 cap.
2590 2033 2694 2099 23.
2784 2034 2994 2100 Paulo
3038 2044 3185 2119 post
3228 2037 3490 2121 quidem
3536 2039 3888 2120 exponitur
3940 2061 4026 2106 ne
4081 2062 4152 2107 se
4196 2042 4345 2108 hos·

2404 2129 2504 2185 tes
2544 2120 2793 2187 alienos
2843 2127 3203 2198 ostentent,
3249 2135 3361 2190 Ὃ)
3404 2123 3577 2188 enim
3637 2145 3811 2190 nunc
3856 2125 4138 2192 alienum
4186 2149 4346 2211 esse,

2408 2225 2582 2271 nunc
2624 2225 2864 2272 novam
2907 2206 3131 2272 faciem
3177 2207 3479 2285 induere,
3525 2228 3698 2273 nunc
3744 2230 4096 2294 agnoscere
4141 2212 4346 2298 signi·

2406 2293 2578 2356 ficat.
2665 2290 2897 2375 Itaque
2957 2313 3090 2357 non
3150 2293 3375 2359 dubito
3438 2294 3596 2376 quin
3653 2315 3880 2359 eorum
3933 2298 4176 2363 fastum
4233 2320 4344 2365 ex-

2405 2377 2650 2459 primat
2734 2376 2953 2443 Moses
3024 2378 3136 2461 qui
3222 2399 3291 2444 se
3376 2378 3654 2462 quodam
3751 2381 3941 2446 modo
4031 2385 4347 2450 transfor-

2405 2471 2623 2539 mant,
2687 2471 2757 2528 ut
2800 2482 2920 2528 sua
2953 2484 3194 2548 pompa
3239 2472 3307 2529 et
3349 2484 3519 2530 vana
3562 2465 3841 2531 elatione
3899 2469 4348 2554 perstringant

2406 2548 2800 2631 simplicium
2845 2548 3083 2615 oculos.
3171 2548 3249 2616 Si
3292 2551 3398 2616 cui
3442 2551 3650 2635 magis
3691 2551 4001 2633 probetur
4047 2552 4345 2623 diversus

2407 2654 2660 2712 senene,
2703 2653 2787 2698 ne
2832 2655 2903 2699 se
2938 2655 2978 2699 a
3001 2633 3144 2700 Deo
3186 2647 3509 2719 separent,
3551 2657 3626 2703 ac
3667 2657 3960 2703 seorsum
4003 2637 4126 2705 sibi
4168 2661 4346 2707 arro·

2407 2728 2570 2804 gent
2608 2716 2779 2803 quod
2823 2719 3030 2803 ipsius
3082 2722 3419 2804 proprium
3466 2730 3598 2801 est,
3658 2744 3790 2787 non
3846 2743 4159 2809 repugno.
4248 2729 4347 2793 Ac

2407 2805 2675 2871 videtur
2738 2825 3100 2889 congruere
3165 2806 3334 2891 quod
3413 2819 3639 2890 postea
3703 2809 4023 2891 sequitur:
4106 2810 4346 2878 Manus

2407 2898 2637 2956 nostra
2677 2889 2953 2970 excelsa,
2998 2911 3130 2956 non
3177 2902 3396 2958 autem
3440 2892 3705 2972 Iehova‚
3749 2892 3873 2959 hoc
3916 2894 4085 2962 fecit.
4175 2895 4345 2962 Nam

2410 2975 2568 3042 dum
2603 2977 2869 3042 effraeni
2894 2976 3210 3043 eiusmodi
3244 2978 3509 3044 licentia
3542 2980 3874 3045 exsultant
3906 2979 4222 3061 homines,
4256 2983 4348 3049 sic

2410 3067 2795 3147 evagantur,
2832 3072 2906 3128 ut
2942 3062 3106 3128 nihil
3132 3063 3219 3128 sit
3241 3085 3387 3129 cum
3410 3062 3552 3129 Deo
3574 3086 3932 3144 commune,
3966 3066 4088 3132 hoc
4127 3078 4345 3133 autem

2408 3146 2599 3213 modo
2644 3148 2950 3213 obrutum
2992 3148 3226 3214 fuisset
3260 3147 3385 3214 Dei
3429 3148 3773 3234 iudicium,
3816 3149 3988 3234 quod
4030 3152 4348 3219 illustrari

2407 3233 2635 3316 poenis
2670 3233 2803 3298 illis
2834 3234 3143 3317 oportuit,
3182 3234 3333 3300 dum
3373 3235 3593 3301 hostes
3615 3235 3698 3301 ad
3727 3256 3797 3301 se
3830 3237 4203 3321 rapuissent
4233 3259 4348 3305 ex-

2408 3319 2631 3385 stincti
2674 3319 2892 3402 populi
2933 3320 3224 3403 gloriam.
3280 3320 3419 3387 Nec
3462 3341 3616 3386 vero
3649 3328 3993 3405 propterea
4033 3324 4170 3390 suis
4213 3323 4348 3391 vic·

2406 3407 2594 3472 toriis
2629 3404 3017 3470 insolescere
3063 3404 3449 3471 destiterunt
3483 3406 3570 3470 im
3620 3407 3686 3488 ii,
3729 3408 3920 3474 sicuti
3954 3406 4138 3474 Deus
4176 3409 4348 3493 apud

2435 3491 2675 3557 Isaiam
2724 3489 2825 3571 10,
2868 3489 2933 3576 7)
2976 3491 3409 3574 conqueritur,
3454 3500 3522 3557 et
3592 3491 3899 3559 Habacuc
3947 3498 4000 3573 1,
4051 3495 4161 3581 10)
4196 3516 4346 3560 con·

2454 3583 2650 3642 rmat:
2726 3596 3023 3660 repressa
3079 3585 3300 3642 tamen
3357 3577 3767 3661 aliquatenus
3824 3579 4060 3645 ferocia
4118 3601 4346 3646 eorum

2403 3664 2562 3743 fuit,
2641 3660 2951 3744 quamdiu
3032 3683 3110 3729 su
3196 3663 3418 3728 rstites
3489 3664 3756 3728 fuerunt
3826 3663 4081 3748 aliquae
4160 3665 4347 3732 electi

2405 3746 2626 3832 populi
2689 3747 3021 3830 reliquiae.
3150 3768 3254 3813 am
3320 3750 3672 3832 improprie
3741 3749 3896 3815 dicit
3962 3750 4175 3832 Deus,
4254 3753 4346 3819 sic

2405 3834 2701 3899 timuisse
2755 3833 2949 3898 talem
3017 3834 3444 3916 proterviam,
3511 3836 3616 3899 cui
3675 3833 3949 3914 mederi,
4017 3847 4084 3901 et
4154 3858 4345 3922 quam

2403 3939 2812 4002 compescere
2855 3918 3046 3984 facile
3082 3928 3369 4003 poterat:
3428 3919 3541 3985 sed
3588 3919 3879 3986 diximus
3928 3942 4077 3986 eum
4124 3921 4350 3988 huma-

2405 4005 2585 4071 nitus
2641 4005 2855 4088 loqui,
2905 4015 2982 4069 ut
3025 4006 3239 4071 sciant
3280 4004 3617 4070 Israelitae
3683 4026 3752 4070 se
3806 4006 4017 4090 magis
4062 4007 4346 4074 hostium

2403 4112 2605 4158 causa
2674 4110 2872 4173 quam
2947 4111 3065 4155 suo
3144 4091 3376 4155 merito
3445 4112 3587 4157 esse
3665 4092 3936 4175 elapsos.
4025 4092 4344 4158 Exoritur

2405 4186 2626 4242 tamen
2702 4176 3021 4259 quaestio,
3108 4175 3429 4259 quomodo
3514 4175 3725 4242 locum
3811 4177 4110 4244 habuerit
4183 4178 4346 4244 haec

2404 4262 2816 4337 consultatio,
2862 4282 2943 4325 ex
2979 4281 3106 4344 quo
3142 4270 3458 4327 statuerat
3490 4262 3677 4328 Deus
3710 4262 3846 4327 irae
3890 4283 4047 4329 suae
4083 4265 4346 4330 flamma

2405 4369 2517 4414 eos
2595 4346 3014 4415 consumere?
3103 4347 3491 4429 Respondeo
3574 4351 4139 4431 consumptionem
4213 4350 4347 4415 illic

2402 4434 2607 4499 fuisso
2650 4441 2944 4498 notatam
2964 4483 2979 4511 ,
3038 4454 3204 4515 quae
3261 4453 3391 4498 non
3436 4453 3702 4517 prorsus
3745 4446 4005 4518 gentem
4042 4434 4346 4511 aboleret,

2405 4521 2566 4605 quin
2624 4527 2962 4585 exstarent
3005 4519 3256 4601 aliquae
3298 4520 3526 4584 ruinae
3569 4529 3775 4586 status
3811 4521 4071 4604 pristini
4115 4527 4343 4586 testes:

2405 4625 2581 4672 nunc
2616 4624 2775 4670 vero
2810 4604 3014 4670 verba
3042 4604 3186 4669 fieri
3216 4604 3297 4668 de
3325 4604 3615 4682 interitu,
3661 4606 3769 4689 qui
3805 4626 4073 4689 prorsus
4105 4605 4348 4672 deleret

2404 4711 2644 4758 nomen
2690 4691 2925 4775 gentis,
2975 4709 3050 4756 ac
3093 4690 3152 4756 si
3197 4710 3533 4774 nunquam
3579 4711 3619 4756 a
3663 4691 3804 4757 Deo
3848 4691 4055 4758 electa
4097 4690 4343 4757 fuisset.

2920 4946 3052 5013 EX
3093 4944 3423 5013 EODEM
3469 4946 3823 5014 ΟΑΡΙΤΕ.

2581 5118 2682 5184 28.
2748 5117 2917 5185 Gens
2949 5118 3116 5184 enim
3139 5119 3395 5200 perdita
3434 5116 3717 5184 consiliis
3748 5120 3911 5195 sunt,
3956 5134 4061 5180 neo
4094 5121 4185 5182 est
4215 5117 4350 5185 illis

2406 5204 2829 5289 intelliyentia.
2905 5204 3007 5269 29.
3050 5202 3127 5270 Si
3167 5205 3481 5287 sapientes
3522 5208 3734 5280 essent,
3779 5201 4181 5285 intelliyerent
4220 5201 4345 5283 hoc,

2408 5290 2816 5375 intelliyerent
2834 5291 3238 5357 novissimum
3259 5310 3463 5356 suum.
3491 5288 3594 5353 30.
3620 5287 3923 5369 Quomodo
3935 5294 4350 5370 persequutus

2406 5376 2637 5460 fuisset
2655 5395 2822 5443 unus
2842 5375 3027 5457 mille,
3041 5381 3096 5443 et
3115 5378 3239 5444 duo
3246 5377 3569 5459 fuqassent
3586 5373 3786 5440 decem
3804 5372 4031 5456 millia,
4044 5373 4176 5441 nisi
4188 5377 4350 5459 quod
