5017 6142
572 483 658 549 87

574 678 796 739 rectus
839 668 983 736 fuit.
1050 668 1190 735 Nec
1233 676 1334 733 est
1366 664 1536 749 quod
1560 665 1703 730 Deo
1745 664 2128 748 obstrepant
2172 665 2528 732 maledicae

577 758 888 842 linguae,
945 775 1022 821 ac
1065 756 1122 820 si
1165 750 1342 819 aliud
1385 750 1727 818 simularet
1767 747 1942 835 apud
1987 751 2287 817 homines
2329 770 2528 833 quam

580 840 758 928 apud
802 862 872 907 se
917 839 1224 907 decrevit.
1313 837 1540 921 Neque
1593 837 1770 902 enim
1828 835 1978 902 ideo
2038 838 2262 902 varius
2306 849 2409 904 est
2452 858 2529 903 ac
2569 888 2576 911 ,

581 929 822 1007 fallax,
890 929 947 993 si
1004 925 1086 991 de
1144 924 1484 989 hominum
1544 922 1824 1006 peccatis
1884 923 2084 989 verba
2128 922 2404 1001 faciens,
2464 931 2533 989 et

584 1012 938 1082 ostendens
975 1010 1133 1096 quid
1171 1010 1390 1075 meriti
1433 1010 1585 1086 sint,
1625 1029 1759 1074 nou
1792 1010 2002 1091 aperit
2035 1008 2533 1092 incomprehen-

583 1101 774 1169 sibile
817 1119 1012 1164 suum
1055 1096 1416 1164 consilium.
1505 1094 1739 1160 Prodit
1781 1094 1888 1161 hic
1931 1094 2003 1159 in
2046 1092 2332 1159 medium
2379 1102 2528 1160 tanÎ‡

584 1207 781 1272 quam
825 1184 1053 1250 iudex:
1099 1182 1493 1249 sententiam
1538 1179 1977 1246 damnationis
2010 1181 2259 1264 profert
2293 1179 2527 1246 adver-

584 1294 701 1339 sus
744 1269 1119 1338 sceleratos:
1179 1268 1442 1335 veniam
1496 1267 1715 1332 differt
1758 1266 1829 1330 iu
1884 1274 2140 1348 tempus
2195 1265 2524 1331 idoneum.

587 1358 769 1424 Hinc
812 1354 1180 1439 colligimus
1222 1353 1479 1420 occulta
1510 1352 1652 1417 eius
1685 1351 1925 1417 iudicia
1958 1351 2346 1435 profundam
2382 1372 2526 1417 esse

587 1445 933 1528 abyssum:
988 1441 1239 1505 interea
1284 1458 1440 1505 vero
1498 1436 1719 1517 nobis,
1771 1445 2024 1520 quantu
2135 1437 2219 1502 ad
2262 1436 2414 1503 fidei
2457 1446 2525 1503 et

587 1528 848 1613 pietatis
905 1526 1424 1592 aedificationem
1488 1523 1647 1590 satis
1710 1533 1843 1603 est,
1910 1522 2110 1588 volun
2185 1533 2317 1587 tem
2383 1523 2525 1588 eius

581 1612 884 1699 patefieri
925 1613 998 1676 in
1042 1612 1183 1678 eius
1227 1609 1442 1676 verbo,
1532 1608 1725 1690 Quod
1768 1608 1969 1673 etiam
2011 1608 2252 1674 clarius
2305 1630 2386 1676 ex
2436 1609 2524 1673 ri-

587 1700 792 1766 mitur
825 1699 897 1764 iu
930 1706 1261 1765 contextu.
1330 1694 1632 1761 Postulat
1666 1694 1846 1759 enim
1891 1692 2011 1759 sibi
2058 1694 2343 1777 quietem
2423 1695 2524 1759 ari

587 1807 628 1851 a
670 1785 877 1851 Mose.
944 1781 1124 1865 Quid
1171 1784 1292 1849 hoc
1335 1780 1460 1846 sibi
1503 1779 1691 1848 vult?
1735 1781 1845 1845 An
1889 1779 2016 1846 nisi
2059 1778 2355 1846 inducias
2397 1781 2523 1844 im-

584 1878 800 1956 petret
842 1870 925 1935 ab
960 1868 1225 1934 homine
1260 1866 1538 1946 mortali,
1575 1865 1779 1932 libere
1813 1865 2081 1948 exsequi
2119 1886 2247 1930 non
2278 1866 2525 1949 poterit

587 1976 775 2024 suam
821 1953 1218 2021 vindictam?
1284 1953 1539 2035 Nempe
1597 1951 1719 2016 hac
1764 1950 2070 2035 loquendi
2110 1951 2321 2016 forma
2365 1951 2521 2016 alie-

586 2063 741 2108 nam
807 2061 1154 2124 personam
1218 2040 1291 2104 in
1353 2060 1425 2104 se
1488 2038 1881 2120 suscipiens,
1946 2036 2233 2103 ostendit
2294 2038 2524 2120 quanti

584 2127 887 2194 aestimet
929 2146 1194 2192 servum
1240 2146 1430 2191 suum
1448 2174 1465 2203 ,
1521 2123 1709 2190 cuius
1765 2122 2064 2206 precibus
2106 2130 2363 2188 tantum
2410 2121 2521 2188 de-

585 2213 733 2289 fert,
781 2221 852 2278 ut
897 2212 1021 2278 sibi
1064 2210 1395 2276 obstaculo
1437 2231 1580 2275 esse
1622 2209 1812 2275 dicat.
1901 2206 2094 2273 Sicut
2140 2208 2208 2272 in
2255 2209 2521 2274 Psalmo

589 2297 762 2386 (106,
806 2297 890 2364 23
958 2297 1197 2363 dieitur
1230 2295 1450 2362 Moses
1493 2295 1753 2361 stetisse
1796 2290 1879 2359 ad
1922 2301 2286 2376 rupturam,
2332 2303 2408 2359 ut
2450 2315 2523 2360 se

585 2386 727 2450 irae
780 2384 910 2450 Dei
973 2391 1348 2466 opponeret.
1447 2379 1641 2448 Unde
1710 2379 2104 2465 perspicitur
2157 2380 2327 2444 mira
2390 2378 2520 2446 Dei

582 2470 862 2545 bonitas,
912 2469 1024 2551 qui
1067 2490 1196 2533 non
1240 2475 1500 2532 tantum
1545 2478 1697 2532 vota
1739 2486 2008 2531 suorum
2053 2465 2322 2530 exaudit
2363 2465 2521 2531 dum

584 2556 963 2640 suppliciter
1007 2560 1386 2638 precantur,
1444 2551 1557 2618 sed
1603 2571 1715 2617 eos
1756 2549 2227 2635 quodammodo
2270 2552 2523 2635 patitur

581 2642 710 2708 sibi
791 2661 933 2708 esse
1017 2642 1491 2705 intercessores.
1608 2636 1957 2702 Rationem
2037 2637 2327 2720 assignat
2402 2658 2523 2703 cur

584 2728 848 2793 futurus
904 2726 991 2792 sit
1032 2723 1487 2808 implacabilis:
1549 2722 1703 2807 quia
1745 2722 1944 2806 probe
1987 2724 2363 2806 cognoverit
2404 2722 2516 2788 de-

583 2820 913 2896 speratam
950 2820 1016 2876 et
1049 2809 1478 2875 insanabilem
1515 2830 1655 2875 esse
1690 2807 1910 2891 populi
1941 2808 2278 2873 malitiam.
2344 2808 2518 2873 Nam

583 2918 702 2983 per
755 2897 985 2963 duram
1042 2896 1364 2961 cervicem
1408 2894 1848 2977 metaphorice
1896 2894 2288 2979 intelligitur
2330 2893 2517 2960 indo-

584 2983 842 3049 mabilis
898 2981 1297 3065 pervicacia:
1363 2991 1430 3045 et
1485 2979 1846 3045 similitudo
1900 2988 2001 3045 est
2040 3000 2079 3045 a
2132 2979 2515 3063 praefractis

581 3069 788 3137 bobus
852 3076 1147 3151 sumpta,
1213 3066 1326 3149 qui
1387 3066 1562 3132 flecti
1626 3073 1960 3149 nequeunt
2024 3065 2108 3131 ad
2173 3065 2514 3131 ferendum

582 3158 835 3239 iugum.
923 3154 1052 3221 Ubi
1113 3161 1338 3218 autem
1361 3152 1536 3217 'talis
1580 3159 1682 3217 est
1726 3151 1996 3217 durities
2036 3159 2103 3217 et
2146 3151 2516 3232 obstinatio,

584 3260 719 3305 non
774 3247 1073 3322 superest
1130 3239 1363 3304 veniae
1416 3238 1618 3304 locus.
1703 3237 2033 3320 Loquutio
2089 3236 2352 3320 quidem
2394 3241 2518 3302 im-

582 3326 849 3409 propria
892 3334 1021 3391 est:
1068 3324 1237 3409 quod
1260 3324 1445 3390 Deus
1486 3324 1938 3407 experimento
1980 3325 2360 3408 cognoverit
2401 3345 2514 3406 po-

583 3410 816 3495 pulum
858 3432 1001 3476 esse
1044 3411 1246 3476 durae
1289 3410 1594 3476 cervicis:
1639 3408 1754 3475 sed
1796 3409 2039 3475 scimus
2080 3428 2275 3493 saepe
2300 3410 2518 3475 Deum

584 3495 856 3562 induere
900 3496 1170 3562 affectus
1214 3496 1565 3561 humanos:
1609 3494 1762 3578 quia
1803 3494 1931 3560 nisi
1972 3494 2054 3560 ad
2098 3515 2216 3561 nos
2253 3494 2520 3561 descen-

589 3581 801 3663 deret,
879 3601 1215 3665 nunquam
1277 3592 1531 3646 mentes
1595 3588 1856 3646 nostrae
1964 3580 2371 3664 ertingerent
2437 3579 2522 3646 ad

587 3668 730 3734 eius
773 3667 1204 3733 altitudinem.
1296 3664 1573 3733 Summa
1612 3675 1742 3743 est,
1793 3686 1909 3750 per
1954 3667 2081 3732 itos
2121 3688 2264 3733 esse
2305 3687 2524 3733 mores

588 3753 841 3838 populi:
899 3753 1054 3836 quia
1103 3750 1329 3817 multis
1387 3753 1517 3816 iam
1575 3750 1982 3818 documentis
2036 3752 2251 3835 palam
2296 3753 2527 3820 fecerit

584 3861 656 3907 se
699 3860 841 3906 esse
881 3838 1223 3903 inflexibili
1263 3838 1688 3904 contumacia.
1779 3838 1984 3904 Porro
2037 3859 2121 3903 ne
2177 3859 2381 3923 grave
2438 3840 2527 3904 sit

588 3927 759 3993 Mosi
803 3924 1088 3991 nobilem
1133 3924 1572 4007 principatum
1617 3924 1937 4001 amittere,
1982 3924 2424 4005 compensatio
2463 3924 2526 3990 ei

589 4011 1020 4095 promittitur:
1088 4030 1214 4093 qua
1255 4009 1637 4093 probatione
1677 4009 1983 4093 apparuit
2024 4030 2175 4074 eum
2221 4009 2343 4076 sibi
2391 4011 2525 4093 pri-

587 4099 791 4164 vatim
837 4118 966 4163 non
1011 4094 1369 4173 consulere,
1412 4114 1536 4161 neo
1575 4096 1897 4178 respicere
1939 4116 2059 4161 sua
2102 4094 2452 4161 commoda.

762 4182 863 4248 11.
908 4181 998 4247 Et
1030 4186 1327 4263 precatus
1366 4185 1456 4247 est
1496 4179 1728 4247 Moses,
1808 4180 2080 4246 Certum
2126 4188 2229 4246 est
2269 4202 2352 4246 ex
2398 4180 2527 4247 fide

587 4287 889 4333 manasse
932 4268 1104 4335 hanc
1148 4267 1618 4352 precationem,
1676 4267 1745 4331 in
1803 4286 1936 4349 qua
1992 4274 2213 4331 tamen
2265 4266 2529 4332 videtur

591 4374 741 4419 eum
785 4353 929 4437 ipso
951 4353 1080 4418 Dei
1122 4352 1322 4418 verbo
1367 4352 1732 4437 confligere.
1801 4352 2082 4417 Dixerat
2114 4352 2289 4416 enim
2312 4351 2525 4418 Deus:

591 4434 934 4507 Descende
998 4438 1078 4503 ad
1144 4437 1456 4523 populum
1524 4447 1732 4504 tuum.
1831 4436 2213 4521 Respondet
2276 4439 2526 4505 Moses:

586 4525 734 4591 Imo
777 4538 928 4590 tuus
968 4532 1086 4589 est.
1152 4524 1286 4589 Sed
1332 4522 1904 4610 (quemadmodum
1948 4543 2161 4606 nuper
2194 4521 2530 4612 admonui)

587 4613 744 4694 quia
786 4609 1111 4676 mordicus
1154 4610 1418 4675 tenebat
1470 4609 1644 4675 istud
1703 4609 2100 4693 principium
2120 4659 2135 4687 ,
2194 4611 2336 4675 fieri
2392 4632 2528 4676 non

588 4717 794 4782 posse,
837 4704 912 4762 ut
946 4694 1172 4760 foedus
1209 4695 1335 4761 Dei
1379 4696 1640 4760 irritum
1686 4696 1888 4770 fieret,
1934 4696 2153 4760 omnia
2195 4695 2530 4762 obstacula

589 4783 776 4868 quasi
819 4781 1058 4849 clausis
1114 4781 1317 4847 oculis
1373 4782 1744 4866 perrumpit
1786 4780 1894 4847 vel
1937 4788 2221 4863 superat.
2308 4781 2529 4866 Popu-

591 4871 729 4935 lum
784 4876 1000 4934 autem
1063 4868 1190 4933 Dei
1244 4888 1387 4933 esse
1443 4868 1679 4951 probat
1730 4888 1814 4932 ex
1870 4866 2118 4932 recenti
2184 4867 2528 4933 beneficio:

589 4955 706 5023 sed
749 4954 1095 5039 praecipue
1138 4954 1208 5017 in
1255 4952 1481 5020 foedus
1538 4953 1892 5031 recumbit,
1950 4952 2085 5018 imo
2143 4953 2532 5037 redemptio-

588 5063 743 5107 nem
801 5048 1270 5108 commemorat
1324 5039 1508 5121 quasi
1559 5039 1882 5104 effectum.
1982 5037 2296 5122 Sequitur
2350 5040 2530 5106 enim

588 5138 847 5211 postea:
889 5125 1264 5193 Recordare
1306 5124 1663 5205 Abraham,
1707 5125 1893 5191 Isaac
1936 5134 2005 5191 et
2039 5124 2264 5192 Israel.
2331 5127 2533 5192 Vide-

589 5234 741 5278 mus
801 5234 984 5296 ergo,
1042 5221 1115 5277 ut
1171 5213 1387 5295 prima
1438 5209 1715 5276 fiduciae
1773 5230 1969 5277 eausa
2025 5213 2111 5277 sit
2163 5214 2529 5295 promissio,

589 5299 891 5381 quamvis
949 5299 1163 5381 priore
1219 5299 1357 5364 loco
1402 5297 1623 5364 Moses
1666 5305 2163 5377 commemorat,
2217 5299 2531 5382 populum

588 5384 721 5450 Dei
779 5405 980 5449 manu
1032 5385 1231 5450 fuisse
1285 5384 1652 5451 liberatum.
1740 5384 2017 5450 Manum
2075 5405 2232 5452 vero
2277 5386 2529 5463 fortem,

2014 475 2423 546 REDITUS
2468 477 2600 544 AD
2643 475 3189 546 HISTORIAM.

4489 470 4576 539 88

2634 674 2701 731 et
2742 667 3191 735 fortitudinem
3232 686 3544 751 magnam
3601 664 3747 732 ideo
3804 663 4048 730 diserte
4101 662 4441 747 exprimit,
4498 667 4577 727 ut

2633 753 2993 837 significet,
3050 771 3176 837 quo
3235 752 3447 836 magis
3501 753 3852 836 conspicua
3909 752 4173 816 fuerant
4218 747 4344 813 Dei
4386 746 4578 811 mira-

2631 838 2813 917 cula,
2869 841 3218 924 impiorum
3262 839 3610 904 calumniis
3652 858 3731 903 eo
3775 837 3986 921 magis
4028 834 4391 919 expositam
4437 834 4575 899 fore

2630 924 2772 990 eius
2813 926 3111 1010 gloriam.
3200 923 3412 990 Sicuti
3466 924 3663 990 etiam
3714 923 4024 990 continuo
4066 933 4214 1005 post
4252 918 4571 1001 explieat:

2631 1010 2723 1078 Ut
2786 1009 2946 1093 quid
3010 1010 3230 1077 dicent
3294 1009 3639 1160 Î‘Î¿Ï‚Î³á½¸Î¹á½·á¼±,
3707 1018 3830 1074 etc.
3940 1006 4342 1074 Particulam
4394 1017 4573 1082 nm

2630 1116 2824 1178 quam
2867 1106 3059 1163 vetus
3101 1096 3424 1179 interpres
3527 1093 3759 1175 allide,
3825 1095 3936 1159 alii
3991 1093 4315 1159 malitiose
4361 1098 4574 1157 verteÎ‡

2628 1191 2787 1246 runt
2843 1183 3014 1249 malo
3071 1180 3454 1266 simpliciter
3512 1185 3804 1264 accipere
3857 1198 3975 1262 pro
4019 1178 4126 1244 Ad
4170 1177 4450 1255 malum,
4493 1181 4571 1242 ut

2625 1276 2897 1334 notetur
2948 1268 3157 1334 tristis
3218 1276 3285 1332 et
3338 1265 3572 1332 infelix
3646 1265 3884 1331 exitus.
3994 1264 4165 1331 Nam
4225 1261 4399 1346 quod
4453 1260 4569 1326 alii

2626 1362 2994 1437 exponunt:
3040 1353 3339 1418 Infausto
3383 1353 3616 1430 sidere,
3659 1351 3829 1416 mihi
3864 1349 4126 1416 videtur
4161 1348 4358 1414 nimis
4391 1367 4576 1415 coao-

2627 1446 2787 1505 tum.
2871 1441 3105 1523 Itaque
3163 1459 3292 1504 non
3350 1437 3573 1504 dubito
3614 1438 3774 1520 quin
3820 1436 4148 1521 significet
4184 1435 4403 1500 Moses
4445 1432 4574 1500 hoc

2625 1523 2976 1611 Aegyptiis
3019 1524 3340 1589 malorum
3386 1523 3525 1588 fore
3560 1522 3896 1603 solatium,
3940 1523 3997 1587 si
4038 1521 4327 1587 intereat
4364 1539 4573 1602 popu-

2625 1610 2758 1677 lus:
2818 1633 2893 1678 ac
2937 1611 2991 1677 si
3037 1609 3221 1677 Deus
3278 1607 3403 1675 hoc
3459 1608 3652 1673 modo
3709 1609 3885 1692 ipsos
3930 1607 4011 1673 de
4052 1606 4349 1672 hostibus
4395 1604 4574 1670 ultus

2624 1706 2813 1763 esset.
2902 1697 3107 1762 Porro
3151 1696 3277 1761 hoc
3320 1714 3542 1760 errore
3585 1693 3800 1761 deleta
3841 1693 4077 1759 fuisset
4118 1699 4255 1757 tam
4312 1690 4565 1775 gratiae

2624 1782 2751 1849 Dei
2815 1802 3014 1866 quam
3076 1781 3298 1848 iudicii
3376 1779 3712 1846 memoria.
3822 1777 4308 1846 Obduruissent
4382 1776 4562 1842 enim

2626 1869 2970 1955 Aegyptii,
3013 1887 3136 1934 nec
3180 1867 3334 1933 tacti
3379 1866 3661 1932 fuissent
3701 1865 3837 1931 ullo
3880 1864 4113 1948 culpae
4155 1880 4383 1943 sensu,
4440 1880 4563 1928 nee

2623 1962 2964 2038 putassent
2996 1954 3213 2018 Deum
3272 1951 3479 2018 electo
3535 1950 3770 2035 populo
3812 1950 4013 2016 fuisse
4054 1947 4558 2015 misericordem.

2624 2039 2819 2123 Quod
2862 2040 3179 2123 sequitur:
3240 2038 3585 2103 Poeniteat
3625 2045 3692 2102 te
3734 2058 3929 2121 super
3970 2036 4178 2114 malo,
4222 2054 4341 2118 pro
4386 2053 4560 2099 oom-

2621 2127 2807 2191 muni
2852 2148 2977 2192 usu
3019 2124 3264 2192 dictum
3308 2131 3440 2189 est:
3500 2123 3655 2206 quia
3711 2124 3920 2189 sancti
3977 2118 4306 2205 precando
4366 2140 4562 2204 saepe

2624 2212 3025 2278 balbutiunt:
3092 2219 3159 2276 et
3201 2210 3358 2275 dum
3400 2218 3763 2274 exonerant
3799 2228 3952 2274 suas
3990 2226 4181 2275 curas
4224 2207 4294 2270 in
4340 2206 4563 2271 sinum

2622 2299 2768 2378 Dei,
2812 2297 3155 2381 pro'ferunt
3195 2316 3277 2361 ex
3322 2315 3444 2361 sua
3484 2294 3868 2359 infirmitate
3912 2313 4078 2377 quae
4114 2293 4256 2358 Deo
4290 2292 4563 2358 minime

2623 2385 3041 2451 conveniunt.
3152 2380 3370 2448 Sicuti
3448 2379 3604 2446 dum
3680 2379 4121 2464 interrogant:
4202 2376 4563 2461 Quousque

2623 2469 2905 2535 dormies
2938 2468 3050 2533 vel
3083 2466 3508 2545 oblivisceris,
3553 2465 3818 2531 claudes
3847 2465 4070 2532 oculos
4103 2473 4173 2529 et
4207 2463 4564 2531 abscondes

2621 2555 2900 2622 faciem?
2969 2554 3322 2620 Caeterum
3378 2552 3780 2636 poenitentia
3823 2549 3952 2616 Dei
4008 2549 4177 2615 nihil
4235 2548 4418 2616 aliud
4461 2557 4565 2615 est

2622 2662 2819 2725 quam
2858 2661 3081 2706 rerum
3125 2639 3418 2715 mutatio,
3461 2639 3532 2702 in
3574 2657 3703 2720 qua
3746 2636 4005 2702 videtur
4045 2656 4307 2702 cursum
4355 2645 4562 2701 retro-

2622 2728 2886 2794 flectere
2929 2746 3004 2794 ac
3039 2726 3099 2791 si
3132 2745 3375 2791 novum
3414 2720 3592 2788 aliud
3625 2722 3970 2788 consilium
4004 2723 4300 2806 cepisset.
4366 2720 4562 2803 Quod

2622 2834 2780 2898 ergo
2824 2812 3157 2896 aliquanto
3200 2818 3350 2895 post
3392 2809 3712 2893 sequitur:
3760 2809 4098 2874 Poenituit
4121 2807 4339 2873 Deum
4385 2808 4561 2887 mali,

2621 2898 3005 2964 tantundem
3061 2896 3239 2964 valet
3282 2915 3358 2962 ao
3400 2896 3458 2960 si
3515 2894 3763 2961 dictum
3824 2905 4025 2969 esset,
4084 2895 4284 2959 fuisse
4344 2894 4562 2977 placa-

2622 2993 2798 3051 tum:
2853 3004 2990 3050 nou
3044 2981 3220 3066 quod
3274 2983 3456 3048 intus
3499 2988 3812 3047 retractet
3852 2979 4024 3064 quod
4070 2978 4384 3060 decrevit,
4445 2978 4563 3045 sed

2665 3072 2774 3136 uia
2817 3091 2946 3135 non
2994 3068 3373 3151 exsequitur
3416 3087 3611 3150 quam
3656 3067 4114 3150 pronunciavit
4147 3066 4562 3132 sententiam.

2620 3093 2699 3223 gi
2742 3154 2930 3307 plltlira
2985 3156 3252 3240 cupiant
3307 3154 3610 3233 lectores,
3669 3152 4001 3235 reperient
4039 3155 4110 3217 in
4155 3152 4449 3218 Genesin
4495 3159 4565 3217 et

2620 3245 2798 3326 Prop
2849 3250 3006 3308 etas.

2794 3328 2895 3393 12.
2958 3325 3314 3392 Recordare
3360 3323 3716 3405 Abraham,
3774 3322 3969 3389 Isaac
4011 3327 4067 3387 et
4110 3323 4323 3389 Israel
4361 3342 4566 3389 servo-

2621 3433 2766 3479 rum
2826 3418 3096 3478 tuorum.
3198 3410 3262 3475 N
3263 3432 3347 3476 ou
3405 3410 3705 3492 producit
3759 3410 3828 3473 in
3887 3409 4175 3475 medium
4233 3417 4562 3492 patronos,

2624 3520 2897 3582 quorum
2943 3497 3274 3581 suffragiis
3320 3495 3584 3561 adiutus
3628 3496 3917 3560 obtineat
3957 3494 4130 3578 quod
4189 3495 4382 3578 petit:
4446 3491 4562 3561 sed

2623 3585 2776 3667 quia
2819 3584 2989 3668 apud
3033 3604 3144 3648 eos
3188 3581 3481 3666 deposita
3523 3581 3738 3647 fuerat
3794 3580 4170 3664 promissio,
4238 3601 4435 3664 quam
4478 3578 4563 3645 ad

2623 3679 2911 3754 posteros
2966 3669 3149 3753 quasi
3206 3667 3711 3734 haereditariam
3776 3668 4317 3732 transmitterent.
4427 3665 4563 3731 NoÎ‡

2619 3756 2821 3822 tanda
2870 3756 3075 3840 igitur
3128 3763 3229 3819 est
3282 3753 3560 3836 qualitas
3619 3753 3727 3818 vel
3785 3772 4064 3835 persona
4122 3772 4318 3835 quam
4378 3752 4562 3818 Deus

2620 3843 3021 3926 imposuerat
3085 3838 3488 3922 patriarchis.
3581 3837 3732 3919 Qua
3773 3839 3970 3904 etiam
4017 3839 4269 3904 ratione
4326 3837 4566 3903 dicitur

2623 3928 2691 3992 in
2741 3927 3004 3994 Psalmo
3048 3925 3201 3990 132:
3262 3926 3596 3990 Memento
3634 3924 3921 3990 Domine
3966 3921 4202 4003 David,
4249 3934 4313 3989 et
4352 3923 4565 3989 omnis

2625 4013 2996 4080 afflictionis
3049 4012 3210 4078 cius.
3313 4009 3506 4076 Unde
3564 4010 3726 4077 satis
3782 4010 4103 4076 refellitur
4159 4011 4565 4093 papistarum

2623 4099 2887 4166 inscitia
2927 4105 2995 4164 et
3036 4097 3322 4176 fatuitas,
3367 4096 3478 4179 qui
3519 4103 3809 4163 mortuos
3853 4104 4092 4179 putant
4131 4095 4237 4160 his
4279 4096 4570 4161 testimo-

2626 4184 2756 4251 niis
2797 4183 3005 4251 ereari
3047 4184 3527 4249 intercessores.
3599 4181 4066 4248 Iusiurandum
4109 4180 4406 4247 consulto
4450 4202 4565 4264 po-

2630 4273 2758 4349 nit,
2814 4290 2942 4353 quo
3000 4269 3289 4336 sanctius
3345 4288 3417 4333 se
3460 4268 3905 4333 obstrinxerat
3947 4266 4153 4345 Deus,
4198 4274 4274 4332 ut
4317 4267 4568 4333 firmior

2630 4367 2696 4421 et
2737 4358 2947 4440 magis
2991 4354 3367 4421 authentica
3409 4361 3583 4418 esset
3623 4353 3988 4436 promissio.
4069 4352 4210 4419 Our
4247 4373 4406 4418 vero
4449 4373 4567 4437 per

2630 4462 2701 4508 se
2735 4442 2953 4523 ipsum
2995 4442 3168 4506 iuret
3213 4439 3429 4518 Deus,
3488 4437 3677 4504 docet
3719 4438 4046 4523 apostolus
4090 4437 4175 4504 ad
4228 4438 4569 4505 Hebraeos

2629 4526 2715 4614 (6,
2763 4526 2898 4614 13):
2943 4528 3095 4610 quia
3137 4525 3380 4592 scilicet
3423 4527 3734 4591 maiorem
3768 4547 3902 4592 nou
3938 4525 4151 4591 habet.
4219 4523 4567 4590 Interdum

2630 4621 2851 4679 tamen
2895 4611 3124 4679 eodem
3169 4628 3368 4676 sensu
3400 4611 3578 4676 iurat
3611 4633 3731 4696 per
3765 4611 4000 4676 solium
4041 4631 4235 4676 suum
4269 4611 4570 4690 coeleste,

2631 4698 2736 4763 vel
2779 4699 3244 4764 sanctuarium.
3333 4697 3541 4762 Porro
3600 4697 3869 4763 dubium
3926 4708 4057 4774 est,
4115 4697 4287 4762 sitne
4328 4697 4397 4760 in
4441 4696 4567 4761 hac

2628 4785 3000 4868 precatione
3043 4779 3288 4866 á½•ÏƒÏ„ÎµÏÎ¿Î½
3329 4779 3646 4866 Ï€Ïá½¹Ï„ÎµÏÎ¿Î½,
3690 4785 3842 4866 quia
3884 4802 4040 4847 mox
4083 4781 4450 4848 videbimus
4493 4782 4567 4845 in

2628 4879 2957 4946 contextu,
3003 4891 3203 4953 quum
3247 4867 3529 4935 secundo
3572 4889 3874 4940 reversus
3917 4875 4088 4934 esset
4133 4868 4369 4946 Moses,
4416 4886 4567 4950 pre-

2629 4967 2849 5023 catum
2893 4956 3095 5022 fuisse
3139 4974 3259 5038 pro
3304 4955 3514 5020 salute
3556 4954 3796 5038 populi,
3839 4962 3907 5019 et
3948 4952 4352 5020 exauditum.
4440 4953 4572 5019 Ne-

2628 5063 2754 5126 que
2796 5062 2952 5108 vero
2995 5042 3061 5107 id
3107 5053 3439 5106 momento
3484 5041 3726 5106 factum
3770 5048 3901 5106 est:
3960 5040 4075 5105 sed
4130 5039 4570 5124 quadraginta

2631 5128 2768 5195 dies
2811 5129 3054 5193 iterum
3097 5127 3501 5211 consumpsit
3543 5124 3626 5192 ad
3668 5125 4224 5192 reconciliandum
4273 5127 4412 5191 Deo
4451 5146 4569 5209 po-

2628 5215 2880 5298 pulum.
2969 5214 3137 5279 Mihi
3185 5223 3404 5279 tamen
3447 5210 3781 5298 probabile
3824 5211 4100 5289 videtur,
4146 5211 4379 5277 Mosen
4423 5213 4572 5277 hor-

2629 5300 2802 5365 ribili
2869 5299 3371 5366 denunciatione
3435 5297 3807 5382 perculsum
3873 5298 4093 5363 statim
4152 5297 4569 5380 supplicasse,

2630 5386 2936 5470 nulloque
2957 5387 3190 5452 veniae
3224 5393 3488 5469 accepto
3523 5404 3833 5469 responso
3868 5404 4254 5466 suspensum
4290 5382 4567 5463 venisse,
