5017 6142
406 434 534 500 513

1123 621 1424 691 CAPUT
1471 621 1634 690 XII.

583 796 638 860 1.
701 793 795 859 Hi
846 798 994 859 sunt
1043 814 1215 879 reyes
1269 799 1469 861 terrae
1526 815 1676 878 quos
1725 800 2169 877 percusserunt
2228 792 2353 877 {ilii

410 880 637 959 Israel,
683 884 740 945 et
779 899 1043 963 quorum
1076 880 1487 962 possederunt
1518 887 1747 947 terram
1780 886 1960 949 trans
1994 880 2350 960 Iordanm,

408 966 496 1032 ad
551 970 751 1032 ortum
810 966 966 1032 solis
1015 985 1060 1031 a
1115 971 1375 1031 torrente
1426 966 1653 1032 Arnon
1707 987 1903 1049 usque
1954 967 2040 1033 ad
2092 970 2353 1031 montem

410 1050 720 1130 Hermon,
782 1056 839 1117 et
897 1071 1134 1116 omnem
1230 1052 1512 1118 knitiem
1565 1052 1939 1118 orientalem,
2026 1053 2088 1118 2.
2152 1050 2351 1117 Sehon

404 1157 524 1202 rex
566 1136 993 1203 Emorrhaeus
1034 1137 1145 1220 qui
1270 1137 1503 1203 bitabat
1538 1139 1609 1203 in
1653 1137 1932 1219 Hesbon,
1989 1139 2101 1221 qui
2159 1138 2352 1203 domi-

406 1222 682 1288 nabatur
726 1222 805 1290 ab
848 1222 1056 1288 Aroer
1098 1222 1183 1288 ad
1234 1223 1450 1304 ripam
1508 1224 1794 1289 torrentis
1836 1226 2093 1301 Arnon,
2152 1228 2210 1288 et
2266 1222 2353 1288 ad

404 1308 685 1375 medium
722 1308 1028 1385 torrenti-5,
1075 1312 1129 1373 et
1169 1306 1257 1373 ad
1285 1309 1560 1375 mediam
1589 1314 1839 1392 partem
1866 1308 2114 1385 Gilead‚
2156 1329 2353 1390 usque

406 1394 495 1461 ad
518 1394 748 1460 Iabbok
778 1398 1120 1473 torrentem,
1153 1395 1265 1477 0111·
1302 1399 1390 1460 est
1423 1396 1728 1460 termtnus
1755 1396 2035 1478 filiorum
2054 1394 2346 1460 Ammon.

407 1481 470 1547 3.
516 1479 605 1546 Et
646 1501 688 1546 a
718 1479 993 1564 planitie
1034 1499 1229 1562 usque
1271 1481 1358 1547 ad
1388 1500 1564 1546 mare
1589 1478 1875 1547 Oineroth
1907 1482 1995 1548 ad
2024 1479 2349 1561 Orientem,

406 1572 465 1633 et
504 1586 700 1649 usque
741 1566 827 1631 ad
867 1585 1041 1630 mare
1083 1566 1328 1644 deserti,
1371 1586 1549 1631 mare
1581 1566 1741 1632 salis
1774 1567 1859 1633 ad
1899 1567 2207 1635 Orientem
2228 1586 2350 1648 per

404 1652 580 1720 viam
622 1650 1212 1734 Beth-hayesimoth,
1277 1657 1333 1717 et
1373 1653 1453 1717 ab
1500 1652 1738 1720 Austro
1777 1652 1893 1718 sub
1947 1652 2352 1735 effusionibus

411 1737 632 1822 Pisya.
721 1738 782 1802 4.
849 1736 1181 1802 Terminus
1226 1743 1557 1819 praeterea
1618 1737 1710 1822 Oq
1763 1739 1931 1821 reyis
1988 1738 2217 1804 Basan
2273 1758 2350 1803 ex

404 1824 658 1889 residuo
715 1822 1030 1905 Rephaim
1095 1823 1209 1905 qui
1263 1821 1577 1889 habitabat
1643 1824 1717 1888 in
1770 1822 2071 1889 Astaroth
2086 1874 2103 1902 ,
2168 1827 2224 1889 et
2278 1824 2350 1888 in

407 1908 668 1975 Hedrei.
734 1908 794 1973 5.
848 1907 973 1989 Qui
1014 1907 1450 1974 dominabatur
1485 1911 1559 1975 in
1598 1913 1797 1973 monte
1840 1908 2134 1985 Hermon,
2180 1914 2238 1973 et
2278 1909 2350 1972 in

411 1993 703 2074 Salchah,
747 1998 805 2059 et
834 1995 903 2058 in
940 1998 1055 2059 toto
1078 1993 1322 2072 Basan,
1359 2013 1554 2075 usque
1591 1993 1675 2060 ad
1708 1995 2038 2059 terminum
2065 1993 2349 2075 Gessuri,

407 2085 468 2146 et
530 2078 888 2145 Maachati:
962 2084 1016 2143 et
1077 2079 1350 2145 mediam
1400 2084 1649 2162 partem
1720 2078 1978 2158 Gilead,
2045 2080 2350 2146 terminus

408 2164 614 2233 sehon
654 2167 820 2248 reyis
862 2163 1126 2229 Hesbon.
1193 2165 1254 2230 6.
1301 2163 1512 2231 Moses
1550 2185 1768 2230 servus
1803 2164 2087 2246 Iehovae,
2131 2169 2186 2231 et
2224 2164 2349 2248 filii

409 2251 625 2318 Israel
670 2255 1114 2333 percusseram
1168 2270 1296 2330 eos,
1357 2255 1416 2316 et
1470 2250 1640 2316 dedit
1690 2271 1827 2316 eam
1870 2250 2082 2317 Moses
2132 2272 2350 2317 servus

408 2337 672 2403 Iehovae
711 2338 778 2401 in
810 2336 1265 2419 possessionem
1306 2335 1667 2417 Rubenitis,
1723 2342 1778 2401 et
1825 2336 2114 2418 Gaditis,
2158 2343 2215 2402 et
2254 2337 2348 2402 di-

403 2423 642 2488 midiae
673 2421 869 2488 tribui
888 2420 1212 2488 Manasse.
1271 2421 1330 2485 7.
1371 2422 1494 2488 Isti
1527 2425 1734 2488 autem
1765 2427 1912 2488 sunt
1940 2442 2114 2507 reyes
2145 2428 2350 2488 terrae

401 2508 924 2661 00000
956 2506 2348 2677 mammeas.

400 2680 489 2745 aa
529 2685 790 2744 mmm
831 2644 1097 2744 Laioem
1137 2679 1249 2761 qui
1289 2679 1569 2762 assumit
1617 2679 1689 2745 in
1735 2677 1908 2759 sar,
1974 2685 2032 2746 et
2082 2644 2349 2746 'traam

400 2784 542 2832 eam
587 2764 775 2831 Iosue
827 2763 1112 2830 tribubus
1154 2763 1362 2829 Israel
1403 2764 1475 2830 in
1516 2766 1968 2848 possessionem
2009 2765 2345 2831 secundum

390 2855 611 2935 partes
651 2870 887 2916 eorum.
979 2849 1038 2916 8.
1098 2849 1183 2914 In
1224 2849 1561 2930 montanis,
1616 2856 1671 2915 et
1710 2852 1782 2916 in
1811 2851 2117 2933 planitie,
2177 2855 2235 2916 et
2275 2852 2344 2916 in

401 2935 874 3018 campestribus,
919 2939 974 3000 et
1010 2936 1079 3001 in
1103 2934 1364 3019 Asdoth,
1409 2940 1464 3000 et
1504 2936 1576 3001 in
1609 2937 1858 3017 deserto,
1905 2943 1958 3002 et
1992 2938 2062 3002 in
2082 2936 2342 3019 Austro,

401 3021 759 3102 Hitthaeus,
800 3020 1242 3102 Emorrhaeus,
1291 3019 1726 3101 chananaeus,
1770 3020 2172 3101 Pherisaeus,
2220 3021 2343 3087 Hi·

402 3127 632 3186 vaeus,
686 3112 743 3173 et
788 3106 1147 3173 Iebusaeus.
1235 3106 1296 3172 9.
1343 3105 1486 3171 Rex
1531 3105 1775 3173 Iericho
1815 3126 2015 3185 unus,
2072 3127 2186 3172 rex
2230 3108 2340 3188 Ai,

400 3194 516 3276 qui
567 3198 701 3258 erat
751 3213 784 3258 e
833 3192 1026 3259 latere
1069 3191 1313 3272 Bethel,
1354 3211 1540 3258 unus.
1632 3192 1731 3258 10.
1796 3192 1939 3258 Rea·
1994 3193 2343 3259 Ierusalem

398 3297 589 3358 unus,
631 3298 748 3344 rex
791 3277 1042 3344 Hebron
1082 3298 1268 3344 unus.
1338 3278 1438 3343 11.
1486 3277 1631 3343 Rex
1665 3275 1962 3343 Iarmuth
2003 3298 2185 3359 unus,
2228 3298 2343 3344 rex

400 3364 639 3429 Lachis
677 3384 864 3430 unus.
954 3365 1053 3430 12.
1098 3363 1240 3430 Rex
1279 3363 1484 3448 Eylon
1526 3384 1718 3443 unus,
1780 3383 1897 3429 rea:
1936 3363 2113 3429 Ieser
2153 3385 2339 3430 unus.

403 3450 508 3516 13.
556 3449 698 3514 Rex
738 3448 941 3516 Debir
979 3469 1163 3529 unus,
1207 3469 1321 3515 rex
1357 3448 1539 3515 Ieder
1577 3469 1762 3515 unus.
1854 3448 1955 3514 14.
2003 3448 2147 3515 Rex
2183 3450 2344 3516 Hor-

395 3534 550 3602 mah
604 3554 805 3613 unus,
859 3555 970 3600 rac
1025 3534 1213 3601 Arad
1268 3555 1455 3601 unus.
1547 3534 1646 3602 15.
1709 3534 1850 3601 Rea:
1892 3534 2101 3601 Libna
2155 3556 2342 3613 unus,

394 3641 513 3688 rex
541 3619 846 3686 Aduaam
887 3640 1073 3687 unus.
1142 3620 1242 3686 16.
1293 3620 1431 3686 Rex
1453 3619 1725 3686 Makeda
1765 3639 1948 3701 unus,
1991 3641 2105 3687 rex
2140 3621 2345 3688 Bet-el

394 3726 584 3773 unus.
645 3706 743 3771 17.
784 3704 927 3771 Rex
951 3705 1177 3789 Tapua
1208 3725 1393 3785 unus,
1428 3727 1543 3771 rex
1562 3705 1779 3786 Epher
1809 3725 1993 3771 unus.
2063 3706 2162 3773 18.
2205 3706 2343 3772 Rex

397 3790 622 3878 Aphek
658 3809 842 3871 unua,
885 3810 1000 3857 rex
1021 3791 1313 3857 Lasaron
1343 3812 1531 3857 unus.
1580 3792 1678 3858 19.
1718 3790 1859 3857 Rex
1880 3790 2124 3858 Medon
2156 3813 2339 3874 unus,

394 3898 513 3944 rex
553 3877 729 3942 Asor
767 3896 951 3943 unus.
1040 3876 1142 3943 20.
1204 3877 1345 3943 Rex
1392 3876 1644 3945 Simron
1688 3876 1912 3943 Meron
1969 3898 2139 3944 unus
2154 3928 2171 3958 ,
2227 3899 2342 3945 rex

395 3960 702 4046 Achsaph
741 3982 927 4029 unus.
993 3962 1095 4028 21.
1142 3962 1283 4028 Rea:
1327 3962 1622 4029 Tannach
1664 3982 1847 4043 unus,
1890 3982 2006 4029 rex
2048 3963 2341 4048 Meyiddo

394 4069 585 4115 unus.
674 4048 778 4115 22.
837 4048 982 4114 Rex
1025 4047 1274 4114 Kedesh
1330 4068 1525 4127 unus,
1582 4068 1694 4113 rex
1747 4047 2007 4114 Iocnam
2059 4052 2144 4117 ad
2190 4049 2341 4117 ceor-

390 4134 625 4200 melum
675 4153 861 4199 unus.
950 4133 1052 4200 23.
1120 4133 1262 4200 Rex
1311 4133 1458 4200 Dor
1508 4134 1595 4200 ad
1652 4133 2093 4218 Naphath-dor
2155 4156 2340 4219 unus,

431 4240 508 4286 ex
564 4219 751 4286 Goim
802 4221 875 4285 in
937 4219 1156 4304 Gilqal
1205 4239 1391 4286 unus.
1478 4220 1583 4285 24.
1647 4219 1791 4287 Rex
1849 4220 2088 4287 Thio-sa
2142 4241 2341 4289 unus.-

393 4324 608 4372 omnes
648 4325 817 4390 reyes
857 4306 1116 4391 triyinta
1155 4310 1214 4371 et
1253 4325 1433 4372 unus.

572 4476 628 4542 1.
677 4475 773 4542 Hi
813 4480 962 4542 sunt
1000 4496 1188 4561 reyes.
1254 4475 1470 4560 Caput
1504 4477 1626 4543 1100
1672 4497 1806 4543 0011
1848 4477 2047 4563 longa
2080 4479 2338 4562 exposi-

393 4563 576 4628 tione
617 4561 902 4647 indiget:
947 4562 1100 4646 quia
1142 4569 1399 4627 tantum
1446 4584 1632 4648 reges
1674 4572 2018 4630 enumerat
2061 4584 2334 4647 quorum

393 4646 750 4714 ditionibus
806 4648 997 4732 potiti
1055 4654 1213 4712 011111
1254 4647 1613 4714 Ῑο10011100.
1703 4646 1877 4714 Sunt
1933 4656 2150 4716 autem
2211 4649 2336 4715 duo

393 4742 579 4800 trans
624 4732 1007 4799 Iordanem:
1056 4731 1165 4818 Og
1206 4742 1274 4799 01
1311 4732 1540 4815 Sihon,
1585 4734 1698 4818 qui
1741 4733 1873 4799 late
1918 4733 2339 4800 dominaban-

394 4828 540 4886 tur:
607 4818 680 4883 in
735 4825 913 4884 terra
969 4840 1124 4885 vero
1188 4818 1507 4885 Ohanaan
1571 4819 1841 4904 triginta
1893 4841 2083 4886 unus.
2187 4820 2336 4886 Etsi

395 4914 616 4973 01110111
705 4904 1024 4987 prolixius
1113 4915 1381 4970 narrata
1472 4914 1627 4971 sunt
1711 4904 1973 4989 singula
2056 4925 2335 4988 0110111111

387 4991 910 5073 α’νακεφαλαίωσις
961 5012 1138 5057 01100
1199 4988 1489 5057 breviter
1541 4990 1849 5057 refertur:
1919 5011 2051 5056 non
2111 4999 2332 5056 tamen

388 5076 636 5160 absque
692 5077 938 5160 optima
992 5076 1243 5143 ratione
1298 5084 1450 5143 ante
1503 5077 1723 5143 oculos
1777 5075 1965 5141 nobis
2021 5078 2334 5142 statuitur

389 5163 583 5248 quasi
641 5162 798 5229 viva
852 5164 1105 5247 pictura
1159 5164 1409 5247 gratiae
1464 5161 1622 5240 Dei,
1681 5182 1847 5246 quae
1900 5160 2124 5228 foedus
2182 5184 2329 5230 cum

389 5248 736 5317 Abraham
771 5268 1155 5332 percussum
1189 5248 1490 5332 probavit
1508 5256 1728 5313 ratum
1750 5250 2143 5332 firmumque
2166 5269 2326 5316 esse.

389 5333 705 5402 Abrahae
728 5331 973 5398 dictum
995 5334 1236 5399 fuerat:
1277 5332 1533 5400 Semini
1563 5341 1676 5399 tuo
1699 5332 1866 5400 dabo
1888 5341 2134 5400 terram
2158 5336 2329 5403 11000

607 5433 824 5490 Caluini
849 5449 1032 5504 opera.
1115 5433 1232 5492 Vol.
1262 5434 1458 5491 XXV.

1562 380 2302 504 conusmasms
2347 434 2447 500 111
2490 432 2764 502 lesus
2808 432 3009 501 cAP.
3054 433 3213 500 ΧΠ.

4263 436 4391 502 514

2451 620 2649 773 39011.
2699 622 2801 700 12,
2851 623 2909 687 7.
2957 630 3024 687 et
3067 621 3167 701 13,
3215 621 3317 688 15.
3362 629 3429 688 et
3475 620 3575 702 15,
3624 620 3761 708 18):
3821 628 4080 707 tempus
4138 644 4390 707 quoque

2497 708 2789 773 onationi
2843 706 3210 792 praefixum
3268 707 3497 773 fuerat.
3586 707 3716 773 Hic
3774 708 3929 775 viva
3969 707 4121 774 fidei
4163 729 4204 774 a
4247 709 4389 776 Deo

2449 795 2802 876 praestitae
2846 793 3095 878 effigies
3138 814 3269 859 non
3314 814 3500 860 secus
3555 794 3867 873 occurrit,
3923 815 4121 877 quam
4167 794 4224 860 si
4268 816 4388 862 nos

2450 877 2637 945 Deus
2679 879 2749 944 111
2795 900 2933 945 1010
2994 888 3402 963 praesentem
3458 879 3825 945 adduceret.
3912 878 4388 965 octogenarius

2449 973 2593 1030 erat
2626 963 2819 1032 Iosue
2862 985 3060 1048 quum
3106 974 3345 1031 terram
3391 966 3726 1049 ingressus
3769 973 3888 1031 001.
3954 966 4038 1031 In
4082 987 4234 1032 sene
4278 966 4389 1051 qui

2450 1051 2664 1133 potuit
2707 1060 2963 1116 tantum
3010 1071 3153 1116 0000
3196 1051 3457 1134 vigoris,
3502 1064 3576 1116 ut
3620 1058 3717 1115 101
3759 1050 3946 1117 bellis
3983 1052 4287 1135 gerendis
4323 1062 4389 1119 et

2449 1135 2852 1219 perferendis
2895 1136 3164 1202 milit-iae
3205 1135 3509 1202 oneribus
3551 1135 3911 1215 sufficeret,
3954 1137 4085 1202 nisi
4126 1138 4390 1206 coelesti

2451 1221 2696 1288 virtute
2720 1221 3028 1287 suffultus
3062 1221 3424 1289 humanum
3448 1220 3712 1286 modum
3749 1222 4165 1305 superasset?
4212 1223 4387 1290 Con·

2448 1307 2675 1373 tinuus
2699 1315 2915 1372 autem
2952 1307 3261 1373 vincendi
3298 1317 3500 1388 tenor,
3534 1307 3931 1391 prosperitas
3965 1309 4033 1373 in
4070 1309 4390 1392 quoslibet

2450 1403 2745 1471 eventus,
2790 1412 2923 1459 non
2969 1392 3167 1458 dubia
3210 1413 3331 1460 nec
3373 1393 3559 1459 varia
3600 1393 3669 1457 in
3714 1393 4163 1477 expugnandis
4208 1394 4388 1461 urbi-

2448 1479 2575 1544 bus
2619 1478 2928 1557 facilitas,
2988 1478 3478 1561 expeditionum
3525 1477 3851 1560 celeritas,
3904 1489 3973 1546 01
4012 1480 4388 1546 inflexibilis

2450 1565 2845 1643 constantia,
2901 1585 3119 1630 nonne
3175 1564 3352 1635 clara
3407 1584 3640 1631 manus
3695 1565 3819 1630 Dei
3874 1565 4140 1632 fuerunt
4192 1566 4388 1632 docu-

2448 1659 2671 1716 menta
2692 1701 2707 1727 ‚
2765 1649 3035 1733 perinde
3079 1672 3155 1718 ac
3213 1650 3269 1716 si
3314 1672 3354 1714 0
3393 1650 3570 1717 00010
3625 1650 4085 1733 apparuisset?
4168 1650 4388 1737 Atque

2447 1734 2575 1802 hoc
2635 1734 2907 1803 consilio
2971 1737 3104 1802 suis
3158 1735 3476 1802 limitibus
3533 1735 3861 1804 finiuntur
3912 1738 4245 1821 regiones,
4302 1759 4388 1803 ex

2450 1842 2733 1904 quarum
2779 1820 3207 1905 amplitudine
3249 1821 3486 1887 melius
3530 1821 3852 1889 elucescat
3892 1823 4022 1889 Dei
4065 1824 4386 1907 potentia:

2450 1907 2565 1972 sed
2631 1915 2888 1973 tantum
2957 1905 3128 1991 apud
3194 1926 3304 1973 000
3357 1907 3594 1990 0111111ιο
3649 1908 3949 1991 cognitus
4006 1918 4108 1974 est
4163 1928 4387 1974 earum

2452 1993 2636 2058 situs.
2723 1993 2956 2077 Itaque
3014 1992 3144 2059 nisi
3209 1993 3353 2075 quis
3417 1993 3934 2077 chorographian
4002 2001 4253 2072 teneat,
4316 1996 4386 2059 in

2449 2076 2825 2145 nominibus
2899 2078 3155 2164 longius
3219 2077 3525 2144 insistere
3591 2090 3656 2143 et
3722 2099 3928 2145 vanae
3993 2080 4390 2146 curiositatis

2449 2173 2639 2231 esset.
2698 2164 2938 2231 Fateor
2971 2164 3232 2248 quidem
3268 2164 3521 2230 utiliter
3557 2164 3889 2229 observari
3925 2164 4080 2246 loca,
4116 2187 4392 2250 quorum

2447 2258 2527 2316 ut
2568 2271 2762 2333 saepe
2805 2252 2879 2316 fit
2922 2250 2990 2315 in
3036 2250 3377 2334 scripturis
3420 2249 3683 2329 mentio,
3726 2249 3823 2315 ita
3865 2252 4148 2335 cognitio
4193 2252 4393 2336 paulo

2448 2336 2833 2402 familiarior
2885 2336 3074 2403 nobis
3131 2356 3273 2403 0000
3332 2337 3545 2402 1101101.
3633 2335 3843 2403 Sicuti
3902 2333 4056 2400 dum
4126 2337 4392 2402 termini

2449 2428 2838 2487 statuuntur
2894 2421 2965 2486 in
3025 2429 3316 2488 torrente
3373 2420 3644 2501 Iabboc,
3701 2421 3770 2487 in
3825 2440 3984 2506 agro
4028 2422 4269 2488 Libani
4328 2438 4395 2489 01

2449 2507 2597 2573 lacu
2643 2507 3012 2588 Genesara,
3070 2508 3181 2589 qui
3236 2507 3343 2574 hic
3387 2515 3662 2573 vocatur
3702 2528 3884 2574 mare
3927 2505 4284 2588 Oineroth,
4326 2517 4394 2574 et

2450 2591 2604 2657 alibi
2647 2591 2983 2659 Oinereth.
3054 2591 3226 2658 Nam
3271 2591 3610 2659 mediocris
3651 2592 4015 2660 observatio
4060 2592 4142 2659 ad
4187 2592 4394 2659 histo-

2448 2679 2615 2743 riam
2654 2677 3151 2763 intelligendam
3190 2698 3306 2745 nos
3339 2677 3608 2744 iuvabit.
3678 2675 3749 2745 Si
3788 2692 4004 2745 autem
4041 2678 4221 2744 ultra
4255 2699 4391 2743 non

2449 2762 2675 2840 1101111,
2728 2765 3023 2830 sinamus
3076 2763 3321 2847 peritos
3376 2762 3683 2829 subtilius
3739 2784 3904 2847 quae
3946 2785 4064 2831 nos
4107 2765 4391 2849 fugiunt,

2447 2857 2778 2916 excutere.
2867 2850 3017 2916 Etsi
3063 2858 3282 2915 01110111
3327 2848 3431 2915 1110
3472 2848 3722 2934 regulis
3764 2857 4081 2934 angustae
4123 2851 4393 2916 fuerunt

2450 2934 2745 3016 ditiones,
2789 2955 2997 3019 neque
3041 2937 3262 3020 magni
3305 2935 3553 3018 populi:
3604 2935 3963 3002 videbimus
4001 2946 4222 3003 tamen
4257 2935 4391 3020 pri-

2447 3022 2673 3087 mariis
2716 3041 2942 3087 earum
2987 3020 3255 3088 urbibus
3299 3041 3555 3087 annexa
3615 3021 3812 3088 fuisse
3870 3021 4075 3087 multa
4119 3019 4387 3107 oppida:

2446 3127 2765 3174 numerus
2807 3107 3193 3190 praesertim
3239 3128 3323 3173 ex
3365 3114 3538 3173 sorte
3582 3106 3972 3175 Levitarum
4016 3107 4234 3193 colligi
4278 3128 4390 3192 po·

2447 3193 2620 3258 terit.
2706 3192 2852 3259 Iam
2912 3194 3118 3259 altera
3173 3214 3256 3259 ex
3298 3201 3484 3276 parte
3529 3192 3588 3258 si
3633 3198 4012 3276 reputemus
4065 3191 4386 3278 quomodo

2445 3278 2727 3361 angulus
2759 3299 2931 3344 unus
2965 3298 3171 3358 senes,
3205 3277 3532 3362 parvulos,
3567 3298 3642 3344 ac
3676 3277 4000 3359 mulieres,
4036 3279 4168 3346 imo
4199 3299 4389 3364 mag-

2446 3383 2601 3428 11010
2643 3371 2896 3446 partem
2949 3363 3172 3448 populi
3220 3384 3369 3429 01110
3420 3363 3811 3430 animalibus
3844 3384 4075 3448 capere
4111 3372 4175 3430 et
4211 3365 4386 3432 alere

2490 3449 2729 3514 01110111
2746 3500 2761 3528 ,
2821 3450 2889 3514 10
2933 3447 3425 3515 admirationem
3470 3469 3590 3515 nos
3634 3451 3844 3533 rapiet
3886 3449 4386 3518 inaestimabilis

2443 3471 2574 3599 Eoi
2616 3535 2868 3620 gratia,
2922 3555 3049 3618 qua
3104 3535 3347 3602 factum
3393 3546 3494 3602 001
3536 3557 3623 3602 00
3665 3534 3967 3602 horribili
4009 3536 4385 3603 confusione

2442 3620 2662 3687 omnia
2704 3621 3147 3688 miscerentur.

3140 3911 3442 3979 CAPUT
3483 3909 3683 3978 XIII.

2616 4048 2672 4114 1.
2737 4046 2942 4129 Quum
2992 4052 3200 4113 autem
3255 4048 3555 4115 senuisset
3611 4049 3829 4128 Iosue,
3897 4053 3956 4113 et
4007 4049 4268 4115 venisset
4310 4050 4383 4117 in

2439 4135 2609 4212 dies,
2652 4133 2822 4200 dixit
2861 4134 2922 4199 ei
2965 4132 3226 4199 10110υο.-
3274 4134 3375 4199 Tu
3415 4135 3709 4215 senuisti,
3750 4134 3979 4199 venisti
4019 4135 4090 4200 in
4131 4134 4280 4215 dies,
4327 4141 4384 4202 et

2438 4220 2635 4285 multa
2720 4223 2888 4284 terra
2978 4219 3313 4285 admodum
3402 4223 3681 4301 superest
3757 4220 3844 4286 ad
3915 4219 4379 4302 possidendum.

2438 4308 2499 4373 2.
2547 4305 2722 4372 Haec
2754 4308 2843 4371 est
2881 4308 3049 4370 terra
3083 4324 3243 4386 quae
3282 4305 3544 4371 residua
3576 4309 3696 4371 est.-
3737 4323 3944 4371 omnes
3976 4304 4205 4372 limites
4230 4305 4383 4372 Phi-

2438 4392 2839 4470 listinonum,
2899 4395 2956 4456 et
3011 4391 3217 4456 omnis
3263 4390 3551 4456 Gessuri.
3638 4391 3699 4458 3.
3743 4391 3810 4456 A
3858 4390 4015 4457 Nilo
4068 4392 4180 4473 qui
4220 4397 4311 4458 est
4350 4412 4383 4457 e

2437 4477 2688 4561 reqione
2728 4476 2997 4561 Aeymati
3049 4494 3246 4557 usque
3301 4477 3387 4541 ad
3427 4477 3759 4542 terminum
3801 4475 4009 4542 Ecron
4035 4474 4101 4562 ¹),
4144 4476 4255 4558 01ιί
4294 4482 4384 4544 est

2439 4564 2517 4630 ab
2537 4563 2872 4644 Aquilone,
2914 4582 3074 4644 quae
3100 4559 3468 4628 Chananeae
3508 4566 3850 4644 reputatur,
3896 4562 4167 4643 quinque
4196 4563 4382 4644 prin-

2434 4651 2685 4732 cipatus
2724 4645 3222 4728 Philistinorum,
3264 4648 3646 4729 Azathaeus,
3682 4648 4077 4725 Asdodaeus,
4123 4648 4381 4714 Ascalo-

2437 4753 2667 4813 1100110,
2729 4731 3090 4804 Giuhaeras.
3155 4737 3211 4798 et
3264 4727 3661 4814 Ekronaeus,
3728 4738 3784 4798 et
3835 4732 4060 4799 Avaei.
4148 4733 4208 4798 4.
4275 4733 4379 4799 Ab

2439 4821 2683 4885 Austro
2724 4818 3026 4884 universa
3065 4823 3241 4885 terra
3287 4817 3652 4886 Chananaei
3693 4823 3750 4883 et
3793 4817 4039 4899 Meam,
4082 4837 4243 4899 quae
4290 4823 4382 4884 est

2441 4904 2846 4972 Sidoniorum
2907 4922 3104 4987 usque
3166 4905 3253 4971 ad
3320 4904 3530 4971 Paera
3547 4955 3561 4983 ‚
3639 4923 3833 4986 usque
3900 4903 3985 4968 ad
4046 4903 4380 4969 terminum

2435 4989 2835 5059 Emorrhaei.
2923 4989 2982 5054 5.
3030 4988 3119 5053 Et
3170 4995 3339 5057 terra
3388 4991 3590 5069 Gibli,
3646 4996 3702 5057 et
3756 4993 3922 5054 totus
3965 4987 4253 5054 Libanus
4293 4990 4380 5056 ad

2434 5083 2641 5144 ortum
2693 5075 2848 5142 solis
2902 5095 2944 5140 a
2994 5073 3327 5159 Baal-yad
3379 5077 3494 5143 sub
3550 5080 3749 5143 monte
3803 5074 4116 5153 Hermon,
4188 5075 4379 5141 donec

2422 5162 2756 5248 pervenias
2800 5159 3089 5226 Hemath.
3195 5161 3256 5226 6.
3331 5161 3556 5229 Omnes
3614 5161 3988 5227 habitatores
4048 5161 4281 5226 montis
4336 5180 4378 5227 a

2607 5350 2666 5421 1)
2702 5348 2966 5419 Pn'nceps
2999 5348 3169 5404 male.-
3199 5345 3441 5405 Hebron.
