5017 6142
553 432 680 499 143

554 623 667 690 sed
735 622 890 687 hinc
954 620 1322 705 colligimus
1387 619 1742 703 quamlibet
1800 620 2128 703 exquisita
2192 618 2281 685 sit
2341 618 2496 683 dex·

554 710 782 775 teritas
828 709 899 771 in
938 706 1307 774 doctoribus
1350 715 1416 769 et
1460 704 1791 790 magistris
1810 756 1824 782 ,
1882 727 2015 770 non
2060 714 2282 771 tamen
2325 703 2501 769 fruc—

555 810 700 860 tum
751 814 1011 876 semper
1062 793 1379 876 proferre,
1433 791 1557 858 nisi
1605 792 2034 874 obsequentes
2071 800 2137 856 et
2180 809 2501 855 memores

556 879 910 962 discipulos
966 878 1141 944 nacti
1204 878 1468 942 fuerint.
1548 877 1660 941 Ex
1717 898 1845 959 quo
1911 879 2109 942 etiam
2171 876 2499 954 discimus,

555 966 671 1032 ubi
749 963 931 1031 Deus
1004 964 1260 1047 saepius
1324 963 1497 1027 idem
1568 963 1886 1041 inculcat,
1964 984 2099 1029 non
2171 962 2503 1045 suscipere

556 1071 1040 1134 supervacuum
1095 1049 1417 1115 laborem:
1474 1048 1628 1132 quia
1685 1048 1858 1133 quod
1909 1048 2214 1114 videmur
2257 1058 2501 1126 tenere,

556 1159 688 1203 non
744 1150 1075 1214 tenemus,
1123 1135 1225 1201 vel
1279 1134 1450 1218 quod
1508 1136 1693 1201 nobis
1749 1134 1922 1199 clare
1982 1142 2318 1200 ostensum
2383 1141 2501 1210 est,

558 1224 751 1308 paulo
792 1231 940 1306 post
983 1220 1240 1286 excidit.
1330 1222 1536 1286 Porro
1580 1243 1664 1286 ex
1708 1218 2044 1285 iracundia
2087 1219 2293 1284 Mosis
2337 1240 2503 1300 quae

556 1311 628 1374 in
672 1309 862 1374 laude
906 1306 1196 1388 ducitur,
1255 1307 1561 1391 colligere
1618 1317 1991 1390 promptum
2044 1316 2143 1371 est
2181 1326 2311 1369 non
2356 1305 2503 1369 leve

556 1396 757 1461 fuisse
794 1392 1134 1459 delictum:
1180 1393 1348 1475 quod
1393 1403 1613 1458 tamen
1660 1412 1793 1457 non
1833 1392 1927 1457 ita
1970 1412 2197 1463 severe
2233 1391 2505 1473 punitur

558 1489 632 1547 ut
713 1481 1042 1544 temeritas
1121 1479 1351 1544 Nadab
1429 1488 1496 1543 et
1575 1477 1816 1543 Abihu.
1907 1476 2101 1558 Quod
2190 1487 2505 1541 excusant

557 1565 842 1650 quidam,
881 1565 986 1630 vel
1028 1575 1389 1630 extenuant
1420 1585 1646 1629 eorum
1682 1562 1976 1645 culpam:
2023 1564 2176 1645 quia
2211 1562 2505 1645 putarint

557 1672 628 1718 se
668 1652 811 1717 iure
855 1651 1037 1732 prius
1079 1671 1381 1716 concesso
1427 1651 1716 1734 privatos
1750 1669 1909 1727 esse,
1946 1658 2141 1732 atque
2182 1648 2277 1712 ita
2319 1668 2503 1713 vere·

458 1750 465 1757 '
557 1737 769 1804 eunde
833 1758 903 1802 se
983 1736 1455 1816 abstinuerint,
1538 1733 1861 1800 refellitur
1939 1736 2148 1817 ipsius
2230 1733 2503 1798 Aharon

554 1843 886 1907 responso.
957 1821 1153 1887 Solus
1197 1842 1354 1904 ergo
1400 1821 1582 1886 dolor
1624 1821 1695 1884 in
1740 1841 2024 1885 errorem
2071 1841 2181 1885 eos
2223 1819 2501 1902 impulit.

556 1909 693 1976 Cur
738 1917 963 1974 autem
1019 1907 1402 1972 clementior
1460 1927 1616 1990 erga
1660 1927 1770 1971 eos
1812 1907 2010 1970 fuerit
2066 1905 2251 1971 Deus
2309 1927 2505 1987 quam

555 2017 715 2080 erga
746 1996 1000 2071 fratres,
1048 2014 1246 2076 penes
1283 1992 1499 2077 ipsum
1537 2002 1796 2057 maneat
1832 1994 2017 2057 ratio.
2073 1991 2504 2057 Coniecturae

555 2079 816 2165 quidem
866 2080 1085 2145 afferri
1147 2088 1451 2161 possunt:
1505 2077 1618 2143 sed
1669 2098 1745 2142 eo
1790 2076 2054 2142 tandem
2113 2079 2343 2142 venire
2389 2098 2505 2141 ne-

555 2188 736 2234 cesse
789 2177 922 2243 est,
983 2165 1277 2248 quamvis
1335 2164 1592 2230 occulta
1646 2164 1781 2228 sint
1840 2161 1967 2227 Dei
2034 2161 2304 2241 iudicia,
2364 2183 2497 2227 non

555 2252 703 2318 ideo
763 2253 982 2333 iniqua
1046 2270 1220 2316 esse:
1296 2249 1410 2314 sed
1477 2270 1701 2315 eorum
1780 2247 2230 2326 altitudinem,
2308 2269 2502 2331 quam

556 2339 883 2404 humanae
969 2345 1221 2400 mentes
1309 2357 1442 2401 non
1520 2344 1898 2420 penetrant,
1989 2332 2274 2400 modeste
2360 2354 2502 2399 esse

557 2422 975 2490 adorandam.

734 2510 831 2575 19.
897 2507 1221 2589 Loquutus
1279 2511 1370 2572 est
1422 2506 1704 2572 Aharon.
1793 2506 1914 2571 Pio
1973 2506 2207 2570 timore
2257 2506 2500 2570 factum

559 2617 699 2662 esse
769 2593 1044 2660 Aharon
1120 2592 1469 2676 respondet
1545 2592 1889 2674 quominus
1966 2591 2214 2674 epulati
2280 2611 2499 2656 coram

556 2680 700 2745 Deo
737 2680 1014 2745 fuerint:
1062 2678 1213 2760 quia
1252 2678 1554 2762 lacrymis
1588 2686 1653 2742 et
1690 2676 2014 2761 squallore
2051 2675 2494 2742 sanctuarium

557 2763 1031 2851 quodammodo
1072 2763 1473 2827 foedassent:
1520 2784 1595 2829 ac
1630 2766 1685 2828 si
1723 2763 1995 2829 diceret:
2041 2763 2206 2827 Pars
2240 2761 2501 2846 quidem

556 2851 807 2918 hostiae
850 2870 971 2933 pro
1017 2859 1277 2932 peccato
1323 2848 1507 2914 nobis
1541 2849 1608 2913 in
1647 2850 1861 2915 cibum
1897 2848 2181 2925 cedebat,
2226 2847 2339 2914 sed
2375 2849 2501 2913 rite

557 2938 732 3004 vesci
791 2959 922 3001 non
981 2934 1198 3018 licuit,
1269 2936 1393 2999 nisi
1453 2933 1751 2999 hilariter
1809 2942 1876 3000 et
1940 2955 2086 2999 oum
2136 2935 2499 3019 gratiarum

554 3024 829 3090 actione.
919 3020 999 3086 Id
1052 3042 1180 3085 non
1226 3030 1326 3086 est
1370 3039 1600 3103 passus
1642 3040 1898 3086 moeror
1942 3041 2025 3085 ex
2069 3021 2284 3086 subita
2326 3019 2500 3085 orbi-

556 3118 692 3175 tate
735 3115 1102 3191 conceptus.
1193 3107 1394 3189 Atqui
1440 3106 1601 3171 haec
1644 3127 1776 3172 non
1818 3106 1993 3171 iusta
2035 3106 2160 3170 fuit
2199 3104 2502 3185 defensio,

596 3196 709 3261 uia
762 3195 980 3277 potius
1034 3192 1418 3259 certandum
1475 3202 1618 3257 erat
1676 3211 1825 3257 cum
1883 3193 2095 3258 carnis
2140 3213 2368 3270 sensu,
2416 3211 2501 3255 ne

553 3218 907 3346 domestica
964 3299 1116 3343 eum
1175 3277 1512 3343 calamitas
1555 3299 1594 3343 a
1650 3277 1907 3360 publico
1966 3278 2094 3342 Dei
2153 3278 2335 3344 cultu
2396 3299 2499 3342 ar—

554 3374 748 3433 ceret.
837 3365 1089 3429 Verum
1145 3364 1298 3445 quia
1351 3364 1418 3428 in
1469 3384 1541 3428 re
1584 3363 1896 3446 perplexa
1954 3362 2190 3447 dignus
2246 3363 2501 3430 miseri-

555 3450 777 3518 cordia
830 3450 959 3515 fuit
1013 3451 1152 3514 eius
1208 3460 1455 3529 metus,
1514 3449 1796 3533 ignoscit
1839 3450 2090 3529 Moses,
2139 3471 2214 3515 ac
2264 3449 2506 3515 dieitur

558 3538 760 3603 fuisse
824 3536 1150 3620 placatus,
1226 3536 1380 3617 quia
1455 3535 1676 3599 minus
1756 3555 1950 3618 quam
2014 3537 2282 3618 putabat
2346 3535 2504 3602 mali

560 3621 1004 3706 deprehendit.

1189 4012 1253 4078 N
1256 4013 1540 4080 UMER.
1587 4014 1784 4081 CAP.
1828 4014 1883 4079 Ι.

736 4219 791 4282 1.
846 4217 1172 4301 Loquutus
1215 4224 1306 4283 est
1360 4224 1561 4286 autem
1606 4220 1836 4286 Iehova
1888 4220 1975 4287 ad
2020 4220 2239 4286 Mosen
2294 4222 2361 4285 in
2405 4220 2505 4286 de-

558 4309 718 4371 serto
760 4302 964 4382 Sinai,
1003 4306 1071 4369 in
1106 4304 1499 4370 tabernaculo
1534 4308 1958 4385 conventionis,
2005 4310 2074 4372 in
2103 4308 2310 4389 primo
2343 4327 2509 4372 men-

555 4391 651 4457 sis
696 4392 970 4469 secundi,
1012 4412 1177 4456 anno
1220 4392 1481 4456 seeundo
1526 4413 1602 4456 ex
1644 4413 1761 4475 quo
1803 4394 2033 4477 eyn-essi
2075 4398 2221 4459 sunt
2263 4414 2295 4459 e
2335 4397 2506 4458 terra

557 4475 829 4561 Aeyypti
844 4524 858 4552 ,
921 4476 1213 4543 dicendo:
1275 4476 1335 4541 2.
1401 4476 1618 4559 Capite
1681 4499 1990 4545 summam
2051 4481 2242 4545 totius
2302 4483 2508 4544 eoetus

552 4563 837 4645 filiorum
869 4562 1079 4627 Israel
1105 4582 1224 4642 per
1254 4562 1548 4645 familias
1581 4583 1810 4644 eorum,
1844 4586 1966 4647 per
1998 4566 2210 4631 domos
2245 4570 2507 4645 patrum

556 4669 798 4728 eom,
853 4649 1034 4713 iuxta
1084 4668 1411 4715 numerum
1463 4650 1816 4727 nominum,
1865 4671 2105 4717 omnem
2158 4651 2505 4717 masculum

547 4757 669 4820 per
732 4735 946 4816 capita
1005 4755 1232 4800 eorum.
1342 4734 1402 4799 3.
1470 4735 1535 4798 A
1597 4734 1731 4814 filio
1793 4736 2016 4820 viyinti
2078 4757 2387 4802 annorum
2451 4741 2509 4800 et

557 4842 785 4903 supra,
840 4841 1079 4887 omnem
1120 4820 1522 4903 egrediemini
1572 4820 1658 4885 ad
1699 4820 1927 4887 bellum
1984 4822 2055 4887 in
2105 4822 2343 4887 Israele
2382 4843 2505 4888 nu·-

557 4907 880 4973 merabitis
955 4926 1056 4971 eos
1121 4925 1244 4986 per
1316 4906 1621 4971 exereitus
1703 4927 1851 4971 suos
1940 4913 2010 4972 tu
2087 4913 2143 4973 et
2222 4907 2503 4974 Abaton.

558 4993 619 5059 4.
662 4992 917 5074 Sintque
950 4992 1259 5058 vobiscum
1300 4992 1428 5056 viri
1470 4993 1546 5058 de
1587 4992 1860 5076 sinqulis
1901 4994 2196 5072 tribubus,
2242 5014 2507 5076 quorum

558 5078 815 5161 quilibet
868 5083 1056 5159 eaput
1111 5079 1331 5143 domus
1384 5078 1469 5142 sit
1509 5083 1773 5158 patrum
1830 5099 2107 5145 suorum.
2210 5078 2268 5144 5.
2332 5079 2508 5146 Haec

558 5169 699 5228 sunt
740 5169 947 5230 autem
991 5166 1246 5229 nomina
1280 5165 1563 5228 virorum
1606 5165 1717 5246 qui
1759 5165 2010 5230 stabunt
2048 5164 2392 5231 vobiscum.-
2432 5166 2507 5231 de

563 5249 779 5315 Ruben
798 5300 812 5325 ,
866 5248 1108 5328 Elisur,
1160 5248 1337 5330 filius
1385 5248 1638 5315 Sedeur.
1728 5250 1787 5315 6.
1849 5249 1948 5315 De
1996 5249 2244 5316 Simeon
2264 5301 2277 5326 ,
2328 5249 2505 5315 Selu-

558 5334 706 5401 miel
762 5335 939 5415 filius
1007 5335 1410 5402 Surisaddai.
1523 5336 1580 5400 7.
1649 5334 1749 5400 De
1819 5334 2100 5402 1εήαάαῆ
2115 5387 2130 5416 ,
2201 5335 2506 5411 Nahason

1970 430 2378 497 REDI'rUS
2418 429 2548 496 AD
2591 428 3136 496 HISTORIAM.

4429 429 4556 497 144

2599 617 2782 700 filius
2838 618 3280 686 Amminadab.
3370 619 3430 684 8.
3491 621 3591 687 De
3635 620 3966 695 Ιεεαοῖιακν,
4023 619 4325 686 Nethanel
4372 620 4556 702 filius

2608 701 2800 770 Suar.
2892 705 2951 770 9.
3010 706 3115 772 De
3159 705 3453 786 Zabulon,
3511 706 3707 773 E'liab
3758 707 3935 788 filius
3978 706 4196 771 Helen.
4288 706 4388 771 10.
4447 706 4552 773 De

2600 789 2762 871 liliis
2826 789 3051 871 Ioseph
3065 841 3079 868 ,
3152 793 3227 858 de
3283 792 3628 874 Ephraim,
3697 791 3999 859 Elisama
4060 792 4242 872 filius
4298 792 4552 857 Ammi-

2604 875 2762 942 hud:
2803 876 2878 941 de
2922 876 3272 959 Manasses,
3323 879 3597 945 Gamlz'el
3634 879 3815 960 filius
3862 878 4209 945 Pedahsur.
4301 878 4401 943 11.
4447 877 4553 944 De

2605 961 2981 1060 Beniamin.-
3017 962 3278 1029 Abidan
3307 963 3487 1044 silius
3525 964 3782 1032 Gidoni.
3859 964 3959 1029 12.
3996 963 4100 1031 De
4135 962 4325 1029 Dan.-
4358 963 4550 1029 Abie-

2604 1046 2934 1199 ass
2947 1049 4552 1218 mffimmfflffl...

2610 1218 2949 1299 Nephthali
2967 1271 2981 1297 ,
3047 1220 3261 1286 Ahira
3317 1220 3496 1302 filius
3559 1222 3769 1288 Enan.
3861 1222 3961 1287 16.
4021 1221 4115 1285 Hi
4178 1227 4322 1286 sunt
4385 1220 4551 1286 nobi·

2605 1304 2838 1370 lissimi
2879 1326 3225 1389 synayoyae
3269 1307 3593 1390 prinsipes
3647 1308 3925 1373 tribuum
3961 1312 4226 1388 patrum
4265 1326 4552 1372 suorum.-

2604 1391 2813 1471 eapita
2887 1391 3159 1456 millium
3225 1392 3494 1458 Israelis
3560 1399 3756 1458 erant.
3871 1394 3969 1458 17.
4039 1390 4293 1474 Accepit
4356 1393 4552 1477 igitur

2607 1475 2818 1541 Moses
2880 1481 2934 1541 et
2987 1477 3253 1543 Aharon
3314 1480 3486 1544 viros
3540 1480 3693 1545 istos
3744 1480 3856 1561 qui
3917 1479 4183 1561 expositi
4238 1483 4385 1544 sunt
4430 1498 4552 1561 per

2606 1563 2875 1627 nomina.
2984 1564 3078 1629 18.
3138 1562 3229 1628 Et
3290 1565 3652 1630 universam
3712 1584 4094 1649 synayoyam
4156 1583 4550 1649 eonyreqave·

2604 1653 2754 1712 runt
2785 1648 2998 1729 primo
3040 1650 3275 1715 mensis
3313 1651 3570 1715 secundi
3584 1695 3601 1724 ,
3655 1655 3711 1715 et
3750 1651 4086 1716 seeundum
4124 1651 4552 1734 qenealoyiam

2605 1735 2890 1799 recensiti
2940 1740 3087 1799 sunt
3125 1756 3247 1816 per
3295 1735 3591 1818 familias
3643 1755 3831 1801 suas.-
3875 1757 3996 1817 per
4051 1735 4261 1801 domos
4291 1741 4554 1817 patrum

2605 1840 2863 1885 suorum
2878 1872 2893 1897 ,
2963 1823 3146 1885 iuxta
3209 1841 3536 1887 numerum
3601 1823 3923 1887 nominum
3981 1842 4102 1903 per
4154 1822 4364 1904 capita
4412 1842 4550 1901 sua,

2606 1907 2808 1970 omnis
2842 1906 3158 1972 masculus
3188 1928 3230 1971 a
3259 1906 3394 1987 tilio
3423 1907 3649 1989 viqinti
3680 1927 3989 1973 annorum
4022 1912 4079 1972 et
4096 1927 4317 1989 supra,
4349 1907 4553 1972 omnis

2605 1992 2921 2072 eyreoliens
2952 1993 3039 2058 acl
3059 2013 3363 2075 pugnam.
3443 1993 3542 2057 19.
3588 1993 4117 2074 Quemadmodum
4150 1997 4554 2076 praeceperat

2607 2076 2841 2142 Iehova
2901 2078 3029 2159 ipsi
3085 2078 3256 2143 Mosi
3268 2127 3284 2158 ,
3349 2081 3699 2144 numeravit
3759 2099 3859 2144 eos
3908 2080 3980 2143 in
4046 2079 4282 2145 deserto
4342 2079 4549 2143 Sinai.

2605 2163 2709 2228 20.
2758 2162 3043 2228 Fuerunt
3085 2165 3294 2245 itaque
3331 2164 3460 2245 tilii
3496 2164 3717 2230 Ruben
3740 2165 4147 2248 primoyeniti
4192 2164 4399 2230 Israel
4427 2184 4551 2245 per

2600 2250 3023 2333 yenerationes
3084 2269 3271 2326 suas,
3326 2270 3449 2332 per
3519 2250 3809 2333 familias
3880 2270 4066 2328 suas,
4133 2271 4257 2332 per
4333 2250 4551 2316 domos

2597 2340 2857 2417 patrum
2903 2355 3157 2399 suorum
3175 2385 3189 2411 ,
3233 2336 3417 2400 iuxta
3459 2355 3788 2401 numerum
3828 2337 4148 2401 nominum
4180 2356 4301 2417 per
4340 2335 4552 2415 eapita

2603 2442 2740 2498 sua,
2759 2421 2977 2518 ‘omnis
3017 2421 3336 2519 masculus
3377 2443 3419 2486 a
3455 2421 3588 2502 filio
3622 2422 3847 2505 viqinti
3880 2442 4189 2520 annorum
4229 2427 4284 2486 et
4323 2440 4545 2501 supra,

2603 2526 2805 2657 2223?
2819 2506 3821 2676 ziffiffiffl'wfffflt
3856 2506 4552 2675 {wttqffg‘m-{ff

2602 2680 2786 2762 yenti.
2862 2677 2965 2741 22.
3012 2676 3115 2744 De
3143 2678 3303 2759 filiis
3342 2677 3590 2745 Simeon
3608 2700 3730 2760 per
3758 2679 4182 2762 yenerationes
4223 2698 4395 2758 suas,
4432 2698 4552 2761 per

2605 2764 2895 2848 familias
2944 2784 3125 2840 suas,
3166 2784 3287 2845 per
3328 2764 3539 2830 domos
3578 2771 3843 2846 patrum
3894 2784 4181 2841 suorum,
4240 2765 4551 2830 numerati

2608 2851 2764 2929 eius,
2809 2850 2991 2914 iuxta
3032 2869 3358 2915 numerum
3401 2851 3737 2931 nominum,
3774 2870 3895 2933 per
3928 2851 4138 2932 capita
4171 2870 4308 2932 sua,
4350 2850 4551 2916 omnis

2608 2934 2925 3001 masc-ulus
2988 2957 3029 3000 a
3086 2934 3222 3015 filio
3275 2936 3498 3018 viqinti
3561 2957 3868 3002 annorum
3932 2941 3988 3000 et
4050 2956 4251 3017 supra
4267 2984 4282 3015 ‚
4349 2937 4552 3001 omnis

2608 3021 2922 3105 egrediens
2977 3021 3063 3086 ad
3104 3040 3422 3105 puqnam:
3475 3021 3577 3086 23.
3640 3022 3977 3087 Numerati
4032 3022 4293 3104 inquam
4340 3041 4551 3087 eorum

2605 3109 2681 3173 de
2719 3106 2888 3171 tribu
2935 3105 3214 3187 Simeon,
3267 3126 3482 3173 novem
3529 3113 3586 3172 et
3627 3108 4077 3191 quinquaqinta
4119 3107 4328 3173 millia
4369 3111 4552 3189 atque

2604 3193 2868 3258 trecenti.
2931 3192 3034 3257 24.
3082 3192 3182 3258 De
3218 3193 3377 3274 filiis
3424 3192 3569 3258 Gad
3597 3212 3721 3276 per
3759 3194 4181 3276 qenerationes
4222 3213 4396 3271 suas,
4430 3212 4554 3276 per

2603 3278 2895 3363 familias
2929 3298 3101 3357 suas,
3128 3299 3250 3360 per
3282 3280 3490 3344 domos
3514 3284 3778 3360 patrum
3810 3299 4084 3359 suorum,
4119 3279 4305 3344 iuxta
4337 3298 4551 3344 nume·

2606 3385 2750 3430 rum
2782 3365 3121 3443 nominum,
3167 3385 3209 3429 a
3239 3363 3373 3445 lilio
3414 3365 3639 3446 viqinti
3676 3384 3982 3429 annorum
4016 3370 4072 3430 et
4104 3385 4320 3447 supra,
4350 3365 4554 3429 omnis

2608 3450 3962 3618 &wammaiwm
4004 3470 4229 3619 ⁶235.
4260 3449 4552 3602 {⁶th

2608 3628 2663 3689 et
2715 3586 3188 3705 quinquaqinta.
3276 3622 3380 3686 26.
3443 3558 3567 3686 Βὲ
3598 3620 3756 3702 filiis
3799 3587 4085 3688 Iehuc'lah
4128 3642 4253 3703 per
4299 3642 4553 3705 qenera-

2606 3709 2804 3774 tiones
2858 3728 3042 3788 suas,
3091 3728 3214 3789 per
3264 3707 3559 3789 familias
3616 3727 3801 3786 suas,
3857 3728 3980 3789 per
4031 3707 4247 3773 domos
4291 3712 4552 3789 patrum

2609 3814 2883 3874 suorum,
2926 3794 3112 3858 iuxta
3151 3812 3475 3859 numerum
3515 3793 3835 3858 nominum
3851 3844 3865 3871 ,
3919 3815 3962 3858 a
4001 3792 4135 3874 filio
4176 3794 4402 3876 viqinti
4441 3813 4553 3857 an·

2608 3900 2832 3946 norum
2865 3883 2919 3943 et
2951 3899 3169 3960 supra,
3212 3881 3416 3945 omnis
3445 3879 3764 3961 eyrediens
3797 3879 3884 3944 ad
3906 3899 4209 3963 puynam.
4269 3879 4371 3943 27.
4411 3879 4553 3944 Nu-

2608 3966 2833 4031 merati
2874 3984 3085 4030 eorum
3124 3965 3202 4030 de
3233 3964 3400 4029 tribu
3437 3963 3739 4044 Ieliudah,
3782 3970 4049 4048 quatuor
4081 3970 4137 4030 et
4154 3966 4554 4048 septuaqinta

2609 4051 2815 4117 millia
2860 4055 3038 4132 atque
3075 4052 3360 4117 sexcenti.
3448 4050 3551 4116 28.
3612 4050 3716 4116 De
3753 4050 3915 4132 siliis
3958 4050 4261 4116 Issaehar
4295 4069 4417 4133 per
4453 4071 4555 4134 ye-

2608 4137 2956 4203 nerationes
2997 4156 3171 4216 suas,
3201 4157 3323 4218 per
3351 4136 3644 4219 familias
3667 4157 3838 4216 suas,
3865 4157 3988 4217 per
4020 4137 4270 4201 domum
4292 4140 4554 4217 patrum

2608 4242 2885 4301 suorum,
2930 4223 3112 4288 iuxta
3154 4243 3485 4287 numerum
3527 4223 3867 4300 nominum,
3913 4244 3956 4287 a
3994 4221 4132 4302 filio
4174 4222 4399 4305 viyinti
4441 4242 4553 4286 an-

2609 4327 2833 4373 norum
2876 4313 2931 4373 et
2963 4327 3182 4390 supra,
3217 4309 3420 4374 omnis
3454 4308 3766 4391 eyrediens
3797 4309 3884 4373 ad
3905 4328 4209 4391 puqnam.
4269 4307 4372 4373 29.
4414 4308 4553 4373 Nu-

2608 4395 2834 4460 merati
2876 4413 3088 4459 eorum
3128 4394 3206 4459 de
3246 4393 3414 4458 tribu
3459 4392 3762 4459 Issaehar
3777 4444 3792 4471 ,
3844 4399 4111 4477 quatuor
4150 4398 4206 4459 et
4245 4394 4552 4476 quinqua-

2604 4480 2790 4630 ai'z‘o‘ss
2837 4479 3833 4649 fflssmsssst‘lffmwfflffi
3871 4479 4172 4647 33..ss
4203 4480 4381 4630 ἐῗὲῗ
4428 4478 4555 4647 ἔξ

2608 4651 2819 4716 domos
2860 4655 3124 4732 patrum
3175 4671 3432 4716 suorum
3446 4702 3462 4731 ,
3518 4653 3702 4717 iuxta
3753 4670 4082 4716 numerum
4135 4652 4456 4716 nominum
4509 4671 4552 4714 a

2603 4737 2739 4819 filio
2805 4737 3030 4818 viyinti
3094 4757 3399 4802 annorum
3453 4741 3509 4802 et
3564 4757 3763 4818 supra
3777 4788 3791 4814 ,
3846 4738 4049 4802 omnis
4103 4738 4421 4820 eqrediens
4465 4736 4553 4802 ad

2599 4842 2901 4906 puynam.
2992 4822 3130 4922 31..
3166 4822 3501 4923 Numerati
3578 4842 3790 4922 eorum
3861 4823 3936 4888 de
4012 4822 4182 4888 tribu
4263 4822 4552 4898 Zebulon,

2607 4912 3502 5093 {ft‘e'txiutmffiztrte
3540 4908 4061 5075 ffimssp‘ffl„
4078 4908 4553 5078 ‚qffl'ZZZZZL

2607 5085 2801 5145 tiones
2854 5100 3043 5159 suas,
3099 5100 3221 5160 per
3271 5080 3566 5163 familias
3620 5099 3802 5156 suas,
3857 5100 3978 5165 per
4033 5080 4553 5161 domospatrum

2606 5184 2898 5242 suorum,
2977 5166 3157 5231 iuxta
3210 5186 3533 5233 numerum
3594 5166 3945 5245 nominum,
4026 5188 4066 5231 a
4128 5164 4266 5246 filio
4328 5165 4554 5249 viyinti

2608 5270 2919 5317 annorum
2994 5258 3050 5317 et
3124 5272 3356 5333 supra,
3434 5252 3634 5318 omnis
3709 5252 4026 5335 eqrediens
4096 5252 4184 5316 ad
4249 5270 4550 5335 puqnam.

2614 5336 2714 5403 33.
2785 5337 3121 5404 Numerati
3153 5358 3362 5405 eorum
3406 5339 3482 5405 de
3522 5336 3692 5403 tribu
3735 5336 4051 5421 Ephraim
4064 5387 4079 5416 ,
4132 5338 4558 5422 quadrayinta
