5017 6142
398 463 527 531 337

572 650 678 719 54.
727 648 1136 719 Possidebitis
1176 654 1383 717 autem
1412 672 1533 734 per
1573 654 1811 718 sortem.
1901 646 2143 714 Modus
2231 667 2347 714 uo·

399 758 526 822 que
592 735 940 804 divisionis
1013 736 1436 820 exprimitur,
1514 745 1591 803 ut
1669 736 1941 820 quisque
2018 734 2195 817 possi
2241 742 2350 800 eat

401 822 575 909 quod
620 829 799 890 sorte
842 821 1180 909 obtigerit:
1236 822 1362 889 fuit
1404 834 1623 889 autem
1665 820 1828 887 haec
1871 822 2119 905 optima
2159 819 2348 900 ratio,

400 909 556 993 quia
590 929 931 992 nunquam
965 927 1195 994 passae
1228 909 1503 975 fuissent
1540 907 1837 993 singulae
1874 904 2100 985 tribus,
2145 906 2353 972 homi-

400 1016 565 1061 num
608 995 878 1061 arbitrio
918 994 990 1060 in
1033 993 1207 1062 hanc
1248 994 1356 1061 vel
1399 994 1466 1060 in
1511 993 1694 1060 illam
1737 1000 1991 1077 partem
2035 993 2132 1059 sic
2175 991 2348 1058 able-

402 1082 566 1166 gari.
668 1080 814 1146 Imo
871 1080 931 1146 si
983 1080 1299 1148 iudicium
1356 1079 1690 1165 suffragiis
1744 1078 2065 1163 permissa
2118 1076 2353 1144 fuisset

330 1206 335 1211 ·
402 1167 710 1251 cognitio,
743 1167 917 1232 inter
937 1187 1007 1233 se
1042 1166 1289 1251 iurgati
1324 1176 1543 1234 essent
1576 1167 1792 1250 potius
1830 1185 2024 1248 quam
2062 1163 2350 1231 definiis-

402 1263 553 1320 sent
607 1252 763 1337 quid
823 1263 1076 1319 rectum
1131 1260 1318 1319 esset.
1424 1250 1560 1319 Sed
1614 1251 1722 1318 hic
1778 1250 1976 1316 altius
2038 1248 2349 1334 quiddam

401 1338 816 1405 considerare
859 1346 1151 1423 oportet:
1210 1359 1443 1422 nempe
1502 1336 1628 1404 hoc
1671 1335 1863 1403 modo
1906 1334 2126 1402 Deum
2171 1344 2348 1402 certo

399 1425 855 1509 comprobasse
870 1476 888 1504 ,
942 1445 1063 1490 sua
1119 1423 1511 1491 liberalitate
1566 1431 1633 1489 et
1675 1421 1993 1507 singulari
2033 1421 2349 1489 beneficio

397 1510 571 1577 filios
613 1510 823 1577 Israel
868 1517 1081 1576 terrae
1122 1510 1301 1577 illius
1358 1508 1673 1577 haeredes
1728 1530 1871 1576 esse
1916 1529 1991 1575 ac
2036 1507 2346 1574 dominos.

398 1595 500 1664 Ac
542 1594 864 1681 principio
909 1595 1265 1662 tenendum
1308 1604 1438 1677 est,
1494 1595 1794 1679 quamvis
1851 1591 2139 1661 sortibus
2182 1592 2351 1659 nihil

399 1683 614 1768 magis
649 1682 994 1750 fortuitum
1037 1682 1422 1749 existiment
1464 1681 1795 1760 homines,
1842 1700 1952 1747 eas
1997 1688 2217 1746 tamen
2256 1679 2352 1745 di-

398 1769 648 1835 vinitus
696 1768 1081 1853 gubernari,
1121 1775 1198 1835 ut
1239 1767 1396 1834 dicit
1441 1766 1752 1835 Solomon
1788 1765 2014 1854 (Prov.
2063 1766 2177 1846 16,
2219 1764 2351 1852 33).

398 1853 639 1921 Sortiri
682 1875 838 1941 ergo
887 1854 1078 1921 iussit
1122 1854 1305 1921 Deus
1338 1854 1674 1938 populum,
1716 1853 1840 1920 sibi
1874 1852 1945 1918 in
1986 1852 2130 1935 ipso
2172 1853 2355 1919 exitu

395 1939 715 2007 iudicium
774 1938 1146 2007 vendicans.
1234 1940 1380 2006 Iam
1435 1941 1547 2024 qui
1591 1939 1835 2006 factum
1878 1946 1980 2003 est
2022 1951 2100 2004 ut
2141 1939 2354 2005 tribus

394 2024 692 2093 Zabulon
746 2034 1000 2111 partem
1059 2047 1248 2093 suam
1292 2026 1530 2109 adepta
1585 2025 1673 2092 sit
1727 2026 1797 2091 in
1856 2025 2077 2090 littore
2129 2024 2352 2103 maris,

399 2112 529 2179 nisi
574 2112 729 2197 quia
772 2113 865 2179 sic
907 2111 1313 2196 praedictum
1357 2111 1570 2178 fuerat
1613 2133 1653 2177 a
1696 2109 2068 2195 patriarcha
2109 2109 2351 2177 Iacob?

402 2198 544 2265 Our
588 2197 789 2265 tribui
832 2201 1002 2264 Aser
1045 2197 1279 2284 obtigit
1321 2198 1505 2264 ferax
1542 2197 1773 2283 optimi
1805 2196 2119 2262 frumenti
2155 2196 2355 2281 regio,

402 2285 533 2350 nisi
579 2285 730 2368 quia
773 2283 997 2351 eodem
1043 2306 1155 2351 ore
1211 2285 1717 2367 pronunciatum
1773 2283 1986 2348 fuerat
2038 2281 2354 2367 pinguem

401 2370 543 2438 fore
577 2391 815 2454 panem
839 2371 1027 2450 Aser,
1065 2371 1177 2453 qui
1211 2368 1482 2436 daturus
1517 2380 1690 2436 esset
1734 2367 1996 2435 delitias
2039 2367 2352 2454 regibus?

401 2456 656 2523 Eodem
699 2455 1011 2524 vaticinio
1071 2464 1257 2522 nacta
1314 2462 1415 2521 est
1456 2457 1667 2522 tribus
1710 2453 2011 2521 Iehudah
2055 2453 2355 2520 haeredi-

402 2551 610 2609 tatem
659 2542 1004 2623 vitiferam‚
1049 2550 1117 2608 et
1160 2542 1424 2626 optimis
1467 2541 1727 2626 pascuis
1769 2542 2056 2607 uberem.
2122 2539 2354 2624 Itaque

406 2640 622 2695 terrae
681 2629 936 2695 sortitio
994 2627 1168 2695 clare
1210 2628 1601 2694 monstravit
1654 2647 1790 2693 non
1844 2626 2091 2693 frustra
2132 2624 2355 2692 Deum

402 2715 558 2781 olim
606 2714 971 2798 pollicitum
1027 2715 1229 2781 fuisse
1272 2713 1582 2781 Abrahae
1634 2720 1882 2779 terram
1921 2712 2138 2778 illam:
2201 2713 2354 2796 quia

404 2800 772 2868 donationis
813 2802 1234 2884 praeconium
1269 2822 1353 2866 ex
1387 2820 1499 2866 ore
1521 2798 1717 2867 Iacob
1750 2799 1985 2866 efficax
2025 2805 2094 2863 et
2133 2808 2354 2864 ratum

403 2887 547 2954 fuit.
615 2886 779 2953 Pius
814 2907 1020 2953 senex
1052 2886 1224 2952 fame
1255 2885 1436 2953 illinc
1472 2885 1784 2969 expulsus
1826 2886 2060 2950 fuerat.
2126 2884 2353 2969 Inqui-

404 2974 582 3039 linus
637 2974 707 3038 in
769 2974 1106 3058 Aegypto,
1163 2980 1231 3039 et
1285 2970 1387 3038 bis
1443 2970 1633 3038 exsul
1686 2970 1966 3055 posteris
2022 2970 2161 3037 suis
2220 2991 2354 3037 non

406 3080 593 3127 secus
657 3078 778 3141 pro
838 3079 1093 3124 summo
1156 3059 1430 3142 imperio
1494 3063 1714 3141 partes
1780 3058 2099 3141 assignat,
2165 3076 2241 3122 ac
2296 3055 2356 3122 si

405 3144 879 3230 paterfamilias
922 3164 1131 3228 pauca
1172 3142 1364 3210 fundi
1404 3144 1508 3209 sui
1550 3147 1778 3228 iugera
1821 3143 1996 3208 inter
2040 3140 2354 3209 haeredes

408 3230 847 3298 distribueret.
894 3229 1028 3297 Sed
1052 3228 1224 3312 quod
1260 3237 1417 3297 tunc
1446 3228 1794 3295 ridiculum
1831 3226 2043 3294 videri
2075 3236 2351 3313 poterat,

402 3318 592 3385 Deus
635 3316 904 3383 tandem
946 3316 1334 3401 obsignavit.
1429 3314 1617 3382 Unde
1662 3322 1968 3398 apparet,
2026 3334 2191 3398 quae
2234 3335 2355 3399 pro

399 3402 667 3470 modulo
709 3424 943 3469 sensus
975 3402 1184 3469 nostri
1227 3421 1417 3468 caeco
1461 3401 1763 3467 fortunae
1806 3402 2058 3485 impetu
2100 3400 2352 3466 versari

401 3498 741 3574 putamus,
804 3488 998 3574 dirigi
1042 3508 1284 3555 arcana
1325 3485 1457 3552 Dei
1502 3486 1947 3571 providentia:
2005 3486 2351 3552 consilium

403 3596 565 3642 vero
610 3575 738 3641 Dei
802 3584 1116 3659 perpetuo
1174 3584 1404 3639 tenore
1448 3574 1540 3638 ita
1581 3580 1756 3639 stare
1804 3580 1874 3638 ut
1915 3573 2131 3638 exitus
2173 3573 2352 3656 prin·

401 3658 2176 3829 fflfflffnfiff‘...Rffisszrgfflffofflss²¹35?ae
2218 3657 2355 3810 2¹32

402 3833 622 3898 minor
677 3832 888 3915 portio
950 3831 1033 3898 ad
1090 3830 1382 3916 singulas
1438 3830 1651 3897 tribus
1707 3831 2066 3914 perveniat.
2157 3829 2351 3912 Quod

406 3928 625 3985 autem
694 3917 1039 4002 allegorice
1104 3917 1365 4002 quidam
1433 3916 1649 3982 notari
1726 3916 1984 3995 volunt,
2063 3916 2351 4001 gratuito

403 4003 540 4071 Dei
615 4004 1020 4088 beneplacito
1100 4012 1411 4086 tanquam
1491 4010 1668 4068 sorte
1746 4001 1936 4068 nobis
2013 4003 2352 4087 obtingere

403 4091 749 4158 coelestem
817 4089 1286 4157 haereditatem
1305 4140 1321 4168 ,
1390 4107 1759 4173 quanquam
1826 4088 2040 4171 primo
2105 4087 2351 4154 intuitu

404 4176 756 4261 plausibile
801 4177 907 4254 sit,
953 4175 1134 4241 nullo
1176 4177 1440 4259 negotio
1484 4174 1823 4240 refellitur.
1914 4174 2083 4240 Pars
2126 4174 2352 4240 haere-

407 4262 630 4328 ditatis
688 4274 829 4328 erat
874 4260 1183 4327 Hebron:
1245 4261 1424 4343 atqui
1470 4280 1548 4326 ea
1588 4271 1777 4325 extra
1820 4268 2064 4326 sortem
2102 4260 2353 4345 potitus

406 4356 510 4415 est
553 4347 773 4415 Galeb.
861 4349 1076 4413 Maior
1133 4357 1354 4412 autem
1409 4353 1680 4430 apparet
1722 4345 2019 4430 exceptio
2062 4346 2132 4411 in
2178 4346 2353 4411 tribu

404 4434 647 4501 Ruben
690 4443 757 4499 et
801 4432 979 4514 Gad,
1034 4440 1099 4499 et
1155 4431 1426 4498 dimidia
1484 4432 1660 4498 tribu
1703 4433 2034 4512 Manasse‚
2080 4432 2194 4516 qui
2236 4451 2353 4515 po-

406 4520 547 4605 puli
591 4541 931 4600 consensu,
964 4541 1096 4586 non
1140 4527 1330 4598 sorte,
1378 4516 1493 4584 sed
1538 4519 1726 4602 quasi
1767 4518 2113 4602 privilegio
2148 4518 2353 4601 impe-

405 4614 667 4672 trarunt
711 4605 1019 4690 quidquid
1062 4605 1450 4688 acquisitum
1496 4604 1713 4670 fuerat
1755 4615 1940 4670 trans
1983 4602 2353 4669 Iordanem.

406 4693 691 4760 Discant
752 4692 954 4778 igitur
1017 4691 1290 4757 lectores
1356 4690 1437 4756 ab
1504 4690 1779 4775 argutiis
1844 4689 2172 4756 abstinere
2190 4741 2204 4768 ,
2273 4711 2357 4755 ne

408 4799 603 4863 saepe
660 4799 808 4845 cum
865 4778 1115 4861 pudore
1172 4787 1563 4863 agnoscant,
1622 4777 1886 4842 inanem
1944 4775 2243 4842 umbram
2286 4797 2357 4842 se

403 4885 486 4932 ca
530 4872 720 4930 tasse.

486 4886 528 4948 p
580 4949 685 5016 55.
740 4950 915 5032 Quod
969 4950 1031 5015 si
1086 4970 1210 5016 non
1271 4947 1655 5031 expuleritis.
1743 4947 1883 5014 Gur
1941 4958 2074 5013 tam
2132 4968 2358 5014 severe

407 5036 726 5103 exarserit
766 5036 868 5101 ira
903 5036 1033 5101 Dei
1073 5036 1142 5101 in
1180 5035 1326 5101 illas
1367 5043 1595 5118 gentes
1639 5042 1713 5100 ut
1754 5053 2027 5116 prorsus
2072 5034 2357 5101 exstinc-

410 5134 510 5188 tas
554 5120 787 5201 vellet,
847 5119 1003 5188 alibi
1046 5120 1351 5189 vidimus.
1442 5120 1585 5184 Iam
1630 5142 1670 5185 a
1713 5129 2005 5202 tempore
2049 5119 2359 5186 Abrahae

410 5216 716 5291 coeperat
749 5207 884 5273 illic
913 5207 1202 5292 grassari
1239 5227 1478 5291 magna
1513 5206 1833 5272 scelerum
1871 5206 2151 5284 licentia,
2191 5207 2359 5271 sicut

410 5293 737 5379 colligitur
801 5316 887 5359 ex
950 5294 1077 5360 Dei
1140 5293 1362 5359 verbis
1381 5344 1395 5371 ‚
1476 5313 1676 5376 quum
1743 5290 1988 5358 diceret
2067 5289 2359 5358 nondum

408 5380 802 5465 completam
839 5401 980 5446 esse
1016 5401 1242 5447 eorum
1278 5379 1708 5463 iniquitatem.
1774 5378 2134 5462 Postquam
2169 5378 2359 5445 annis

612 5482 836 5540 Caluini
860 5498 1047 5555 opera.
1120 5483 1240 5540 Vol.
1288 5480 1480 5537 XXV.

1801 459 2212 529 REDITUS
2256 458 2388 527 AD
2431 456 2980 527 HISTORIAM.

4264 462 4394 529 338

2449 646 2949 734 quadringentis
2992 645 3179 713 abusi
3221 654 3378 712 sunt
3416 647 3543 713 Dei
3585 646 3794 730 ipsius
3838 646 4203 730 tolerantia,
4290 651 4394 718 uis

2447 734 2793 801 interitum
2814 732 3077 798 illorum
3111 739 3248 799 tam
3286 732 3518 817 longae
3552 732 4011 801 obstinationis
4031 755 4247 803 merce
4294 757 4402 804 em

2451 821 2694 887 iustam
2760 830 2825 886 et
2887 828 3214 884 maturam
3278 840 3420 884 esse
3486 818 3724 903 neget?
3828 817 4182 886 anterum
4247 822 4397 890 illos

2455 905 2844 985 excidendo,
2897 903 3220 971 rationem
3277 904 3505 970 habuit
3549 906 3731 971 Deus
3776 904 3965 972 electi
4007 907 4233 991 populi
4249 959 4265 987 ,
4323 915 4399 974 ut

2453 999 2837 1078 segregatus
2878 1010 2918 1055 a
2956 989 3249 1073 profanis
3306 989 3677 1057 hominibus
3693 1041 3711 1069 ,
3767 1012 4108 1076 nunquam
4162 993 4242 1059 ad
4287 1014 4402 1060 ex-

2453 1089 2631 1145 teras
2699 1074 3101 1160 corruptelas
3173 1076 3561 1143 deflecteret.
3664 1077 3954 1143 Poenam
4015 1098 4170 1144 vero
4232 1100 4398 1164 quae

2453 1187 2635 1231 nunc
2688 1162 3153 1239 denunciatur,
3209 1183 3327 1228 sua
3381 1162 3651 1247 ignavia
3705 1161 3806 1229 bis
3863 1164 4202 1246 promeriti
4243 1172 4400 1232 sunt

2453 1249 2827 1329 Israelitae,
2887 1248 3040 1333 quia
3090 1269 3210 1314 nec
3264 1246 3559 1332 partibus
3612 1248 3749 1315 suis
3792 1248 4082 1316 defuncti
4123 1261 4285 1316 sunt
4326 1252 4397 1318 in

2453 1334 2780 1422 exigenda
2813 1334 2943 1401 Dei
2988 1332 3304 1413 vindicta,
3348 1342 3415 1400 et
3452 1334 3591 1401 eius
3631 1335 3916 1420 gratiae,
3962 1343 4280 1419 quantum
4324 1337 4397 1403 in

2454 1444 2528 1489 se
2592 1429 2765 1504 erat,
2843 1420 3286 1487 detraxerunt.
3395 1420 3666 1486 Honore
3743 1441 3851 1487 eos
3929 1442 4063 1487 non
4141 1422 4398 1507 vulgari

2455 1507 2766 1593 dignatus
2807 1507 3060 1585 fuerat,
3119 1526 3321 1590 quum
3369 1505 3748 1574 exercendis
3790 1507 3928 1574 suis
3969 1505 4229 1573 iudiciis
4275 1509 4395 1572 mi-

2453 1594 2697 1660 nistros
2749 1594 3152 1677 praeficeret.
3239 1592 3478 1676 Turpis
3535 1613 3691 1677 ergo
3748 1591 3872 1658 fuit
3926 1593 4268 1676 segnities,
4326 1593 4398 1659 in

2454 1680 2580 1747 hac
2631 1688 2820 1763 parte
2875 1699 3147 1745 cessare.
3237 1678 3495 1744 Deinde
3537 1690 3784 1744 terram
3827 1677 3958 1745 illis
3999 1680 4071 1743 in
4113 1677 4396 1745 solidum

2457 1765 2746 1846 dederat,
2792 1765 2964 1848 quod
3006 1784 3164 1849 ergo
3205 1772 3392 1847 parte
3435 1765 3724 1831 contenti
3761 1764 4197 1851 neglexerunt
4230 1763 4400 1849 quod

2458 1852 2793 1918 residuum
2841 1859 3014 1932 erat,
3056 1849 3129 1914 in
3174 1849 3298 1916 hoc
3342 1857 3605 1934 torpore
3649 1872 3719 1917 se
3759 1849 4049 1934 prodidit
4089 1870 4402 1935 perversa

2972 1933 3163 2003 Adde
3203 1934 3375 2020 quod
3419 1936 3592 2002 ultro
3635 1957 3707 2003 se
3749 1936 4214 2020 implicuerunt
4257 1936 4401 2002 exi·

2456 2025 2510 2090 ti
2581 2025 2726 2091 'bus
2768 2023 3014 2108 plagis,
3059 2028 3290 2108 gentes
3330 2021 3568 2107 impias
3609 2022 3733 2090 sibi
3776 2022 4137 2104 miscendo,
4176 2043 4217 2088 a
4260 2022 4402 2106 qui·

2455 2112 2580 2177 bus
2624 2109 2940 2177 divinitus
2994 2110 3258 2174 fuerant
3314 2109 3629 2191 separati,
3687 2129 3772 2175 ne
3814 2129 4043 2174 earum
4087 2128 4299 2176 mores
4339 2114 4405 2174 et

2455 2217 2799 2281 perversos
2862 2196 3029 2262 ritus
3085 2195 3521 2260 imitarentur.
3625 2195 3924 2260 Minatur
3980 2215 4137 2279 ergo
4197 2194 4402 2271 Deus,

2455 2289 2685 2369 gentes
2747 2281 2896 2348 illas
2961 2289 3276 2364 tanquam
3338 2281 3596 2346 aculeos
3658 2280 3800 2346 fore
3865 2279 4183 2347 Israelitis
4199 2330 4217 2361 ,
4293 2279 4403 2363 qui

2458 2370 2792 2454 configant
2826 2389 3054 2434 eorum
3089 2366 3328 2447 oculos,
3364 2366 3712 2450 spinasque
3736 2375 3812 2432 ut
3844 2366 4055 2431 latera
4071 2387 4210 2450 pun
4259 2373 4401 2431 ant:

2458 2454 2628 2539 quod
2672 2453 2876 2520 fuisse
2920 2453 3262 2536 impletum
3312 2451 3476 2516 liber
3516 2452 3824 2518 Indicum
3880 2451 4165 2518 maxime
4247 2472 4402 2518 ucu-

2454 2541 2674 2607 lentus
2717 2550 2818 2606 est
2861 2560 2937 2606 ac
2976 2538 3269 2622 locuples
3312 2538 3517 2605 testis.
3606 2537 4001 2622 Quanquam
4055 2557 4262 2622 usque
4322 2536 4405 2602 ad

2454 2634 2715 2711 tempus
2761 2624 3037 2693 Davidis
3093 2623 3254 2689 haec
3311 2645 3522 2708 poena
3576 2622 3835 2690 assidue
3889 2622 4109 2689 defixa
4164 2623 4290 2688 fuit
4333 2622 4406 2687 in

2455 2735 2681 2780 eorum
2725 2711 2928 2779 oculis
2964 2720 3034 2777 et
3068 2709 3396 2777 lateribus.
3462 2710 3546 2775 In
3583 2730 3712 2794 quo
3748 2710 3948 2775 ctiam
3984 2707 4406 2776 convincitur

2452 2799 2776 2865 indomita
2817 2797 3039 2883 populi
3083 2797 3437 2881 protervia,
3483 2795 3658 2880 apud
3695 2817 3888 2880 quem
3923 2794 4091 2860 nihil
4126 2792 4408 2878 profecit

2455 2893 2591 2951 tam
2637 2885 2808 2951 seria
2849 2883 3228 2961 admonitiO,
3276 2890 3352 2948 ut
3391 2882 3465 2947 in
3501 2881 3748 2965 apertis
3784 2882 4103 2949 scelerum
4140 2879 4405 2947 ultioni-

2454 2971 2580 3037 bus
2637 2992 2770 3037 non
2827 2970 3046 3036 minus
3103 2988 3300 3054 quam
3359 2967 3429 3033 in
3488 2967 3661 3034 felici
3725 2968 4154 3035 victoriarum
4210 2985 4405 3035 cursu

2452 3064 2773 3144 pergeret.

2455 1939 2526 2004 in
2576 1936 2884 2004 ratitud0.

2942 3396 3295 3465 NUMER.
3344 3395 3547 3463 OAP.
3592 3393 3931 3462 XXXIV.

2632 3574 2688 3638 l.
2747 3569 2836 3636 Et
2889 3570 3181 3653 loquutus
3233 3573 3325 3634 est
3383 3567 3613 3634 Ichova
3671 3566 3758 3633 ad
3811 3565 4064 3646 Mosen,
4117 3566 4407 3634 dicendo.-

2456 3659 2516 3726 2.
2568 3656 2870 3739 Praecipe
2907 3656 3069 3739 filiis
3111 3653 3327 3720 Israel
3340 3705 3354 3733 ,
3397 3658 3454 3720 et
3493 3653 3672 3718 dicas
3713 3652 3841 3718 eis.-
3891 3652 4099 3734 Quum
4141 3652 4407 3717 intrave-

2456 3743 2606 3811 ritis
2648 3749 2885 3809 terram
2931 3740 3226 3808 thnaan
3282 3737 3442 3825 (ista,
3476 3743 3566 3803 est
3607 3744 3780 3804 terra
3822 3757 3982 3820 quae
4024 3738 4198 3803 cadet
4238 3738 4405 3804 vobis

2454 3831 2529 3897 in
2581 3829 3018 3897 haereditatem
3034 3878 3050 3908 ,
3105 3831 3272 3892 terra
3338 3824 3636 3891 Ghenaan
3679 3844 3801 3907 per
3854 3825 4150 3889 terminos
4205 3822 4404 3910 suos),

2456 3918 2516 3984 3.
2561 3916 2714 3983 Erit
2754 3914 2926 3981 vobis
2975 3914 3177 3997 playa
3233 3911 3518 3977 meridiei
3560 3931 3602 3977 a
3643 3910 3874 3976 deserto
3921 3908 4042 3974 Sin
4081 3929 4280 3992 usque
4321 3909 4409 3976 ad

2451 4005 2748 4071 terminos
2789 4001 3028 4067 Edem:
3084 4000 3204 4065 erit
3254 3999 3516 4081 inquam
3565 3996 3736 4062 vobis
3774 3996 4079 4061 terminus
4120 3995 4406 4061 mmdiei

2453 4091 2535 4157 ab
2577 4094 2841 4156 eoewmo
2882 4087 3087 4151 maris
3126 4084 3287 4151 salis
3330 4084 3415 4149 ad
3455 4083 3763 4149 orientem.
3849 4082 3908 4146 4.
3977 4080 4065 4145 Et
4121 4081 4407 4147 circuibit

2457 4176 2630 4243 vobis
2683 4175 2800 4240 iste
2852 4172 3159 4238 terminus
3215 4193 3257 4236 a
3314 4169 3534 4235 Maalc
3588 4166 3890 4234 Acrabim
3907 4217 3923 4245 ,
3996 4172 4054 4232 et
4114 4167 4408 4233 transibit

2458 4282 2653 4343 usque
2704 4260 2790 4325 ad
2834 4258 2987 4325 Sin:
3041 4262 3098 4323 ct
3149 4261 3331 4321 crunt
3383 4274 3670 4339 cyre-§sus
3725 4254 3863 4319 eius
3916 4273 3958 4318 a
4014 4254 4278 4320 ”meridie
4335 4253 4406 4318 in

2465 4344 2976 4423 Gades-Barnea,
3013 4347 3197 4425 atquc
3218 4342 3395 4407 illinc
3429 4340 3777 4425 eyredietur
3809 4340 3895 4404 ad
3916 4338 4134 4404 villam
4155 4339 4404 4418 Addar,

2460 4442 2516 4500 et
2557 4429 2852 4499 transibit
2892 4449 3090 4512 usque
3131 4428 3217 4493 ad
3256 4430 3514 4493 Acmon.
3606 4425 3668 4491 5.
3731 4424 4073 4490 Praeterea
4124 4424 4408 4492 circuibit

2456 4519 2763 4586 terminus
2802 4517 2919 4581 iste
2961 4514 3039 4580 ab
3081 4516 3322 4579 Acmon
3363 4532 3563 4594 usque
3603 4513 3691 4577 ad
3723 4512 3958 4591 flumen
3996 4511 4295 4595 Aeyypti:
4351 4514 4411 4575 et

2458 4608 2638 4673 eruent
2668 4602 2846 4669 illinc
2882 4620 3167 4684 cyre-scus
3198 4601 3335 4665 eius
3370 4599 3454 4663 ad
3503 4598 3879 4664 occidentem.
3963 4597 4022 4661 6.
4073 4597 4408 4662 Terminus

2460 4695 2669 4758 autem
2709 4687 3106 4755 occidentalis
3146 4687 3267 4750 erit
3303 4684 3474 4750 vobis
3513 4703 3689 4748 me
3731 4702 4043 4766 nzaynum,
4088 4683 4405 4760 terminat,

2459 4780 2754 4861 inquam,
2803 4776 2921 4841 istc
2966 4773 3086 4839 crit
3130 4771 3302 4838 vobis
3333 4769 3644 4837 terminus
3679 4768 4089 4834 occidantalis.
4166 4768 4224 4832 7.
4277 4766 4409 4831 Iste

2459 4884 2604 4929 vcro
2660 4863 2779 4927 erit
2831 4859 3003 4926 vobis
3049 4857 3355 4924 tervisinus
3395 4855 3818 4938 aquilonaris,
3877 4875 3920 4920 a
3960 4854 4133 4918 mari
4182 4872 4407 4936 mayno

2460 4947 2816 5016 describatis
2872 4945 3043 5012 vobis
3083 4943 3225 5010 Hor
3286 4947 3564 5009 montem.
3654 4942 3713 5007 8.
3772 4939 3876 5005 Ab
3916 4937 4025 5003 hoc
4065 4943 4264 5003 monte
4306 4939 4409 5004 dc·

2459 5034 2742 5102 scribetis
2772 5051 2969 5113 usque
3000 5030 3088 5097 ad
3118 5030 3444 5095 introitum
3467 5025 3784 5093 Hamath:
3817 5029 3876 5090 et
3908 5027 4088 5089 erum
4121 5043 4406 5108 cyr-assus

2460 5119 2717 5188 termini
2755 5117 2935 5184 illius
2977 5116 3065 5183 ad
3111 5115 3337 5181 Sedad.
3426 5114 3487 5179 9.
3547 5112 3636 5178 Et
3688 5111 3862 5178 illinc
3902 5109 4247 5193 egredietur
4286 5114 4407 5176 tcr-

2460 5208 2675 5272 minus
2730 5206 2846 5271 iste
2919 5203 3004 5269 ad
3060 5201 3312 5286 Ziphon
3329 5252 3344 5281 ,
3410 5203 3707 5281 eruntque
3771 5214 4055 5280 cyre-acus
4120 5196 4259 5262 eius
4321 5196 4407 5262 ad

2461 5293 2683 5359 villam
2736 5289 2960 5356 Enan:
3023 5289 3140 5354 iste
3206 5288 3325 5352 erit
3380 5285 3551 5351 vobis
3620 5284 3926 5348 terminus
3987 5282 4402 5363 aquilonaris.

2424 5430 2427 5431 ν
2465 5378 2566 5445 10.
2613 5375 2993 5444 Desomfbetis
3021 5378 3349 5457 practerea
3389 5370 3562 5437 vobis
3601 5369 3938 5435 terminum
3979 5368 4063 5434 ad
4096 5368 4406 5450 orientem,

3929 5470 3998 5524 22
