5017 6142
476 399 558 467 51
1483 395 2057 465 SANCTIONES
2104 398 2164 462 A
2211 393 3001 465 PROMISSIONIBUS
3050 397 3165 461 ET
3209 391 3495 462 MINIS.
4404 393 4488 461 52

476 587 696 654 tentia
755 588 837 654 ad
896 588 1269 671 proximum
1312 586 1717 664 membrum,
1777 584 1891 651 sed
1946 585 2025 649 ad
2074 593 2282 650 totum
2330 605 2434 650 ca·

482 673 784 757 talogum
842 673 1371 738 maledictionum
1446 673 1758 754 pertinet:
1838 692 1970 736 non
2038 670 2207 754 quod
2273 692 2435 735 una-

486 781 784 844 quaeque
842 780 1133 824 seorsum
1199 764 1449 823 tantum
1518 759 1807 824 horroris
1877 757 2256 836 incusserit,
2322 756 2436 821 sed

487 847 642 929 quia
686 845 853 910 aliae
897 844 1045 909 aliis
1080 854 1514 921 coacervatae,
1565 854 1700 908 tam
1746 864 2021 908 numero
2057 864 2251 925 quam
2296 864 2442 927 gra-

489 932 696 997 vitate
775 941 841 996 et
919 931 1438 1014 perseverantia,
1506 929 1838 1013 coegerint
1902 950 2128 994 omnes
2196 929 2438 1006 mirari,

492 1028 689 1101 atque
741 1016 863 1084 hoc
922 1016 1112 1081 modo
1169 1014 1419 1080 fuerint
1475 1015 1547 1079 in
1604 1018 1868 1099 signum
1925 1026 1991 1078 et
2047 1012 2438 1099 prodigium.

490 1103 663 1169 Nam
698 1102 996 1167 homines
1032 1100 1275 1168 morbis
1318 1101 1525 1187 affligi
1569 1102 1808 1185 ubique
1842 1100 2181 1184 contingit,
2228 1111 2442 1164 terrae

491 1189 689 1253 etiam
755 1188 1064 1253 sterilitas
1130 1209 1263 1251 uno
1330 1208 1502 1253 anno
1583 1187 1830 1252 malum
1896 1206 2241 1252 commune
2306 1195 2437 1251 est:

491 1272 608 1339 sed
654 1276 910 1340 morbos
964 1273 1149 1356 quasi
1195 1272 1430 1338 affixos
1476 1293 1738 1338 manere
1797 1272 1996 1337 totius
2040 1271 2260 1354 populi
2306 1293 2438 1360 me-

493 1359 711 1438 dunis,
748 1368 815 1424 et
851 1371 1093 1423 terram
1129 1359 1198 1423 in
1235 1358 1506 1442 longum
1545 1369 1804 1442 tempus
1839 1378 2236 1436 exarescere,
2274 1377 2349 1423 ac
2386 1358 2440 1422 si

492 1445 810 1528 sulphure
867 1444 1205 1511 combusta
1262 1453 1462 1509 esset:
1518 1444 1585 1508 id
1652 1465 1808 1509 vero
1875 1442 2284 1508 formidabile
2344 1452 2443 1508 cst

492 1530 972 1615 spectaculum,
1031 1531 1097 1595 in
1154 1551 1280 1613 quo
1345 1531 1558 1614 palam
1627 1537 1899 1613 apparet
1962 1550 2131 1612 quae
2198 1528 2440 1612 alioqui

491 1615 728 1682 fuisset
770 1615 1172 1683 incredibilis
1219 1615 1346 1680 Dei
1389 1615 1696 1682 vindicta.
1786 1615 2073 1698 Ideoque
2117 1614 2441 1680 Sodomae

493 1711 562 1767 et
628 1702 1043 1767 Gomorrhae
1124 1701 1424 1784 exempla
1488 1701 1557 1765 in
1650 1700 1937 1766 medium
2013 1701 2294 1783 profert,
2370 1701 2443 1765 in

491 1809 771 1870 quarum
829 1788 1104 1853 interitu
1161 1809 1428 1853 cernere
1482 1786 1633 1852 licet
1679 1786 1890 1869 qualis
1949 1807 2178 1851 omnes
2219 1806 2439 1869 repro·

495 1872 611 1939 bos
655 1884 917 1938 maneat
961 1875 1193 1939 exitus.
1282 1872 1451 1937 Nam
1513 1872 1785 1938 coeleste
1845 1873 2091 1937 fulmen
2140 1893 2264 1954 quo
2309 1872 2444 1937 fue-

491 1968 652 2024 runt
695 1959 1069 2042 absorptae,
1110 1958 1315 2024 Iudas
1373 1957 1460 2107 ᾖν.
1522 1957 1587 2045 7)
1631 1957 1933 2022 admonet
1976 1959 2256 2042 figuram
2301 1978 2441 2023 esse

491 2044 666 2128 ignis
732 2046 1000 2111 aeterni.
1091 2045 1295 2109 Porro
1359 2044 1538 2109 ilam
1619 2044 1995 2109 vastitatem
2069 2042 2442 2108 habuerunt

490 2150 751 2213 semper
807 2130 1147 2196 Israelitae
1192 2139 1345 2195 ante
1388 2130 1644 2205 oculos,
1704 2151 1786 2194 ex
1832 2150 1958 2213 quo
2002 2137 2244 2194 terram
2287 2138 2444 2194 sunt

490 2215 807 2300 ingressi,
876 2226 951 2282 ut
1007 2215 1324 2282 admoniti
1389 2222 1525 2280 tam
1587 2236 1814 2281 severo
1880 2214 2119 2280 iudicio
2185 2223 2440 2280 contre·

492 2302 864 2369 miscerent.
953 2301 1200 2367 Notatu
1277 2323 1529 2385 quoque
1606 2301 1880 2385 dignum
1960 2309 2087 2377 est,
2182 2310 2442 2365 exteros

495 2388 906 2453 sciscitantes
959 2388 1211 2453 induci:
1271 2387 1509 2470 quibus
1568 2388 1787 2453 verbis
1832 2387 2161 2471 significat
2205 2386 2440 2465 Moses,

495 2473 789 2556 profanis
878 2494 1090 2557 uoque
1134 2473 1441 2558 gentibus
1487 2472 1845 2539 terribilem
1896 2473 2035 2538 fore
2080 2472 2251 2537 hanc
2297 2473 2441 2538 vin-

497 2559 758 2625 dictam.
913 2559 1103 2625 uibus
1144 2557 1493 2642 respondet
1542 2559 1709 2642 quod
1757 2558 1999 2643 legitur
2043 2556 2217 2641 apud
2263 2558 2442 2623 Iere-

491 2644 720 2710 miam:
767 2644 1172 2710 Transibunt
1215 2645 1437 2729 populi
1475 2644 1662 2709 multi
1708 2666 1826 2729 per
1859 2643 2031 2710 hane
2074 2643 2333 2708 urbem:
2379 2652 2446 2708 et

493 2729 665 2794 dicet
700 2730 973 2814 quisque
999 2731 1298 2814 proximo
1334 2751 1481 2795 suo:
1519 2729 1745 2811 Quare
1779 2731 1874 2794 ita
1908 2730 2058 2794 fecit
2081 2728 2267 2794 Deus
2298 2730 2444 2795 urbi

494 2815 649 2882 huic
694 2815 1015 2900 magnae?
1105 2817 1197 2880 Et
1240 2815 1770 2899 respondebitur:
1828 2816 1930 2880 Eo
1988 2815 2157 2898 quod
2211 2815 2444 2880 dereli-

493 2902 757 2984 querint
816 2911 1077 2985 pactum
1124 2900 1252 2967 Dei
1296 2903 1417 2981 sui,
1453 2913 1520 2967 et
1564 2901 1984 2967 adoraverint
2027 2901 2245 2966 Deum
2290 2902 2441 2966 alie·

493 3007 655 3052 num
702 2985 853 3073 (Ier.
902 2988 1002 3063 22,
1050 2987 1089 3052 8
1123 3038 1136 3052 .
1194 2987 1511 3052 Refertur
1568 2987 1801 3053 similis
1846 2988 1970 3052 Dei
2029 2988 2442 3052 comminatio

493 3073 758 3157 Regum
805 3075 1012 3155 primo
1056 3071 1083 3159 (
1141 3124 1157 3151 ,
1204 3071 1303 3159 8):
1361 3072 1633 3138 Accidet
1674 3083 1751 3138 ut
1802 3074 2093 3157 quisquis
2137 3072 2444 3138 transibit

495 3180 614 3243 per
679 3157 942 3223 domum
1011 3159 1182 3224 hanc
1247 3157 1558 3245 (loquitur
1615 3170 1835 3225 autem
1904 3158 1983 3222 de
2050 3157 2320 3245 templo)
2364 3160 2436 3223 in

493 3243 918 3309 solitudinem
964 3245 1312 3323 redactam,
1358 3246 1787 3329 obstupescat,
1835 3243 2067 3322 sibilet,
2114 3267 2189 3309 ac
2233 3245 2439 3309 dicat:

495 3329 718 3410 Quare
761 3333 854 3396 sic
899 3331 1134 3396 evertit
1181 3331 1360 3396 Deus
1405 3331 1668 3396 domum
1728 3331 1944 3396 hanc?
2033 3330 2125 3395 Et
2167 3351 2441 3413 respon·

494 3415 787 3481 debitur:
831 3415 931 3481 Eo
975 3414 1143 3499 quod
1179 3416 1642 3500 dereliquerint
1676 3417 1893 3481 Deum
1937 3437 2149 3494 suum,
2195 3428 2261 3481 et
2305 3436 2439 3480 am-

494 3501 676 3584 plexi
730 3502 972 3566 fuerint
1013 3503 1164 3567 deos
1209 3514 1576 3568 extraneos.
1668 3502 1959 3568 Gravius
2002 3502 2174 3586 quod
2217 3514 2443 3586 postea

495 3585 737 3671 legitur
781 3585 866 3673 (2.
915 3588 1079 3672 Reg.
1124 3588 1227 3666 21,
1278 3587 1418 3675 12);
1465 3590 1635 3655 Ecce
1679 3587 1983 3653 inducam
2029 3588 2204 3653 mala
2246 3609 2442 3672 super

494 3672 889 3752 Ierusalem,
935 3684 1003 3739 et
1044 3695 1242 3757 super
1275 3674 1546 3752 Iudam,
1593 3673 1673 3739 de
1719 3675 1953 3757 quibus
1990 3675 2284 3757 quisquis
2327 3695 2440 3738 au-

496 3759 711 3837 dierit,
758 3759 1039 3824 tinnient
1074 3759 1303 3825 ambae
1347 3781 1539 3825 aures
1584 3761 1744 3825 eius.
1836 3758 2103 3825 Crimen
2143 3760 2445 3827 defectio-

496 3844 601 3910 nis
645 3855 1004 3930 exaggerat
1049 3845 1299 3922 Moses,
1346 3845 1457 3911 ubi
1504 3846 1676 3923 dicit,
1726 3844 1947 3911 relicto
1993 3843 2136 3910 Deo
2179 3857 2442 3928 patrum

499 3952 802 4009 suorum,
871 3931 1014 3996 Deo
1080 3931 1429 3996 liberatore
1474 3952 1624 4011 sue,
1688 3929 1832 3995 Deo
1890 3932 1997 4014 qui
2067 3952 2217 3996 cum
2283 3932 2442 4015 ipsis

498 4017 858 4100 pepigerat,
904 4016 1139 4082 abiisse
1185 4029 1257 4082 ut
1301 4017 1591 4083 colerent
1636 4017 1788 4082 deos
1833 4016 2078 4082 alienos
2122 4026 2188 4081 et
2223 4018 2444 4102 incog-

497 4103 688 4182 nitos,
730 4101 926 4168 nullis
962 4101 1294 4168 beneficiis
1333 4102 1601 4169 inducti.
1662 4102 1847 4167 Deus
1890 4103 2064 4167 enim
2109 4103 2284 4186 ipsos
2318 4104 2443 4171 sibi

498 4200 631 4252 tam
699 4187 993 4254 doctrina
1058 4210 1250 4271 quam
1330 4188 1820 4272 incomparabili
1893 4189 2225 4271 potentiae
2285 4211 2441 4256 suae

499 4272 886 4339 documento
944 4275 1014 4338 in
1061 4285 1446 4358 perpetuum
1506 4276 1912 4340 devinxerat.
2003 4273 2243 4340 Nullus
2286 4297 2442 4360 ergo

495 4359 738 4425 erroris
795 4359 903 4425 vel
945 4361 1356 4443 ignorantiae
1409 4375 1788 4444 praetextus
1834 4361 1987 4436 fuit,
2048 4361 2128 4425 ab
2164 4382 2239 4426 eo
2284 4361 2441 4427 defi-

497 4465 664 4525 cere,
701 4454 776 4511 ut
818 4467 888 4511 se
932 4446 1174 4530 ignotis
1217 4445 1407 4512 idolis
1452 4447 1940 4530 prostituerent.
2008 4446 2268 4511 Interea
2312 4446 2443 4512 dis-

498 4552 722 4597 camus
778 4552 859 4596 ex
912 4530 1035 4597 hoc
1084 4532 1255 4611 loce,
1311 4532 1585 4598 sollicite
1644 4533 1971 4614 inquirere
2016 4532 2314 4615 quisnam
2360 4534 2446 4599 sit

499 4617 700 4696 Deus,
737 4624 806 4683 et
841 4637 1008 4699 quae
1043 4618 1182 4683 eius
1211 4619 1540 4684 voluntas:
1581 4619 1735 4702 quia
1772 4617 1950 4682 nulla
1977 4618 2119 4682 sine
2153 4618 2442 4699 scientia,

497 4724 658 4768 vera
697 4712 798 4768 est
828 4703 1090 4787 religio:
1128 4701 1362 4769 deinde
1387 4705 1441 4770 si
1479 4712 1764 4770 vet-erem
1805 4703 2117 4787 populum
2155 4702 2444 4787 redemp-

498 4789 693 4855 tionis
752 4791 962 4873 gratia
1018 4789 1337 4854 nefandae
1396 4789 1895 4871 ingratitudinis
1953 4789 2265 4867 convicit,
2324 4811 2442 4856 nos

498 4875 691 4941 hodie
736 4876 944 4940 multo
986 4876 1204 4940 minus
1247 4896 1389 4940 esse
1432 4875 1861 4954 excusabiles,
1906 4876 2034 4940 nisi
2070 4885 2445 4942 constanter

494 4982 842 5028 manemus
884 4963 954 5026 in
999 4961 1127 5026 fide
1173 4961 1423 5026 aeterni
1466 4962 1915 5045 redemptoris.

3247 583 3515 651 DEUT.
3557 581 3786 650 XXX.

2716 758 2773 822 1.
2843 756 2994 823 Erit
3034 761 3240 823 autem
3257 807 3272 834 ,
3317 777 3509 838 quum
3552 757 3863 823 evenerint
3904 754 4019 821 tibi
4053 757 4265 823 omnia
4307 754 4496 822 verba

2540 844 2720 922 haec,
2781 842 3108 909 benedictio
3164 848 3220 907 et
3271 843 3621 909 maledictio
3678 862 3841 924 quas
3872 842 4182 925 proposui
4223 842 4372 920 tibi,
4432 846 4496 907 et

2542 930 2870 996 reduxeris
2924 930 3009 995 ad
3065 948 3170 994 cor
3223 934 3402 994 tuum
3457 931 3530 994 in
3584 929 3824 993 cunctis
3879 927 4165 1010 yentibus
4206 928 4290 993 ad
4330 948 4498 1010 quas

2543 1016 2853 1096 expulerit
2885 1019 2940 1080 te
2983 1014 3211 1080 Iehova
3257 1013 3436 1082 Deus
3468 1019 3632 1092 tuus,
3693 1015 3752 1078 2.
3812 1012 3900 1079 Et
3931 1034 4257 1079 conversus
4285 1012 4498 1095 fueris

2544 1102 2630 1165 ad
2688 1099 2982 1165 Iehovam
3034 1099 3250 1165 Deum
3303 1105 3511 1178 tuum,
3570 1100 3987 1181 obedia-isque
4026 1101 4160 1166 voci
4202 1100 4339 1165 eius
4373 1119 4500 1181 per

2543 1188 2753 1252 omnia
2772 1237 2786 1262 ,
2829 1191 2898 1251 ut
2954 1206 3059 1271 eyo
3092 1187 3420 1269 praecipio
3462 1187 3575 1251 tibi
3616 1185 3822 1261 hodie,
3865 1191 3936 1251 tu
3980 1190 4036 1250 et
4071 1185 4200 1266 filii
4241 1187 4335 1250 tui
4377 1190 4495 1251 toto

2543 1274 2723 1338 corde
2755 1278 2877 1348 tuo,
2922 1278 2978 1337 et
3019 1277 3141 1337 tota
3175 1273 3393 1338 anima
3435 1278 3581 1338 tua:
3647 1271 3705 1336 3.
3760 1272 3936 1337 Tunc
3976 1272 4220 1338 reducet
4264 1271 4494 1337 Iehova

2543 1357 2724 1424 Deus
2780 1363 2927 1423 tuus
2981 1358 3397 1438 captivitatem
3450 1363 3625 1423 tuam
3642 1408 3659 1436 ‚
3719 1363 3776 1423 et
3819 1357 4218 1423 miserebitur
4273 1359 4399 1423 tui.-
4440 1362 4496 1422 et

2543 1463 2870 1509 conversus
2926 1445 3311 1528 couyreyabit
3363 1450 3417 1508 te
3459 1446 3533 1509 de
3592 1444 3830 1510 cunctis
3875 1443 4138 1524 populis
4195 1444 4283 1508 ad
4339 1464 4495 1527 quos

2544 1530 2916 1610 disperserit
2969 1534 3025 1594 te
3081 1528 3306 1596 Iekova
3372 1528 3555 1595 Deus
3619 1534 3780 1595 tuus.
3870 1529 3931 1593 4.
4006 1528 4082 1593 Si
4137 1529 4333 1611 fuerit
4395 1549 4496 1595 m:-

2538 1616 2767 1697 pulsus
2829 1622 2976 1680 tuus
3050 1616 3118 1679 in
3183 1620 3452 1681 extremo
3515 1616 3698 1693 coeli,
3765 1614 3938 1679 illinc
4001 1615 4384 1699 couyreyabit
4439 1621 4496 1681 te

2546 1700 2778 1766 Iehova
2817 1701 2997 1767 Deus
3037 1705 3203 1778 tuus,
3251 1708 3305 1765 et
3349 1700 3524 1767 illinc
3566 1702 3824 1783 accipiet
3862 1706 3950 1765 te.-
4004 1700 4062 1766 5.
4111 1700 4496 1784 Reducetque

2546 1793 2603 1850 te
2665 1785 2894 1852 Iekova
2958 1787 3137 1852 Deus
3200 1791 3346 1852 tuus
3410 1787 3495 1851 ad
3558 1791 3791 1851 terram
3846 1807 4035 1869 quam
4090 1789 4496 1869 possederant

2534 1876 2758 1953 patres
2808 1875 2934 1952 tui,
2993 1893 3067 1938 ac
3108 1872 3461 1956 possidebis
3517 1892 3685 1936 eam.-
3743 1871 4190 1955 benefacietque
4251 1874 4388 1951 tibi,
4438 1878 4496 1939 et

2544 1957 2980 2039 multiplicabit
3021 1963 3075 2022 te
3118 1960 3324 2041 mayis
3379 1978 3569 2041 quam
3603 1963 3822 2040 patres
3873 1964 4026 2023 tuos.
4116 1959 4175 2023 6.
4245 1958 4332 2023 Et
4371 1962 4494 2025 cir-

2543 2045 2843 2110 cumcidet
2885 2043 3115 2109 Iehova
3159 2043 3341 2109 Deus
3390 2049 3536 2110 tuus
3588 2063 3692 2109 cor
3732 2048 3908 2108 tuum
3924 2094 3939 2123 ,
3998 2050 4053 2109 et
4089 2065 4191 2109 cor
4232 2047 4495 2111 seminis

2544 2130 2672 2207 tui,
2717 2134 2786 2194 ut
2827 2130 3061 2214 diliyas
3098 2130 3389 2195 Iehovam
3430 2129 3640 2194 Deum
3681 2135 3855 2194 tuum
3898 2135 4017 2195 toto
4057 2131 4236 2196 corde
4274 2135 4395 2210 tuo,
4438 2136 4496 2196 et

2543 2220 2668 2281 tota
2711 2216 2926 2280 anima
2967 2219 3098 2293 tua,
3133 2220 3395 2298 propter
3435 2217 3633 2281 vitam
3673 2221 3864 2281 tuam.
3927 2216 3984 2280 7.
4044 2215 4244 2282 Dabit
4286 2222 4494 2282 autem

2547 2300 2777 2367 Iehova
2835 2300 3017 2367 Deus
3079 2306 3225 2366 tuus
3286 2321 3496 2367 omnes
3559 2301 4017 2367 maledictiones
4080 2303 4241 2367 istas
4303 2323 4495 2385 super

2546 2388 2835 2454 inimicos
2874 2391 3029 2467 tuos,
3076 2391 3131 2450 et
3171 2407 3361 2468 super
3403 2387 3545 2453 odio
3585 2386 3869 2451 habentes
3912 2392 3983 2466 te,
4030 2392 4086 2453 et
4128 2389 4240 2469 qui
4271 2409 4492 2469 perse-

2547 2474 2726 2557 quuti
2767 2478 2914 2538 sunt
2954 2478 3030 2537 te.
3119 2473 3177 2538 8.
3251 2473 3351 2538 Tu
3394 2493 3535 2556 erqo
3576 2474 3933 2552 revertaris,
3977 2477 4032 2539 et
4074 2474 4322 2539 obedias
4363 2475 4494 2540 voci

2549 2559 2840 2636 Iehovae,
2876 2564 2932 2623 et
2958 2559 3168 2641 facias
3201 2560 3413 2624 omnia
3449 2563 3777 2641 praecepta
3807 2560 3943 2624 eius
3983 2580 4143 2642 quae
4173 2581 4280 2644 eqo
4300 2582 4491 2643 prae·

2546 2646 2713 2725 cipio
2768 2644 2882 2710 tibi
2937 2644 3133 2710 hodie.
3237 2644 3298 2710 9.
3366 2644 3456 2710 Et
3524 2643 3844 2709 abundare
3899 2650 3954 2708 te
4005 2645 4198 2725 faciet
4261 2645 4494 2712 Iekova

2547 2730 2729 2796 Deus
2771 2735 2917 2795 tuus
2954 2731 3022 2794 in
3068 2731 3236 2795 omni
3277 2750 3456 2811 opere
3493 2750 3795 2795 manuum
3836 2736 4092 2796 tuarum
4106 2783 4120 2807 ‚
4166 2732 4238 2795 iu
4275 2731 4492 2814 fructu

2547 2817 2777 2881 ventris
2839 2817 2967 2895 tui,
3026 2820 3080 2880 et
3137 2817 3205 2879 in
3258 2816 3474 2898 fructu
3527 2817 3790 2881 iumenti
3843 2818 3968 2897 tui,
4026 2822 4082 2881 et
4147 2818 4216 2882 in
4276 2818 4492 2900 fructu

2546 2907 2750 2967 terrae
2806 2908 2976 2980 tuae,
3036 2902 3107 2966 in
3163 2900 3420 2967 bonum.-
3473 2903 3776 2984 quoniam
3830 2908 4206 2968 convertetur
4262 2904 4493 2971 Iehova

2546 2993 2617 3052 ut
2658 2987 2910 3053 laetetur
2951 3006 3139 3069 super
3173 2993 3231 3052 te
3265 2989 3334 3052 in
3376 2988 3631 3053 bonum.-
3673 2989 4187 3069 quemadmodum
4229 2988 4494 3056 laetatus

2545 3078 2849 3156 estsuper
2870 3077 3094 3154 patres
3124 3076 3277 3139 tuos.
3340 3075 3440 3139 10.
3485 3072 3561 3138 Si
3590 3078 3794 3139 tamen
3825 3073 4128 3140 obedieris
4159 3077 4293 3141 voci
4314 3075 4494 3143 Ieho·

2544 3179 2659 3224 vae
2693 3159 2824 3224 Dei
2867 3160 2978 3237 tui,
3014 3159 3409 3225 custodiendo
3435 3165 3768 3242 praecepta
3803 3161 3955 3235 eius,
3989 3164 4046 3226 et
4082 3165 4317 3226 statuta
4352 3164 4497 3228 eius

2545 3245 2779 3328 scripta
2824 3245 2896 3310 in
2938 3244 3047 3309 hoc
3088 3244 3245 3310 libro
3290 3245 3473 3329 leyis:
3533 3266 3725 3328 quum
3769 3265 4097 3312 conversus
4146 3246 4354 3329 fueris
4405 3249 4496 3314 ad

2548 3329 2842 3396 Iehovam
2875 3329 3082 3396 Deum
3115 3335 3293 3395 tuum
3334 3337 3453 3398 toto
3488 3332 3665 3397 corde
3698 3338 3819 3411 tuo,
3863 3336 3920 3397 et
3949 3336 4073 3397 tota
4106 3333 4326 3399 anima
4359 3339 4494 3400 tua.

2717 3502 2772 3566 1.
2833 3500 2986 3567 Erit
3057 3507 3281 3567 autem.
3371 3500 3568 3582 Quod
3637 3502 3788 3570 alibi
3872 3504 4159 3571 vidimus
4225 3527 4491 3571 rursum

2543 3589 2919 3662 confirmat,
2979 3608 3312 3670 nunquam
3375 3588 3589 3653 Deum
3647 3600 3780 3653 tam
3844 3587 4093 3656 duriter
4149 3591 4490 3657 ecclesiam

2543 3694 2729 3739 suam
2789 3671 3081 3758 affligere
3139 3674 3297 3756 quin
3360 3684 3624 3756 paratus
3682 3676 3768 3739 sit
3812 3676 4026 3741 redire
4061 3678 4130 3741 in
4174 3680 4498 3761 gratiam:

2541 3759 2675 3823 imo
2720 3760 2965 3842 poenis,
3011 3758 3364 3842 quamlibet
3406 3761 3477 3823 in
3514 3762 3793 3843 speciem
3830 3763 4176 3841 atrocibus,
4224 3766 4491 3831 miseros

2544 3846 2655 3929 qui
2714 3866 2784 3910 se
2841 3845 3028 3910 velut
3073 3843 3327 3910 devotis
3381 3845 3618 3912 animis
3671 3847 4062 3931 perdebant,
4125 3849 4204 3913 ad
4268 3852 4490 3932 poeni-

2545 3930 2820 3996 tentiam
2885 3931 3186 4010 invitari,
3257 3941 3332 3996 ut
3394 3932 3652 3997 veniam
3718 3932 4073 4000 obtineant.
4164 3933 4493 4015 Quamvis

2543 4037 2697 4100 ergo
2757 4016 3028 4082 ardente
3086 4016 3373 4082 vindicta
3428 4015 3556 4081 Dei
3616 4017 3903 4102 undique
3960 4041 4030 4086 se
4074 4019 4334 4104 ingerat
4377 4022 4492 4088 de·

2545 4103 2934 4185 sperationis
2993 4103 3292 4183 materia,
3350 4102 3653 4187 colligere
3715 4114 3936 4170 tamen
3996 4107 4249 4172 animos
4307 4107 4493 4174 iubet

2546 4188 2629 4252 ad
2686 4188 2854 4253 bene
2912 4188 3324 4271 sperandum.
3415 4190 3801 4255 Tenendum
3863 4211 4020 4257 vero
4075 4192 4245 4276 quod
4297 4203 4492 4259 antea

2546 4273 2731 4338 docui
2796 4295 2881 4339 ex
2946 4274 3162 4339 verbis
3229 4275 3464 4355 Mosis,
3542 4296 3671 4339 non
3754 4278 4057 4343 omnibus
4122 4282 4490 4361 promiscue

2546 4360 2769 4425 offerri
2832 4360 3458 4426 reconciliationem:
3532 4361 3648 4427 sed
3715 4361 3837 4428 boc
3901 4363 4283 4430 beneficium
4352 4366 4487 4431 sin-

2545 4446 2760 4530 gulari
2813 4445 3156 4530 privilegio
3222 4446 3292 4509 in
3358 4446 3498 4511 sola
3560 4448 3830 4514 ecclesia
3893 4451 4202 4514 residere.
4293 4450 4488 4532 Quod

2544 4534 2742 4596 etiam
2768 4551 2849 4595 ex
2875 4532 3142 4615 speciali
3185 4534 3616 4616 promissione
3660 4534 4025 4617 colligitur:
4072 4535 4374 4602 Visitabo
4416 4538 4487 4601 in

2545 4619 2736 4701 virga
2777 4618 3157 4699 iniquitates
3200 4638 3457 4683 eorum:
3516 4619 4025 4686 misericordiam
4074 4642 4229 4687 vero
4274 4643 4488 4689 meam

2546 4725 2677 4768 non
2721 4703 3013 4767 auferam
3057 4704 3138 4769 ab
3182 4704 3357 4786 ipsis.
3439 4705 3630 4769 Nunc
3675 4727 3829 4771 vero
3875 4707 4072 4771 simul
4116 4707 4487 4774 addendum

2546 4797 2665 4866 est,
2711 4810 2793 4853 ne
2837 4787 3140 4855 omnibus
3184 4789 3442 4873 quidem
3488 4812 3627 4856 esse
3677 4811 4023 4856 commune
4067 4794 4176 4876 qui
4223 4815 4293 4859 se
4337 4815 4488 4878 pro-

2545 4876 2816 4939 fitentur
2859 4874 3164 4941 ecclesiae
3210 4878 3517 4955 membra,
3561 4875 3676 4943 sed
3720 4887 3978 4942 tantum
4026 4880 4107 4942 ad
4153 4880 4486 4946 residuum
4541 4928 4552 4941 .

2544 4981 2786 5037 semen,
2832 4971 2897 5025 et
2926 4982 3084 5044 quas
3121 4962 3368 5028 Paulus
3412 4974 3601 5028 vocat
3637 4964 3891 5046 gratiae
3927 4964 4230 5047 reliquias
4265 4966 4488 5052 (Rom.

2548 5047 2661 5123 11,
2705 5044 2806 5132 5),
2866 5055 3193 5130 spectare:
3254 5047 3613 5132 hypocritis
3665 5048 3871 5125 enim,
3930 5051 4234 5133 quamvis
4278 5052 4488 5118 fideli·

2547 5134 2668 5198 bus
2711 5134 3007 5216 permisti
3050 5144 3225 5211 sunt,
3264 5134 3470 5198 nihilo
3515 5133 3745 5200 utilius
3788 5147 3883 5200 est
3925 5137 3989 5200 in
4035 5138 4313 5202 salutem
4357 5137 4487 5204 Dei

2544 5219 2822 5303 flagellis
2864 5221 3150 5302 percuti,
3198 5239 3391 5303 quam
3436 5222 3784 5288 extraneis.
3876 5221 4097 5302 Quare
4143 5224 4490 5305 promissio

2545 5305 2707 5371 haec
2764 5304 2846 5370 ad
2890 5315 3138 5372 certum
3197 5326 3548 5369 numerum
3614 5305 3947 5391 dirigitur:
4013 5309 4166 5392 quia
4230 5330 4506 5394 semper
