5017 6142
392 476 521 544 349

392 664 702 748 imposita
742 662 918 730 Mosi
962 662 1160 729 fuerit
1203 661 1569 730 communis
1612 660 1835 730 delicti
1891 682 2102 746 poena
2117 711 2132 741 ,
2187 660 2344 728 alibi

391 752 613 819 visum
678 757 799 815 est.
902 746 1220 832 Sequitur
1278 747 1515 816 deinde
1573 747 1932 835 mitigatio,
1989 747 2101 813 ubi
2161 747 2344 813 Deus

392 834 743 904 ascendere
786 834 1005 919 ipsum
1049 834 1233 902 iubet
1272 835 1347 900 in
1397 855 1708 901 cacumen
1764 833 2008 901 montis
2050 833 2343 913 Abarim,

391 922 564 1006 quod
629 920 740 987 hic
803 931 1076 986 vocatur
1130 920 1380 1006 Pisgah
1395 970 1412 1000 ,
1469 920 1625 987 alibi
1679 918 1895 999 Nebo,
1955 926 2031 986 ut
2087 919 2345 985 fruatur

391 1006 826 1073 nihilominus
886 1006 1247 1089 promissae
1311 1011 1530 1072 terrae
1584 1018 1952 1090 conspectu.
2053 1005 2342 1070 Demum

392 1094 632 1160 clarius
675 1092 961 1175 explicat
1002 1113 1122 1159 cur
1163 1091 1548 1160 exhortatus
1601 1091 1798 1158 fuerit
1836 1092 2130 1158 Iosuam:
2191 1091 2345 1174 quia

391 1179 640 1247 scilicet
696 1179 1095 1244 transiturus
1150 1186 1323 1245 esset
1376 1187 1530 1245 ante
1582 1178 1914 1262 populum.
2002 1177 2343 1243 Postremo

391 1286 593 1332 versu
635 1285 857 1331 morae
900 1284 1164 1330 causam
1209 1264 1532 1350 assignat,
1577 1284 1696 1329 cur
1739 1262 1993 1330 tamdiu
2035 1262 2341 1329 substite-

390 1353 531 1418 rint
583 1352 653 1416 in
712 1351 884 1418 valle
943 1371 1108 1434 quae
1161 1351 1531 1436 propinqua
1587 1355 1732 1416 erat
1789 1348 2001 1414 monti
2046 1349 2341 1428 Abarim,

387 1437 657 1522 perinde
692 1436 871 1502 enim
907 1444 1006 1502 est
1038 1456 1113 1501 ac
1148 1437 1204 1502 si
1240 1436 1501 1515 diceret,
1545 1445 1835 1502 retentos
1867 1435 2068 1502 fuisse
2101 1434 2342 1501 iniecta

387 1524 519 1675 Pei
558 1543 788 1602 manu,
843 1543 929 1587 ne
974 1522 1248 1589 ulterius
1293 1530 1673 1607 pergerent,
1722 1519 1928 1589 donec
1971 1519 2343 1587 succederet

424 1630 601 1676 osue.

560 1695 665 1760 21.
724 1692 955 1760 Iebova
1010 1693 1220 1760 iratus
1273 1693 1420 1776 fuit.
1508 1693 1760 1759 Iterum
1815 1692 2049 1773 refert,
2114 1692 2342 1777 populi

388 1781 625 1848 delicto
667 1780 911 1847 factum
953 1799 1118 1861 esse,
1160 1786 1235 1846 ut
1276 1788 1492 1846 terrae
1535 1780 1839 1865 ingressu
1883 1800 2019 1845 non
2053 1780 2337 1845 fruatur:

387 1888 521 1933 non
567 1864 1027 1950 expostulandi
1072 1887 1286 1946 causa,
1333 1887 1409 1934 ae
1450 1866 1663 1932 multo
1706 1865 1957 1946 minus,
2002 1871 2079 1932 nt
2121 1866 2340 1931 Deum

386 1952 799 2020 crudelitatis
843 1952 1209 2032 insimulet,
1274 1973 1348 2019 ao
1391 1953 1448 2019 si
1495 1952 1577 2017 ab
1619 1973 1696 2017 eo
1738 1973 2086 2036 perperam
2130 1959 2196 2017 et
2240 1951 2341 2015 in-

383 2039 561 2105 iuste
606 2038 981 2122 suppositus
1025 2046 1197 2104 esset
1248 2059 1402 2105 reus
1444 2038 1518 2103 in
1573 2037 1854 2104 aliorum
1909 2037 2125 2105 locum
2145 2085 2161 2117 ,
2227 2036 2340 2103 sed

385 2146 517 2209 qno
556 2124 685 2191 Dei
731 2123 1095 2190 bonitatem
1153 2145 1312 2209 erga
1368 2145 1478 2191 eos
1538 2123 1896 2209 amplificet
1951 2124 2340 2208 quibuscum

383 2218 526 2277 tam
569 2208 991 2294 indulgenter
1035 2210 1285 2295 agebat.
1375 2210 1440 2276 N
1440 2209 1682 2276 otanda
1726 2211 1901 2276 enim
1945 2220 2047 2276 est
2088 2230 2341 2293 compa-

385 2298 587 2377 rati0,
646 2295 817 2380 quod
874 2307 1052 2362 terra
1108 2296 1377 2380 potituri
1422 2307 1643 2363 essent
1662 2345 1679 2375 ,
1730 2318 1770 2361 a
1812 2295 1996 2363 cuius
2039 2297 2341 2379 ingressu

383 2383 526 2466 ipse
561 2381 967 2468 prohibetur.
1036 2382 1199 2467 Ege,
1244 2381 1479 2465 inquit,
1517 2383 1760 2449 morior
1796 2383 1867 2448 in
1903 2390 2082 2447 terra
2105 2381 2336 2447 Moab:

386 2469 573 2536 vobis
620 2476 841 2534 autem
888 2466 1082 2533 datur
1123 2466 1528 2534 haereditate
1572 2467 1894 2553 promissa
1933 2468 2046 2533 fui.
2136 2466 2337 2532 Vide-

381 2576 533 2621 mus
590 2575 746 2638 ergo
807 2554 1039 2638 culpae
1096 2555 1602 2638 exprobratione
1658 2554 1753 2621 sic
1798 2575 1908 2619 eos
1965 2553 2210 2638 pungi,
2263 2560 2342 2619 ut

476 2648 586 2706 stu
630 2640 1108 2706 misericordiae
1153 2640 1282 2706 Dei
1326 2640 1654 2708 dulcescat
1697 2640 1909 2706 omnis
1952 2639 2336 2718 amaritudo,

382 2749 516 2793 1mo
575 2734 653 2792 ut
711 2726 1056 2792 dulcedine
1114 2726 1231 2791 illa
1287 2728 1631 2810 rapiantur
1688 2727 1760 2790 in
1820 2726 2336 2805 admirationem,

384 2812 500 2879 ubi
541 2811 926 2895 intelligunt
941 2861 958 2890 ,
1019 2823 1153 2878 tam
1207 2813 1558 2879 clementer
1603 2812 1729 2879 sibi
1774 2811 1996 2878 datam
2040 2832 2182 2877 esse
2225 2833 2337 2878 ve·

381 2898 563 2964 niam
609 2919 776 2982 quae
821 2898 995 2964 Mosi
1038 2909 1280 2983 negata
1324 2899 1465 2965 fuit.
1546 2897 1678 2964 Ubi
1723 2898 2009 2964 reddidi:
2055 2898 2338 2981 Propter

382 2984 588 3052 verba
610 2990 851 3064 vestra,
888 3005 1118 3051 sensus
1140 3005 1281 3051 esse
1303 2991 1553 3069 potest:
1589 2985 1873 3068 Propter
1906 3005 2013 3050 res
2051 3000 2336 3050 vestras:

382 3070 540 3153 quia
583 3083 781 3139 D'Wnff
826 3070 1115 3136 Hebraei
1160 3078 1399 3136 vocant
1440 3072 1724 3156 negotia.
1794 3070 1990 3136 Certe
2036 3069 2339 3154 quamvis

380 3157 807 3223 tumultuosis
866 3177 1094 3221 eorum
1153 3155 1545 3222 clamoribus
1598 3156 1923 3240 impulsus
1989 3155 2189 3222 fuerit
2254 3153 2338 3220 ad

380 3243 787 3327 peccandum
804 3293 821 3323 ,
908 3242 1295 3325 simpliciter
1378 3250 1602 3309 tamen
1691 3243 1877 3310 docet
1959 3262 2030 3307 se
2108 3262 2337 3307 eorum

382 3349 583 3396 causa
626 3349 804 3394 nunc
847 3327 1063 3412 plecti.
1156 3325 1231 3395 Si
1273 3329 1419 3412 quis
1463 3336 1650 3414 roget
1692 3330 1921 3404 curin
1964 3329 2139 3412 ipsos
2182 3327 2338 3393 reii-

381 3416 518 3482 ciat
571 3415 849 3495 crimen,
905 3416 1091 3482 cuius
1148 3421 1409 3481 autores
1466 3435 1707 3499 magna
1762 3439 1844 3482 ex
1902 3423 2089 3498 parte
2144 3422 2337 3479 erant

382 3503 660 3566 mortui:
717 3500 1055 3585 responsio
1099 3500 1169 3565 in
1215 3507 1524 3585 promptu
1566 3510 1695 3579 est,
1763 3499 2073 3584 quosdam
2121 3498 2335 3566 adhuc

377 3587 586 3654 fuisse
629 3587 1043 3670 superstites:
1101 3607 1224 3653 nec
1268 3606 1410 3651 esse
1460 3606 1739 3666 novum,
1799 3587 1967 3652 filios
2026 3604 2174 3650 cum
2219 3605 2334 3669 pa·

378 3674 597 3740 tribus
640 3672 1137 3757 comprehendi,
1195 3673 1308 3739 ubi
1368 3680 1578 3741 totum
1622 3674 1850 3757 populi
1907 3693 2140 3755 corpus
2185 3691 2332 3754 pec·

377 3761 575 3827 cavit.

857 4135 990 4201 EX.
1035 4135 1303 4202 DEUT.
1351 4134 1551 4202 GAP.
1596 4134 1867 4201 XXXI.

560 4357 661 4422 14.
709 4357 798 4423 Et
838 4358 1005 4425 dixit
1048 4356 1279 4422 Iehova
1329 4357 1416 4422 ad
1458 4355 1719 4423 Mosen:
1762 4357 1951 4438 Ecce,
1994 4360 2338 4442 appropin-

380 4449 734 4527 quaverunt
773 4445 909 4509 dies
950 4444 1064 4523 tui,
1106 4449 1176 4508 ut
1214 4444 1553 4509 moriaris.-
1592 4464 1741 4509 voca
1765 4444 2043 4525 Iosuam,
2088 4450 2145 4510 et
2184 4449 2339 4511 state

381 4530 458 4595 in
499 4528 895 4596 tabernaculo
938 4529 1370 4608 conventionis,
1413 4534 1471 4594 et
1504 4531 1905 4612 praecipiam
1947 4532 2022 4596 ei.
2116 4529 2339 4597 Perre-

379 4616 481 4680 xit
523 4635 663 4698 erqo
707 4614 917 4681 Moses
974 4621 1030 4680 et
1071 4614 1298 4692 Iosua‚
1355 4619 1764 4698 steteruntque
1819 4618 1892 4683 iu
1946 4616 2335 4684 tabernaculo

379 4702 816 4768 conventionis.
907 4700 1007 4766 15.
1053 4699 1143 4765 Et
1197 4702 1500 4783 apparuit
1542 4701 1772 4768 Iebova
1814 4702 1885 4767 in
1926 4704 2333 4782 tabernaculo,

379 4788 455 4851 in
478 4786 762 4853 columna
797 4787 997 4867 nubis,
1029 4786 1311 4869 stetitque
1343 4786 1630 4852 columna
1664 4787 1852 4854 nubis
1880 4808 2076 4870 super
2109 4790 2335 4856 ostium

381 4871 790 4939 tabernaculi.
895 4873 995 4938 16.
1052 4871 1142 4937 Et
1196 4873 1362 4938 dixit
1417 4873 1648 4939 Ielzova
1699 4874 1785 4940 ad
1840 4873 2099 4940 Mosen:
2153 4873 2331 4954 Ecce,

382 4963 455 5023 tu
506 4959 898 5025 dormiturus
953 4979 1016 5025 es
1073 4978 1213 5023 cum
1272 4956 1569 5042 pan-ibus
1630 4960 1792 5025 tuis.-
1842 4966 2065 5042 postea
2124 4966 2337 5045 suryet

368 5044 657 5125 populus
690 5045 823 5125 iste,
868 5050 924 5112 et
960 5044 1373 5127 fornicabitur
1393 5050 1542 5128 post
1573 5046 1717 5113 deos
1749 5045 2097 5113 alienorum
2129 5052 2335 5112 terrae

380 5129 471 5194 ad
513 5150 703 5212 quam
733 5132 945 5216 peryit
984 5132 1054 5197 in
1091 5132 1294 5198 medio
1333 5131 1490 5211 eius,
1533 5137 1588 5198 et
1620 5132 2001 5215 derelinquet
2029 5154 2143 5212 me,
2186 5132 2338 5198 irri-

382 5219 637 5299 twnque
710 5216 901 5298 faciet
967 5221 1223 5300 pactum
1285 5238 1491 5284 meum
1552 5220 1717 5301 quod
1767 5220 1990 5303 pepiqi
2048 5238 2189 5285 cum
2252 5240 2334 5285 eo.

383 5301 486 5370 17.
539 5303 764 5386 Itaque
804 5304 1113 5371 irascetur
1152 5303 1363 5371 vultus
1403 5325 1577 5370 meus
1618 5309 1829 5371 contra
1874 5324 2016 5371 eum
2054 5305 2196 5387 ipso
2235 5305 2338 5372 die

383 5409 462 5456 ac
505 5389 932 5473 derelinquam
988 5411 1089 5456 eos
1106 5438 1122 5470 ,
1189 5395 1245 5454 et
1300 5391 1677 5459 abscondam
1729 5391 1958 5473 faciem
2011 5412 2214 5459 meam
2259 5390 2337 5457 ab

1810 471 2218 541 REDITUS
2261 471 2392 539 AD
2437 469 2989 541 HISTORIAM.

4269 482 4400 549 350

2449 660 2569 727 eis.-
2624 664 2678 726 et
2727 666 3153 745 consumetur,
3210 669 3266 729 et
3315 665 3629 733 invenie-nt
3678 687 3819 733 eum
3859 668 4031 734 mala
4071 669 4303 750 multa,
4342 677 4400 737 et

2448 746 2810 830 anqustiae:
2850 747 3121 831 dicetque
3161 747 3233 814 in
3275 750 3377 816 die
3418 750 3561 818 illa.-
3606 753 3832 820 Nonne
3863 760 4196 836 propterea
4238 756 4401 837 quod

2447 851 2571 897 non
2614 836 2704 898 est
2733 830 2916 898 Deus
2955 854 3132 901 meus
3171 836 3243 900 in
3285 837 3487 903 medio
3528 840 3654 905 mei
3696 840 4065 907 invenerunt
4095 860 4191 907 me
4223 842 4398 909 mala

2447 917 2648 983 haec?
2707 919 2836 1017 .18.
2862 1005 2876 1018 ·
2892 917 3031 1004 qu
3084 940 3229 987 vero
3282 920 3704 990 abscondendo
3759 925 4130 993 abscondam
4167 928 4399 1009 faciem

2447 1023 2652 1069 meam
2692 1024 2765 1069 m
2805 1005 2910 1070 die
2949 1006 3066 1071 illa
3081 1056 3097 1084 ,
3143 1012 3402 1090 propter
3459 1028 3635 1075 omne
3672 1011 3911 1077 malum
3952 1014 4115 1094 quod
4165 1013 4398 1096 fecerit,

2447 1091 2612 1172 quod
2653 1092 3012 1156 converterit
3051 1112 3117 1156 se
3157 1092 3245 1158 ad
3285 1092 3429 1159 deos
3469 1094 3721 1162 alienos.
3813 1097 3912 1163 19.
3958 1097 4148 1164 Nunc
4188 1100 4400 1182 itaque

2446 1174 2694 1241 scribite
2733 1176 2905 1242 vobis
2945 1178 3254 1244 canticum
3294 1179 3484 1258 istud,
3529 1186 3586 1246 et
3625 1182 3768 1248 doce
3802 1181 3963 1248 illud
3991 1183 4164 1265 filios
4188 1184 4399 1251 Israe-

2450 1262 2568 1361 lis:
2610 1280 2776 1361 pone
2830 1262 2996 1328 illud
3037 1264 3108 1328 in
3165 1283 3268 1330 ore
3311 1285 3552 1347 eorum,
3614 1272 3684 1332 ut
3738 1269 3824 1334 sit
3876 1267 4036 1335 mihi
4090 1272 4398 1338 canticum

2445 1347 2620 1413 istud
2660 1368 2733 1413 m
2774 1351 2978 1413 testem
3019 1353 3233 1416 contra
3268 1350 3439 1432 filios
3474 1353 3760 1419 Israelis.
3838 1355 3944 1420 20.
3990 1356 4397 1423 Introducam

2445 1435 2613 1499 enim
2653 1453 2796 1498 eum
2837 1434 2908 1499 in
2939 1439 3171 1501 terram
3203 1456 3393 1519 quam
3425 1438 3643 1504 iuravi
3671 1440 3968 1521 patribus
4000 1442 4165 1519 eius,
4201 1444 4397 1522 fluen-

2445 1524 2570 1584 tem
2613 1519 2766 1585 lacte
2805 1523 2863 1586 et
2901 1520 3110 1587 melle:
3162 1523 3424 1599 comedet
3464 1529 3667 1590 autem
3711 1530 3766 1591 et
3805 1527 4219 1605 saturabitur,
4282 1530 4398 1593 im-

2433 1604 2895 1689 pinyuabitque
2935 1628 3035 1672 se:
3090 1611 3237 1673 tunc
3278 1615 3572 1675 convertet
3612 1631 3678 1676 se
3717 1613 3805 1677 ad
3845 1614 3991 1679 deos
4029 1612 4295 1693 alienos,
4342 1620 4399 1680 et

2444 1690 2634 1757 colent
2667 1712 2790 1771 eos,
2835 1692 3325 1774 vilipendentque
3360 1717 3474 1773 me,
3511 1701 3565 1761 et
3599 1697 3855 1762 irritum
3885 1699 4116 1782 facient
4135 1704 4397 1780 pactum

2443 1796 2669 1843 meum.
2758 1778 2862 1842 21.
2927 1779 3133 1860 Quum
3185 1785 3394 1845 autem
3448 1784 3794 1848 invenerint
3850 1804 3988 1849 eum
4043 1786 4216 1851 mala
4245 1786 4397 1868 plu-

2443 1864 2634 1943 rinm,
2675 1867 2731 1929 et
2772 1865 3116 1947 anqustiae,
3160 1870 3302 1931 tunc
3343 1868 3726 1950 respondebit
3766 1872 4072 1936 canticum
4115 1871 4285 1936 istud
4325 1872 4397 1936 in

2444 1954 2764 2030 conspectu
2808 1952 2946 2015 eius
2987 1952 3057 2015 in
3100 1955 3339 2018 testem:
3388 1973 3516 2019 non
3567 1955 3733 2019 enim
3777 1954 4071 2021 oblivioni
4113 1958 4396 2023 tradetur

2443 2035 2524 2100 ab
2568 2055 2670 2101 ore
2711 2037 2973 2102 seminis
3013 2037 3168 2116 eius,
3204 2038 3351 2103 novi
3393 2042 3557 2105 enim
3598 2040 3916 2124 inqenium
3957 2043 4109 2123 eius,
4154 2048 4211 2108 et
4241 2043 4398 2126 quid

2442 2122 2582 2204 ipse
2654 2122 2854 2205 faciat
2929 2122 3106 2189 hodie
3182 2128 3512 2206 antequam
3579 2127 4033 2193 introduxerim
4112 2149 4249 2195 eum
4327 2130 4397 2193 in

2444 2211 2677 2273 terram
2739 2209 2815 2274 de
2879 2220 3018 2290 qua
3068 2210 3300 2275 iuravi.
3401 2211 3504 2276 22.
3578 2211 3851 2293 Scripsit
3913 2215 4119 2297 itaque
4188 2213 4398 2280 Moses

2443 2295 2756 2360 canticum
2791 2295 2965 2362 istud
3007 2316 3073 2361 eo
3114 2296 3217 2361 die
3232 2345 3247 2375 ,
3292 2300 3351 2360 et
3389 2298 3594 2363 docuit
3626 2297 3786 2362 illud
3824 2298 3993 2379 filios
4038 2300 4324 2366 Israelis.

2620 2466 2718 2531 14.
2779 2465 2868 2531 Et
2923 2467 3088 2532 dixit
3142 2466 3375 2533 Iehova
3439 2468 3526 2534 ad
3581 2467 3821 2535 Mosen.
3925 2469 4068 2535 Iam
4139 2470 4395 2537 solenni

2443 2551 2577 2616 ritu
2635 2553 2958 2618 sufficitur
3002 2553 3195 2619 Iosua
3252 2553 3320 2619 in
3377 2554 3589 2620 locum
3635 2554 3877 2621 Mosis:
3937 2576 4074 2621 non
4135 2566 4393 2623 tantum

2444 2658 2572 2720 quo
2618 2640 2907 2705 sanctior
2948 2639 3035 2703 sit
3078 2639 3249 2721 apud
3289 2639 3619 2720 homines,
3688 2662 3762 2707 ac
3797 2642 3948 2725 plus
3985 2643 4393 2707 venerationi

2442 2722 2767 2805 obtineat,
2832 2724 2946 2790 sed
3009 2724 3210 2790 etiam
3253 2738 3328 2789 ut
3369 2747 3592 2792 coram
3635 2727 3780 2794 Deo
3837 2728 4136 2807 sistatur,
4197 2735 4394 2810 atque

2442 2809 2538 2874 ita
2582 2820 2890 2894 agnoscat
2933 2811 3075 2878 eius
3118 2812 3391 2895 imperio
3435 2833 3505 2877 se
3548 2811 3898 2879 addictum.
3989 2813 4162 2878 Nam
4222 2811 4392 2897 quod

2443 2893 2760 2962 adductus
2828 2908 2927 2962 est
2993 2895 3077 2961 ad
3140 2898 3380 2963 ostium
3447 2897 3877 2977 tabernaculi,
3957 2900 4204 2984 species
4268 2898 4394 2965 fuit

2442 2982 2981 3049 consecrationis:
3017 2992 3083 3048 et
3105 2983 3292 3049 Deus
3315 2986 3513 3049 etiam
3546 2985 3941 3067 pronunciat
3973 3006 4044 3051 se
4081 2982 4390 3051 daturum

2441 3068 2785 3134 mandata:
2851 3067 3022 3152 quod
3090 3069 3478 3135 tantundem
3534 3070 3715 3136 valet
3772 3079 3965 3154 atque
4020 3071 4235 3154 ipsum
4289 3072 4391 3136 in·

2442 3164 2695 3220 struere
2740 3154 2823 3220 ad
2867 3154 3329 3238 peragendum.
3359 3177 3548 3222 suum
3595 3178 3858 3222 munuS.
3926 3156 4123 3239 Quod
4169 3168 4391 3222 autem

2441 3242 2749 3324 apparuit
2784 3241 2910 3306 Dei
2945 3240 3154 3325 gloria
3189 3241 3259 3306 in
3294 3242 3489 3321 nube,
3534 3240 3599 3306 id
3643 3263 3773 3307 non
3820 3243 4038 3309 minus
4081 3244 4390 3326 privatim

2441 3325 2522 3392 ad
2590 3326 3108 3394 confirmandum
3178 3328 3320 3393 eius
3389 3327 3679 3393 animum
3752 3328 3961 3394 valuit
4017 3350 4212 3413 quam
4270 3351 4388 3412 pu·

2440 3413 2611 3480 blice
2656 3412 2738 3476 ad
2785 3411 3173 3498 dignitatem
3239 3414 3383 3478 eius
3446 3412 3829 3479 ornandam.
3926 3414 4153 3497 Neque
4212 3414 4391 3479 enim

2440 3520 2736 3583 unquam
2781 3499 3103 3566 admissus
3146 3498 3377 3565 fuisset
3412 3499 3617 3566 Mosis
3660 3520 4011 3578 successor,
4058 3501 4186 3566 nisi
4230 3499 4392 3575 haec

2438 3585 2721 3651 visibilis
2799 3585 2926 3650 Dei
3011 3585 3487 3651 commendatio
3565 3586 3788 3670 iugum
3867 3585 4105 3670 populo
4183 3587 4389 3670 impo-

2439 3673 2698 3738 suisset.

2617 3758 2716 3822 16.
2760 3755 2934 3838 Ecce,
2977 3761 3046 3822 tu
3077 3757 3480 3824 domtiturus.
3547 3756 3698 3839 Quo
3737 3755 4074 3824 ardentius
4118 3764 4390 3824 conetur

2441 3844 2666 3911 Moses
2709 3844 2991 3910 retinere
3033 3843 3350 3929 populum
3395 3843 3463 3908 in
3508 3841 3638 3909 Dei
3683 3843 4025 3927 obsequio,
4080 3843 4160 3909 de
4204 3843 4389 3908 indo-

2439 3930 2606 3996 mita
2669 3929 2847 3996 illius
2923 3930 3333 3997 contumacia
3398 3938 3730 3995 monetur:
3814 3929 3988 3996 Satis
4065 3949 4389 4013 superque

2439 4038 2638 4101 quam
2681 4015 2902 4100 pravis
2940 4027 3008 4081 et
3040 4015 3424 4100 praefractis
3459 4015 3742 4100 ingeniis
3776 4023 3995 4081 essent
4027 4014 4387 4094 Israelitae,

2440 4123 2766 4187 quamque
2809 4102 3214 4188 immorigeri
3258 4108 3325 4168 et
3369 4112 3785 4168 contumaces
3805 4154 3820 4180 ,
3867 4101 4119 4185 pridem
4165 4122 4393 4185 exper-

2441 4197 2548 4255 tus
2616 4196 2776 4254 erat.
2879 4188 3072 4254 Nunc
3137 4187 3526 4271 pronunciat
3583 4188 3769 4253 Deus
3826 4187 4033 4253 nihilo
4086 4188 4392 4253 meliores

2439 4274 2578 4342 fore
2613 4283 2761 4358 post
2790 4275 2932 4340 cius
2961 4283 3271 4340 mortem:
3320 4274 3452 4339 imo
3489 4272 3637 4356 plus
3672 4273 3975 4339 licentiae
4012 4281 4389 4358 sumpturos

2440 4384 2526 4428 ex
2568 4361 2712 4426 eius
2756 4360 3068 4426 absentia.
3158 4358 3441 4424 Videtur
3498 4359 3673 4424 enim
3730 4360 3995 4425 subesse
4039 4359 4389 4425 antithesis

2437 4448 2615 4512 inter
2660 4446 2788 4512 duo
2833 4444 3062 4513 verba:
3109 4444 3415 4511 Cubandi
3449 4453 3516 4511 et
3539 4443 3891 4529 Surgendi,
3937 4465 4012 4510 ac
4045 4447 4102 4510 si
4141 4444 4388 4512 dictum

2440 4542 2648 4600 esset:
2692 4533 2800 4598 Ex
2845 4553 2972 4616 quo
3016 4531 3446 4598 obdormieris
3504 4539 3891 4615 prorumpet
3932 4552 4155 4596 eorum
4201 4540 4389 4615 petu-

2437 4620 2667 4700 lantia,
2711 4638 2786 4684 ac
2831 4620 2887 4685 si
2929 4615 3182 4702 legibus
3226 4617 3418 4684 soluti
3455 4626 3696 4685 essent:
3747 4639 3877 4683 non
3913 4616 4084 4701 quod
4120 4622 4389 4699 repente

2439 4706 2506 4772 id
2550 4705 2932 4789 contigerit:
2993 4704 3143 4787 quia
3201 4702 3321 4770 sub
3365 4703 3558 4769 Iosue
3613 4703 3856 4787 aliquid
3916 4703 4270 4770 modestiae
4323 4710 4390 4765 et

2440 4790 2792 4858 docilitatis
2857 4811 3013 4873 prae
3080 4811 3151 4855 se
3229 4790 3563 4855 tulerunt:
3644 4789 3878 4857 saltem
3959 4798 4116 4854 tunc
4181 4787 4392 4871 viguit

2440 4876 2727 4944 exterior
2769 4896 2974 4961 purae
3018 4874 3352 4960 religionis
3396 4877 3642 4942 forma:
3709 4876 3822 4942 sed
3883 4874 4074 4958 paulo
4116 4883 4264 4956 post
4308 4872 4390 4937 ad

2439 4984 2594 5031 suos
2637 4983 2850 5028 mores
2893 4960 3131 5044 relapsi
3177 4970 3351 5028 sunt.
3440 4962 3534 5027 Et
3585 4962 3754 5027 forte
3811 4960 3973 5027 utile
4029 4957 4390 5025 remedium

2437 5049 2566 5115 fuit
2607 5049 2771 5115 haec
2814 5047 3199 5127 admonitio,
3258 5068 3343 5112 ne
3387 5053 3525 5113 tam
3568 5047 3698 5113 cito
3740 5044 4109 5113 deficerent.
4196 5044 4391 5111 Nunc

2438 5143 2781 5219 postquam
2840 5142 3141 5199 tenemus
3200 5133 3546 5200 consilium
3603 5130 3765 5211 Dei,
3832 5130 4034 5197 verba
4100 5131 4391 5197 breviter

2439 5221 2808 5305 expendere
2851 5220 3180 5287 convenit.
3270 5219 3492 5302 Quum
3539 5217 3711 5283 Mosi
3755 5218 4024 5283 dicitur:
4085 5215 4392 5284 Dormies

2439 5329 2592 5375 cum
2638 5305 2965 5391 patribus,
3027 5308 3314 5390 primum
3377 5304 3770 5388 exprimitur
3811 5303 4072 5388 generis
4115 5301 4389 5368 humani

2439 5393 2764 5473 conditio,
2830 5391 2914 5458 'ne
2982 5393 3219 5458 durum
3283 5392 3371 5458 sit
3413 5390 3586 5457 Mosi
3651 5398 3796 5473 post
3850 5388 4012 5454 alios
4069 5409 4296 5455 omnes
4354 5409 4389 5452 e
