5017 6142
573 438 701 507 543

574 637 700 694 tus.
787 624 997 692 Filios
1063 633 1281 690 autem
1345 621 1650 689 Issachar
1729 628 2070 688 contentos
2136 623 2339 689 fuisse
2405 642 2525 688 suo

573 720 924 801 proventu,
998 718 1064 776 et
1126 710 1400 787 finctus,
1466 728 1628 792 quos
1685 718 2111 792 perceperant
2178 730 2260 775 ex
2303 708 2526 775 labore

573 820 693 867 suo
753 807 818 865 et
897 797 1186 875 cultura,
1273 793 1450 860 domi
1524 793 1896 860 comedisse.
1986 792 2121 877 Qui
2186 794 2523 880 regionum

574 886 842 952 illarum
886 883 1085 969 periti
1128 880 1626 962 existimantur,
1693 889 1998 946 asserunt
2040 903 2270 966 agrum
2317 880 2527 945 tribus

573 972 744 1038 Aser
798 970 998 1036 fuisse
1064 966 1599 1033 frumentarium:
1676 965 1846 1050 quod
1902 966 2148 1049 optimo
2205 986 2528 1033 consensu

576 1069 770 1141 atque
833 1056 1078 1140 optimo
1143 1064 1460 1119 concentu
1527 1052 1876 1136 respondet
1940 1052 2247 1118 vaticinio
2312 1051 2525 1118 Iacob.

575 1143 767 1228 Quod
829 1141 1092 1208 nonnisi
1164 1140 1442 1224 exiguus
1516 1139 1775 1204 urbium
1849 1158 2159 1204 numerus
2218 1139 2527 1221 exprimi-

576 1240 708 1309 tur,
773 1228 928 1294 hinc
973 1246 1240 1292 rursum
1288 1223 1606 1290 coniicere
1653 1223 1807 1288 licet
1842 1223 2087 1289 multas
2127 1233 2286 1290 tunc
2328 1223 2529 1289 fuisse

576 1317 806 1382 ruinas
865 1334 1030 1398 quae
1085 1332 1218 1377 non
1280 1309 1581 1377 venirent
1623 1309 1694 1374 in
1741 1309 2091 1390 rationem,
2158 1317 2226 1375 et
2269 1331 2352 1375 ex
2397 1328 2528 1393 quo

572 1400 853 1487 populus
895 1397 1230 1466 commode
1264 1395 1611 1473 habitavit,
1655 1403 2024 1462 exstructas
2055 1397 2254 1461 fuisse
2289 1394 2529 1461 multas

574 1487 788 1566 urbes,
811 1486 1043 1569 quibus
1065 1492 1308 1549 terram
1331 1482 1531 1548 fuisse
1554 1490 1854 1546 ornatam
1878 1502 1960 1546 ex
1985 1483 2129 1547 aliis
2150 1481 2309 1547 locis
2330 1487 2529 1565 patet.

571 1574 666 1640 Et
703 1580 879 1638 certe
921 1583 1210 1654 apparet,
1255 1587 1580 1634 summam
1624 1567 1968 1633 divisionis
2005 1568 2296 1634 breviter
2329 1568 2528 1632 fuisse

572 1659 986 1744 perstrictam
1048 1662 1242 1738 atque
1286 1655 1379 1718 ita
1415 1653 1625 1719 multa
1667 1655 2154 1736 praetermissa,
2215 1675 2380 1737 quae
2424 1653 2526 1717 in-

574 1744 902 1829 vestigare
961 1740 1149 1808 nulla
1214 1739 1443 1823 religio
1509 1746 1715 1816 vetat,
1788 1738 1981 1805 modo
2034 1761 2119 1806 ne
2185 1740 2530 1805 curiositas

572 1831 712 1897 sine
761 1831 979 1895 fructu
1043 1825 1319 1892 molesta
1381 1826 1486 1891 sit.
1564 1816 1770 1890 'Certe
1837 1825 2078 1907 quibus
2122 1825 2229 1892 hic
2285 1823 2528 1910 viginti

571 1915 768 1983 urbes
822 1914 925 1981 vel
988 1911 1427 1996 septendecim
1484 1911 1894 1992 tribuuntur,
1958 1911 2160 1977 latius
2211 1911 2528 1977 dominati

569 2008 744 2070 sunt.
832 2000 930 2066 Er
976 2020 1013 2064 o
1059 1995 1514 2081 compendium
1557 1994 1897 2063 divisionis
1932 2004 2186 2063 tantum
2227 1996 2334 2062 hic
2376 2016 2527 2062 nar-

568 2096 777 2167 ratur,
821 2107 909 2169 qu
976 2106 1012 2150 e
1046 2095 1381 2167 sumptum
1409 2082 1538 2148 fuit
1560 2103 1642 2148 cx
1672 2083 2101 2149 tumultuario
2135 2083 2527 2150 nunciorum

572 2171 1058 2241 commentario.

742 2343 847 2409 32.
923 2341 1121 2409 Filiis
1177 2338 1520 2422 Nephthali
1595 2340 1789 2405 exivit
1863 2361 2002 2407 sors
2080 2345 2260 2407 sexta
2273 2390 2289 2419 ,
2365 2339 2528 2421 filiis

574 2432 866 2514 inquam,
915 2425 1288 2510 Nephthali‚
1339 2446 1464 2507 per
1501 2425 1794 2507 familias
1833 2447 2006 2493 suas.
2091 2426 2194 2492 33.
2252 2425 2529 2507 Fuitque

573 2516 872 2582 terminus
913 2533 1124 2579 eorum
1166 2512 1245 2578 ab
1280 2510 1541 2595 Heleph,
1583 2516 1638 2576 et
1680 2513 1758 2578 ab
1793 2511 1962 2579 Elon
1996 2514 2067 2578 in
2107 2511 2527 2593 Saanannim,

569 2608 627 2669 et
668 2601 928 2681 Adami,
967 2597 1201 2681 Nocet,
1257 2602 1317 2663 et
1355 2596 1632 2677 Iabneel,
1692 2618 1887 2680 usque
1928 2600 2014 2666 ad
2056 2598 2294 2664 laemn:
2351 2602 2526 2665 sunt-

570 2708 687 2770 que
742 2687 945 2753 exitus
997 2686 1137 2751 eius
1170 2683 1256 2750 ad
1299 2681 1653 2749 Iordanem.
1742 2683 1847 2749 34.
1918 2683 2143 2750 Postea
2194 2684 2527 2750 revertitur

568 2773 874 2840 terminus
917 2771 1004 2837 ad
1045 2790 1220 2837 mare
1277 2769 1364 2835 ad
1406 2767 1653 2835 Aenoth
1668 2804 1696 2817 -
1710 2768 1956 2835 thabor.-
2017 2773 2075 2837 et
2120 2769 2528 2855 proyreditur

569 2860 748 2929 illinc
792 2859 864 2923 in
908 2854 1167 2936 Huc-ooo,
1209 2860 1266 2921 et
1295 2854 1585 2938 pervenit
1623 2855 1708 2920 ad
1752 2854 2037 2922 Zabulon
2069 2876 2112 2921 a
2154 2855 2433 2933 meridie,
2471 2859 2529 2921 et

569 2942 1184 3025 adAserpervenit
1236 2941 1315 3007 ab
1370 2941 1699 3020 occidente,
1766 2939 2528 3008 etadIelmdainIor-

572 3031 829 3108 daneon,
887 3029 974 3096 ad
1015 3033 1216 3094 ortum
1249 3026 1421 3093 solis.
1510 3025 1613 3092 35.
1679 3025 1768 3092 Et
1808 3027 1991 3094 wrbes
2032 3028 2340 3102 munitae,
2382 3026 2530 3093 Sid-

571 3117 725 3198 dim,
754 3114 891 3200 Ser,
935 3119 992 3181 et
1014 3111 1381 3193 Hammath,
1422 3111 1716 3189 Racoath‚
1751 3117 1809 3179 et
1845 3111 2233 3180 Chinnereth.
2300 3113 2402 3178 36.
2440 3111 2530 3178 Et

573 3201 890 3280 Adamah,
936 3205 993 3267 et
1030 3198 1300 3280 Ramah,
1345 3203 1402 3264 et
1445 3197 1680 3265 Hasor.
1769 3199 1871 3265 37.
1919 3198 2009 3265 Et
2055 3198 2263 3278 Gedes,
2300 3204 2359 3264 et
2401 3198 2530 3264 He-

572 3289 730 3369 drei,
771 3293 829 3354 et
868 3286 978 3352 En
1021 3285 1253 3352 Hasor.
1342 3284 1447 3351 38.
1511 3283 1601 3349 Et
1644 3285 1817 3365 Iron,
1874 3291 1934 3350 et
1975 3284 2337 3370 Miydal-el,
2395 3284 2529 3349 Ho-

571 3393 718 3458 ren,
761 3378 818 3440 et
858 3371 1267 3450 Beth-anath,
1311 3375 1367 3436 et
1410 3370 1822 3437 Beth-semes.-
1875 3372 2061 3437 nrbes
2115 3371 2530 3451 novendecim,

573 3465 629 3525 et
671 3459 862 3526 villae
905 3477 1141 3523 earum.
1231 3456 1333 3522 39.
1395 3455 1569 3522 Haec
1611 3461 1700 3522 est
1749 3456 2100 3528 haereditas
2137 3458 2340 3523 tribus
2369 3456 2532 3538 filio-

572 3565 720 3611 rum
765 3542 1110 3628 Nepbthali
1139 3563 1261 3625 per
1297 3542 1590 3624 familias
1628 3561 1803 3623 suas,
1845 3542 2029 3609 urbes
2067 3545 2226 3608 istae
2258 3548 2317 3610 et
2342 3543 2534 3610 villae

575 3650 817 3698 earam.
906 3629 1010 3694 40.
1084 3627 1319 3693 Tribus
1371 3628 1650 3710 filioram
1691 3626 1848 3694 Dan
1878 3650 2003 3712 per
2039 3628 2334 3711 familias
2374 3649 2532 3695 suas

574 3716 773 3782 exivit
826 3734 966 3781 sors
1019 3714 1298 3797 septima.
1387 3713 1491 3778 41.
1560 3712 1834 3797 Fuitque
1895 3715 2200 3781 terminus
2254 3714 2535 3782 haeredi»

573 3802 726 3868 tatis
765 3821 1012 3881 oomni,-
1058 3799 1289 3879 Sor-ab,
1334 3803 1393 3864 et
1435 3798 1733 3881 Estbaol,
1791 3804 1850 3866 et
1883 3801 2199 3882 Ir-semes,
2280 3800 2386 3867 42.
2441 3798 2533 3865 Et

577 3884 1807 3964 SaalabbiaenetAialon,et1thlah.
1895 3885 2533 3967 43.EtElon,et

581 3970 1021 4053 maranatha&
1063 3975 1120 4037 et
1161 3970 1388 4051 Eeron,
1466 3970 1573 4037 44.
1628 3970 1717 4036 Et
1760 3971 2029 4052 Euboea
2074 3976 2130 4038 et
2177 3971 2527 4051 Gibbethon‚

572 4065 629 4127 et
671 4057 970 4137 Baalath,
1054 4057 1159 4123 45.
1204 4056 1294 4121 Et
1337 4055 1570 4138 Iehud,
1635 4062 1693 4124 et
1740 4057 2154 4137 Bene-berae,
2214 4062 2271 4123 et
2331 4058 2529 4124 Gath-

571 4146 795 4212 rimon.
874 4144 978 4209 46.
1026 4143 1115 4209 Et
1159 4142 1608 4224 Mehaiarcon,
1674 4149 1732 4210 et
1773 4143 2029 4210 Raeoon
2077 4164 2220 4210 cum
2261 4145 2528 4210 termino

571 4236 784 4299 eontra
828 4228 1052 4313 Iapho.
1140 4228 1245 4295 47.
1328 4228 1416 4294 Et
1471 4230 1665 4296 exivit
1704 4230 2011 4296 terminus
2048 4229 2333 4312 filiorum
2374 4228 2531 4296 Dan

573 4317 653 4384 ab
697 4317 809 4396 eis,
855 4316 1377 4398 ascenderuntque
1412 4315 1547 4397 filii
1591 4315 1764 4397 Dan,
1822 4320 1881 4382 et
1908 4320 2349 4400 puynaverunt
2389 4334 2533 4381 owm

575 4404 797 4469 Lesem
810 4452 826 4482 ‚
891 4406 1295 4484 asperumque
1348 4421 1486 4466 eam
1503 4452 1519 4481 ,
1585 4420 1662 4468 ao
1706 4406 2157 4485 percusserunt
2210 4422 2347 4466 eam
2399 4402 2533 4468 acie

569 4489 806 4575 gladii,
850 4492 907 4552 et
940 4487 1320 4554 haereditate
1356 4492 1720 4570 acceperunt
1761 4507 1932 4567 eam,
1978 4485 2532 4570 habitaveruntque

573 4577 647 4642 in
693 4595 802 4641 ea.-
862 4577 919 4639 et
977 4576 1342 4640 vocaverunt
1395 4572 1617 4637 Lesem
1672 4571 1829 4639 Dan
1844 4624 1859 4654 ,
1923 4573 2261 4640 secundum
2313 4594 2532 4640 nomen

573 4661 733 4727 Dan
785 4660 1004 4741 patris
1066 4660 1190 4724 sui.
1310 4658 1414 4723 48.
1484 4657 1661 4724 Haeo
1737 4665 1829 4726 est
1904 4658 2259 4726 haereditas
2322 4659 2529 4726 tribus

569 4746 851 4830 filiorum
909 4744 1067 4811 Dan
1115 4763 1238 4826 per
1288 4744 1583 4827 familias
1638 4764 1827 4825 suas,
1892 4746 2171 4812 civitates
2217 4746 2408 4830 istae,
2474 4750 2531 4811 et

571 4832 759 4899 villae
814 4851 1050 4898 earum.
1139 4828 1243 4894 49.
1319 4829 1526 4911 Quum
1574 4835 1781 4897 autem
1817 4831 2007 4913 linem
2052 4831 2341 4914 fecissent
2372 4852 2531 4913 par-

496 4961 500 4965 ·
572 4918 769 4985 tiendi
811 4922 1041 4983 terram
1084 4921 1154 4981 ut
1185 4915 1575 4998 possiderent
1617 4915 1858 5001 sinyuli
1891 4918 2185 4984 termtnos
2216 4937 2383 5000 suos,
2423 4918 2528 4984 de·

573 5005 797 5070 derunt
845 5003 974 5085 filii
1016 5001 1230 5069 Israel
1284 5000 1727 5068 haereditatem
1785 5004 1915 5086 ipsi
1958 5005 2147 5071 Iosue
2185 5003 2321 5085 filio
2370 5003 2532 5069 Nun

574 5092 646 5157 in
718 5089 922 5155 medio
1015 5089 1137 5154 sui.
1247 5085 1351 5153 50.
1435 5085 1788 5155 Secundum
1862 5110 2201 5156 sermonem
2264 5089 2531 5155 Iehovae

573 5177 873 5243 dederunt
949 5174 1009 5239 ei
1082 5173 1298 5240 nrbem
1374 5190 1565 5256 quam
1629 5175 1872 5257 petivit,
1978 5175 2528 5241 Thimnatb-serab

575 5262 648 5328 in
688 5265 888 5328 monte
928 5259 1276 5342 Ephraim,
1334 5264 1389 5325 et
1429 5259 1780 5341 aedificavit
1819 5259 2064 5341 wrbem,
2108 5261 2528 5344 habitavitque

577 5348 645 5412 in
688 5369 778 5414 ea.
869 5345 970 5411 51.
1041 5346 1211 5412 Istae
1262 5351 1412 5412 sunt
1464 5345 1872 5413 haereditates
1913 5366 2077 5431 quas
2132 5347 2529 5416 tradiderunt

1609 433 2355 502 COMMENTARIUS
2396 434 2494 499 IN
2542 432 2841 501 IOSUE.
2931 432 3253 501 CAPUT.
3295 431 3489 499 XIX.
3617 470 3620 475 -

4453 430 4579 496 544

2622 622 3036 706 possidendas
3075 616 3358 688 Eleazar
3389 619 3702 699 sacerdos,
3749 624 3805 685 et
3848 620 4036 685 Iosue
4072 620 4249 703 silius
4288 619 4478 696 Nun,
4523 626 4580 685 et

2614 708 2944 791 principes
2976 713 3244 789 patrum
3299 706 3575 773 tribuum
3621 706 3909 787 filiorum
3951 705 4166 773 Israel
4193 726 4316 787 per
4357 711 4574 772 sortem

2624 796 2696 860 in
2741 792 2873 860 Silo
2914 814 3122 859 coram
3164 792 3385 860 Iehove
3425 793 3510 859 ad
3549 794 3776 859 ostium
3831 790 4213 858 tabernaculi
4251 793 4578 859 conventio-

2627 881 2748 961 nis,
2790 885 2846 946 et
2882 880 3069 962 finem
3107 879 3387 963 fecerunt
3427 876 3750 945 dividendi
3783 881 4033 944 terram.

2800 1050 2994 1117 Nunc
3044 1050 3123 1116 de
3183 1061 3357 1118 sorte
3403 1048 3800 1134 Nephthali,
3868 1068 4037 1133 quae
4102 1048 4368 1115 videtur
4425 1068 4575 1115 con·

2630 1157 2866 1219 gruere
2931 1137 3198 1221 ingenio
3264 1145 3330 1203 et
3393 1136 3685 1204 moribus
3751 1133 3929 1199 illius
3995 1135 4308 1200 familiae:
4383 1133 4580 1201 Iacob

2630 1223 2805 1289 enim
2851 1233 3131 1288 testatus
3173 1221 3391 1289 fuerat
3433 1227 3810 1288 mansuetos
3853 1220 4011 1299 fore,
4056 1230 4126 1286 et
4167 1220 4280 1305 qui
4324 1219 4579 1286 blandis

2628 1308 3037 1375 sermonibus
3086 1308 3333 1375 vicinos
3387 1308 3755 1374 mulcerent
3797 1303 3996 1392 (Gen.
4040 1306 4159 1390 49,
4219 1305 4347 1392 21).
4435 1306 4581 1373 Hac

2630 1394 2883 1460 ratione
2939 1392 3248 1460 videntur
3303 1394 3593 1479 contigui
3636 1392 3718 1459 ab
3762 1412 3895 1457 una
3949 1402 4138 1477 parte
4180 1392 4383 1458 fuisse
4426 1391 4581 1459 filiis

2631 1480 2830 1546 Iuda:
2911 1480 3065 1546 alibi
3131 1490 3349 1545 autem
3413 1480 3611 1547 cincti
3678 1477 3880 1545 fuisse
3955 1479 4235 1544 fratrum
4311 1499 4580 1545 suorum

2630 1565 2990 1651 praesidiis.
3079 1565 3274 1631 Certe
3327 1587 3530 1649 quum
3591 1564 3829 1632 dicitur
3882 1562 4086 1630 tribus
4131 1563 4284 1630 Dan
4329 1585 4579 1649 expug-

2631 1673 2824 1719 nasse
2867 1652 3117 1730 Lesen,
3186 1650 3448 1718 videtur
3505 1652 3700 1717 tacita
3741 1648 3881 1714 fieri
3924 1650 4347 1734 comparatio,
4410 1649 4581 1734 quod

2629 1738 2751 1803 filii
2815 1738 2880 1802 N
2883 1737 3207 1821 ephthali,
3291 1757 3421 1803 non
3486 1736 3844 1820 irruperint
3922 1743 4178 1802 armata
4248 1755 4448 1802 manu
4512 1736 4580 1802 in

2631 1845 2819 1890 suam
2871 1822 3377 1888 haereditatem:
3445 1823 3560 1889 sed
3604 1820 3854 1905 placide
3896 1843 3967 1888 se
4015 1823 4464 1889 continuerint
4509 1823 4582 1887 in

2632 1910 2880 1976 ditione
2921 1920 3143 1993 pacat:
3196 1918 3391 1993 atque
3434 1910 3526 1974 ita
3569 1909 3689 1974 sub
3735 1905 3864 1974 fide
3921 1915 3987 1973 et
4044 1909 4231 1991 quasi
4274 1906 4582 1974 clientela

2632 1995 2838 2061 tribus
2873 1994 3040 2061 Iuda
3075 2004 3142 2060 et
3176 1996 3452 2061 aliarum
3491 1995 3615 2060 tuti
3659 1993 3990 2078 quietique
4023 1994 4287 2060 fuerint.
4371 1994 4580 2060 Porro

2630 2080 2801 2166 quod
2846 2081 3193 2166 imperium
3241 2082 3420 2149 urbis
3455 2081 3675 2146 Lesen
3717 2079 4034 2146 divinitus
4078 2079 4203 2146 sibi
4247 2078 4583 2146 addictum

2629 2167 2831 2234 armis
2873 2166 3292 2234 vindicarunt
3333 2167 3454 2233 filii
3484 2167 3657 2246 Dan,
3702 2166 3768 2232 id
3811 2165 4075 2231 demum
4117 2175 4268 2250 post
4305 2174 4582 2232 mortem

2630 2254 2821 2321 Iosue
2887 2253 3178 2338 contigit.
3269 2252 3404 2320 Sed
3460 2251 3568 2318 hic
3632 2252 3841 2318 obiter
3904 2252 4222 2318 inseritur
4286 2251 4581 2331 historia,

2628 2360 2794 2423 quae
2835 2339 3047 2405 fusius
3105 2345 3411 2405 narratur
3453 2340 3523 2404 in
3568 2338 3733 2405 libro
3792 2335 4115 2404 Iudicium
4160 2335 4391 2424 (Iudic.
4443 2337 4582 2423 18),

2630 2426 2784 2510 quia
2826 2425 3182 2492 strenuitas
3224 2425 3354 2490 fuit
3396 2424 3591 2490 laude
3636 2424 3865 2509 digna,
3909 2421 4012 2489 ius
4056 2444 4095 2489 a
4142 2424 4282 2490 Deo
4325 2444 4585 2491 conces·

2629 2532 2775 2578 sum
2819 2513 2916 2577 sio
2958 2510 3281 2594 amplecti,
3341 2520 3416 2576 ut
3450 2531 3526 2575 eo
3560 2511 3710 2577 freti
3757 2507 3841 2576 ad
3880 2509 4324 2594 profligandos
4360 2509 4582 2576 hostes

2628 2606 2897 2664 strenue
2942 2595 3432 2663 descenderent.

2799 2683 2903 2749 49.
2979 2682 3185 2765 Quam
3241 2687 3447 2748 autem
3490 2681 3678 2763 finem
3730 2681 4040 2763 fecissent.
4129 2679 4425 2747 Tandem
4474 2682 4584 2748 hic

2630 2777 2943 2834 narratur
3008 2766 3340 2854 gratitudo
3404 2765 3630 2852 populi
3696 2787 3851 2853 erga
3917 2766 4130 2832 Iosue.
4219 2767 4396 2833 Nam
4460 2768 4586 2835 etsi

2630 2875 2838 2939 aequa
2879 2855 3023 2920 fieri
3067 2854 3294 2920 debuit
3327 2853 3592 2938 partitio
3635 2861 3851 2918 terrae
3874 2850 4194 2919 Ohanaan
4238 2854 4411 2920 inter
4442 2875 4588 2939 pos-

2632 2948 2807 3007 teros
2867 2939 3206 3019 Abrahae,
3272 2941 3594 3007 virtutum
3655 2949 3874 3005 tamen
3928 2959 4200 3004 suarum
4245 2948 4583 3023 praestan-

2632 3028 2726 3092 tia
2776 3027 3175 3110 promeritus
3229 3034 3330 3093 est
3362 3024 3555 3093 Iosue
3600 3025 4025 3091 honorarium
4083 3024 4342 3108 aliquod
4402 3045 4589 3109 prae-

2632 3112 2858 3179 mium.
2944 3112 3086 3179 Nec
3126 3113 3437 3195 conqueri
3481 3112 3822 3195 quisquam
3867 3109 4109 3194 potuit,
4155 3132 4274 3177 suo
4320 3110 4585 3196 dispen-

2633 3198 2741 3264 dio
2785 3219 2992 3264 unum
3047 3198 3379 3264 hominem
3424 3197 3640 3263 ditari.
3725 3196 3898 3262 Nam
3941 3196 4229 3280 primum
4272 3197 4343 3262 in
4387 3217 4584 3263 cunc-

2635 3286 2878 3351 tatione
2912 3284 3197 3370 refulget
3228 3285 3439 3350 sancti
3471 3284 3596 3350 viri
3632 3281 4010 3363 moderatio,
4054 3281 4226 3365 quod
4261 3303 4397 3349 non
4432 3292 4588 3351 ante

2632 3371 2945 3456 privatim
3011 3370 3136 3438 sibi
3200 3369 3512 3449 consulit,
3585 3388 3781 3453 quam
3848 3368 4144 3452 publicus
4207 3378 4422 3435 status
4487 3380 4589 3435 cst

2632 3457 3044 3541 compositus.
3119 3455 3652 3540 Quotusquisque
3694 3454 4059 3537 reperietur
4101 3454 4215 3539 qui
4257 3474 4396 3521 non
4440 3466 4587 3539 post

2633 3542 2881 3609 editum
2929 3564 3137 3608 unum
3195 3541 3299 3607 vel
3359 3542 3637 3607 alterum
3704 3540 4032 3625 specimen
4099 3560 4260 3607 suae
4317 3541 4587 3607 virtutis

2634 3628 2718 3694 ad
2760 3627 3069 3711 praedam
3115 3626 3428 3694 festinet?
3478 3648 3613 3693 non
3656 3625 3750 3693 sic
3793 3626 4008 3707 Iosue,
4052 3626 4166 3710 qui
4209 3625 4292 3693 de
4334 3647 4407 3692 se
4450 3648 4587 3693 non

2634 3716 2906 3800 cogitat,
2973 3713 3179 3781 donec
3236 3720 3417 3779 terra
3473 3712 3688 3780 divisa
3727 3712 3943 3778 fuerit.
4031 3711 4116 3776 In
4148 3713 4292 3796 ipso
4332 3733 4589 3797 quoque

2679 3802 2924 3866 raemio
2958 3799 3184 3865 eadem
3221 3818 3380 3865 cons
3427 3799 3624 3866 icitur
3659 3798 4093 3881 temperantia
4114 3809 4182 3864 et
4217 3798 4583 3884 frugalitas.

2632 3822 2884 3953 {erem
2928 3884 3052 3951 sibi
3097 3895 3165 3951 et
3220 3887 3377 3950 fami
3403 3886 3506 3951 iae
3548 3883 3691 3950 dari
3734 3883 4060 3966 postulat,
4126 3904 4363 3968 nempe
4407 3906 4582 3953 acer·

2633 3993 2794 4038 vum
2840 3971 3153 4056 lapidum,
3199 3971 3353 4055 quia
3396 3971 3502 4037 vel
3545 3969 3764 4036 diruta
3809 3979 3970 4047 erat,
4016 3977 4082 4035 et
4124 3970 4338 4036 ruinis
4373 3970 4587 4038 defor-

2631 4058 2784 4138 mis,
2856 4056 2956 4124 vel
3014 4057 3197 4123 nulla
3251 4055 3407 4123 urbs
3448 4057 3663 4125 fuerat
3707 4056 3843 4123 illic
3887 4064 4242 4123 exstructa.
4331 4056 4590 4123 Verum

2632 4143 2985 4228 probabilis
3027 4143 3402 4210 coniectura
3445 4151 3546 4209 est
3561 4194 3578 4222 ,
3624 4151 3702 4208 ut
3744 4142 3996 4208 invidia
4032 4141 4273 4207 donum
4317 4153 4590 4224 careret,

2632 4229 2757 4296 sibi
2812 4229 3035 4296 vicum
3090 4228 3370 4313 aliquem
3436 4228 3709 4295 minime
3769 4227 4156 4314 opulentum
4210 4229 4588 4312 quaesiisse.

2632 4315 2710 4382 Si
2764 4315 2873 4382 cui
2930 4313 3287 4381 absurdum
3352 4314 3648 4394 videtur,
3716 4335 3847 4380 non
3904 4313 4259 4399 gratuitam
4319 4333 4590 4398 operam

2631 4400 3049 4486 impendisse,
3094 4407 3356 4485 reputet
3376 4401 3504 4466 Dei
3537 4400 3856 4468 vocationi
3893 4398 4249 4465 liberaliter
4267 4401 4590 4483 paruisse,

2631 4509 2755 4554 nec
2798 4486 3201 4554 mercenario
3246 4487 3466 4552 animo
3507 4485 3752 4553 subiise
3795 4493 3893 4551 tot
3935 4483 4188 4552 labores
4204 4536 4222 4564 ,
4278 4485 4590 4570 pericula,

2631 4582 2699 4641 et
2763 4572 3127 4640 molestias:
3195 4571 3310 4637 sed
3376 4592 3580 4656 quum
3640 4571 3853 4638 officio
3920 4581 4149 4655 sponte
4203 4572 4591 4655 perfunctus

2631 4667 2823 4739 esset,
2868 4680 3000 4724 non
3039 4657 3512 4743 repudiandum
3558 4657 3759 4724 fuisse
3792 4663 4293 4724 monumentum
4335 4658 4590 4742 gratiae

2603 4746 2781 4824 ‘Dei,
2825 4745 2953 4812 nisi
3013 4764 3321 4828 perverso
3364 4752 3743 4829 contemptu
3793 4742 4072 4829 gloriam
4125 4743 4268 4809 eius
4310 4744 4590 4811 obruere

2632 4831 2846 4899 vellet.

2632 4916 2811 4983 aliud
2855 4937 3051 5000 quam
3096 4916 3377 5000 simplex
3420 4915 3868 4982 testimonium
3914 4914 4212 4981 coelestis
4254 4917 4589 4998 potentiae

2632 5003 2788 5081 fuit,
2855 5023 3020 5086 quae
3063 5022 3182 5087 per
3224 5003 3368 5068 eius
3418 5022 3692 5069 manum
3747 5002 4073 5085 patefacta
4126 5001 4358 5067 fuerat.
4449 5002 4588 5069 Nec

2636 5110 2791 5156 vero
2836 5087 2973 5154 ulla
3028 5087 3295 5155 ambitio
3341 5087 3447 5154 hic
3490 5088 3708 5154 notari
3751 5096 3998 5171 potest,
4064 5086 4220 5170 quia
4253 5086 4424 5153 nihil
4465 5086 4588 5154 sibi

2634 5176 2919 5259 appetit,
2981 5195 3099 5241 nec
3144 5194 3329 5240 suam
3375 5173 3799 5257 cupiditatem
3843 5182 4090 5240 temere
4129 5173 4409 5258 ingerit:
4470 5173 4584 5239 sed

2631 5261 2949 5327 honorem
2992 5280 3185 5343 quem
3230 5259 3366 5325 iam
3409 5258 3596 5327 Deus
3638 5260 3707 5325 in
3749 5259 3970 5343 ipsum
4025 5259 4392 5326 contulerat
4432 5279 4584 5325 con·

2628 5347 2879 5414 firmari
2923 5357 3113 5432 rogat
3155 5344 3378 5430 populi
3437 5366 3778 5413 consensu.
3867 5345 3952 5411 In
3996 5366 4121 5430 quo
4164 5346 4223 5411 si
4262 5345 4584 5425 tacuisset,

2937 4830 3109 4896 Nam
3167 4851 3335 4914 quae
3400 4829 3616 4896 delata
3672 4829 3802 4895 fuit
3860 4831 4353 4913 praerogativa,
4420 4830 4588 4897 nihil
