5017 6142
374 454 501 520 317

378 643 883 723 tumultuantur,
928 652 1006 707 ut
1040 664 1122 708 ne
1156 641 1654 708 obmurmurent
1687 640 1969 725 quidem.
2034 643 2328 725 Apparet

374 730 585 814 igitur
639 729 763 794 hac
817 730 886 794 in
946 738 1166 812 parte,
1233 749 1367 793 non
1423 730 1645 794 minus
1698 727 1902 793 fuisse
1967 748 2073 792 mo
2114 727 2128 743 ⁸
2179 748 2326 793 eros

375 835 575 899 quam
635 815 790 882 dum
849 815 1041 879 initio
1097 835 1282 879 arma
1337 823 1703 894 sumerent,
1763 821 1832 877 et
1886 814 2127 896 intrepi
2174 834 2210 878 e
2252 812 2323 877 in

372 901 696 986 proelium
754 900 1225 966 descenderent
1239 951 1254 978 ,
1314 900 1459 965 aliis
1513 911 1701 966 extra
1743 898 2022 964 telorum
2079 899 2322 965 iactum

374 987 878 1071 quiescentibus.

903 1327 1038 1394 Ex
1080 1326 1413 1394 EODEM
1458 1325 1815 1393 OAPITE.

551 1500 650 1564 14.
720 1500 1060 1581 Iratueque
1112 1503 1203 1564 est
1243 1497 1458 1565 Moses
1510 1503 1723 1565 contra
1753 1497 2103 1579 praefectos
2145 1516 2321 1564 exer-

367 1587 566 1666 cim,
619 1584 904 1650 tribunos
944 1590 1002 1650 et
1041 1586 1422 1651 comm-iones
1461 1585 1573 1667 qai
1611 1582 2071 1650 revertebantur
2108 1583 2185 1649 dc
2217 1602 2319 1648 ex·

354 1672 682 1757 peditione
715 1671 872 1737 belli.
943 1670 1043 1736 15.
1104 1669 1194 1735 Et
1235 1671 1401 1736 dixit
1440 1671 1533 1735 eis
1570 1670 1812 1736 Moses.-
1856 1668 2326 1735 Reservastime

376 1777 594 1824 omnes
623 1756 970 1822 mulieres?
1037 1756 1136 1822 16.
1193 1756 1368 1837 Ecce,
1401 1756 1586 1837 ipsae
1615 1757 1874 1840 fuerumt
1902 1754 2066 1836 filiis
2101 1753 2324 1835 Israel,

366 1843 638 1910 coneilio
669 1841 955 1908 Balaam
980 1842 1360 1909 tradendmn
1384 1843 1454 1907 in
1475 1842 2080 1923 praevaricationem
2112 1846 2324 1905 contra

369 1928 677 1994 lelio-vam
716 1928 788 1994 in
829 1929 1066 2013 neqotio
1104 1927 1367 2013 mmor,
1409 1932 1466 1993 et
1493 1926 1621 2010 fuit
1637 1927 1844 2011 playa
1888 1927 1962 1992 in
2003 1946 2322 2010 conqreya·

364 2015 534 2079 tione
577 2012 857 2080 Iehovae.
947 2014 1047 2080 17.
1123 2014 1317 2080 Nunc
1366 2033 1508 2098 erqo
1674 2014 1687 2028 '
1730 2014 1814 2079 ite
1866 2032 2074 2078 omnes
2114 2031 2325 2079 mares

364 2099 783 2181 inparvulis,
818 2105 1145 2166 etomnem
1184 2099 1510 2166 mulierem
1549 2120 1710 2182 quae
1747 2098 2323 2182 coqnoveritvirum

364 2185 692 2253 conwbitu
712 2187 998 2263 masculi,
1034 2185 1300 2251 occidite.
1370 2185 1471 2251 18.
1537 2183 2323 2273 Omnesaatemparvulas

363 2273 538 2336 inter
575 2271 889 2351 mulieres,
933 2291 1094 2353 quae
1132 2292 1258 2337 non
1297 2272 1686 2354 aequaverint
1725 2269 2108 2337 concubitum
2147 2289 2319 2335 mas-

364 2356 516 2434 culi,
558 2361 793 2423 mate
831 2358 1015 2423 vivas
1053 2356 1240 2423 vobi-s,
1331 2357 1432 2422 19.
1515 2357 1640 2422 Vos
1684 2376 1826 2422 vero
1866 2361 2103 2421 manete
2142 2360 2321 2422 extra

364 2446 586 2510 castra
646 2447 874 2525 septem
935 2442 1182 2509 diebus.-
1244 2443 1446 2508 omnis
1507 2443 1619 2524 qui
1683 2441 1970 2507 occiderit
2029 2440 2318 2524 aliquem,

366 2528 723 2610 quicunque
780 2529 927 2594 item
980 2530 1247 2613 tctiyerit
1286 2529 1570 2609 occisum,
1599 2527 2031 2611 purificabitis
2050 2547 2178 2592 -vos
2218 2527 2322 2592 die

366 2614 557 2678 tertia
590 2619 649 2678 et
680 2613 784 2679 die
824 2617 1104 2696 septima,
1146 2633 1260 2679 vos
1292 2618 1349 2678 et
1377 2615 1629 2696 praeda
1668 2619 1889 2679 vestra.
1956 2614 2057 2678 20.
2127 2611 2321 2678 Omne

366 2717 614 2783 quoque
636 2699 1078 2778 vestimentum,
1121 2705 1177 2765 et
1207 2719 1445 2764 omnem
1467 2699 1946 2783 suppellectilem
1971 2698 2313 2782 pelliceam,

366 2790 429 2851 et
472 2804 644 2850 omne
685 2805 844 2866 opu-s·
885 2785 1113 2868 epilis
1154 2805 1525 2867 caprarum,
1591 2791 1648 2850 et
1696 2804 1869 2850 omne
1910 2806 2028 2851 vas
2083 2785 2317 2850 tineam

350 2869 808 2954 purificabit&
894 2871 1000 2936 21.
1065 2871 1154 2936 Et
1193 2872 1360 2936 dixit
1402 2871 1681 2936 Eleazar
1733 2870 2020 2937 sacerdos
2067 2871 2153 2936 ad
2192 2870 2314 2935 mi-

366 2957 513 3021 lites
564 2958 677 3038 qui
730 2958 971 3022 iverant
1025 2959 1113 3024 ad
1165 2957 1420 3023 bellum.-
1478 2957 1614 3022 Hoc
1670 2962 1758 3022 est
1812 2961 2112 3022 statutum
2159 2956 2316 3039 lepis

366 3041 537 3125 quod
564 3047 974 3125 praeceperat
1015 3043 1245 3110 Iehova
1288 3041 1481 3108 Moci.
1567 3042 1672 3109 22.
1733 3041 2013 3124 Profecto
2064 3061 2313 3119 aur-mn,

368 3132 430 3193 et
471 3132 815 3212 amentum,
838 3135 965 3206 ae‘s,
980 3128 1240 3211 ferrum,
1262 3134 1559 3194 stannum
1579 3134 1640 3193 et
1649 3126 1996 3212 plumbum,
2041 3132 2095 3194 et
2136 3126 2318 3210 quid-

367 3214 527 3297 qwid
580 3215 933 3298 inm-editur
987 3216 1194 3298 iynem
1248 3216 1521 3281 transire
1571 3215 1819 3298 facietis
1858 3233 1976 3295 per
2014 3215 2218 3298 iqnem
2261 3218 2319 3277 et

367 3298 796 3366 mundabitur.
862 3300 969 3367 23.
1028 3301 1461 3367 Verumtamen
1501 3321 1670 3382 aqua
1713 3300 2092 3383 expiationis
2122 3299 2314 3381 puri-

360 3384 688 3469 ficabitur.-
724 3386 1031 3469 quidquid
1062 3392 1269 3452 autem
1308 3407 1430 3452 non
1457 3386 1807 3471 inyreditur
1846 3386 2070 3470 iqnm,
2111 3391 2317 3450 trans-

369 3472 472 3537 ire
540 3470 791 3553 facietis
862 3493 985 3554 per
1056 3493 1304 3555 aquam.
1417 3471 1519 3537 24.
1590 3471 1919 3538 Lavabitie
1990 3477 2321 3554 praeterea

367 3557 734 3707 emmila
766 3564 975 3624 vestra
1007 3558 1110 3623 die
1141 3560 1420 3641 septima,
1458 3563 1516 3623 et
1536 3557 1759 3624 mundi
1792 3557 1990 3640 critic,
2023 3563 2079 3624 et
2105 3561 2322 3640 postea

368 3644 544 3709 intra
595 3644 608 3657 '
645 3644 656 3656 '
730 3648 957 3710 castra.

550 3814 650 3880 14.
721 3814 1059 3898 Irata-sque
1099 3820 1190 3882 est
1223 3814 1451 3882 Moses,
1510 3815 1745 3882 Solent
1766 3836 1872 3881 res
1908 3815 2070 3880 bene
2101 3822 2322 3899 gestae

370 3903 634 3968 veniam
679 3900 1031 3984 impetrare
1075 3902 1287 3979 vitiis,
1331 3903 1477 3967 imo·
1501 3924 1578 3967 ea
1619 3900 2093 3986 quodammodo
2141 3899 2318 3964 obte-

373 4008 547 4075 gere,
593 4009 677 4052 ne
720 3987 793 4051 in
835 3989 1152 4053 rationem
1200 3988 1484 4054 veniant.
1546 3988 1749 4071 Atqui
1795 3987 2095 4071 quamvis
2138 4006 2323 4050 exer-

372 4074 541 4142 citus
578 4073 1003 4157 multiplicem
1028 4074 1402 4159 gratulandi
1424 4074 1762 4139 materiam
1795 4094 2012 4140 secum
2038 4074 2321 4155 afferret,

374 4180 506 4226 non
552 4158 792 4225 desinit
833 4172 1052 4224 tamen
1098 4159 1318 4226 Moses
1364 4162 1599 4226 acriter
1641 4161 1710 4225 in
1756 4180 1965 4225 unum
2013 4158 2319 4225 delictum

372 4246 707 4313 invehere.
764 4243 914 4327 Quo
955 4246 1254 4329 exemplo
1296 4245 1600 4312 docemur
1642 4246 1736 4312 sic
1780 4244 2138 4311 laudandas
2182 4265 2322 4310 esse

374 4333 678 4409 virtutes,
717 4353 802 4396 ne
846 4330 1155 4415 probetur
1197 4332 1253 4396 si
1297 4332 1452 4416 quid
1498 4332 2005 4416 reprehensione
2049 4330 2322 4416 dignum

374 4428 495 4483 est.
554 4416 873 4482 Immanis
909 4416 1166 4501 quidem
1214 4419 1399 4483 nobis
1440 4418 1649 4482 videri
1695 4425 1915 4500 posset
1947 4417 2153 4483 Mosis
2199 4418 2317 4481 ira-

375 4503 645 4581 cundia,
701 4501 858 4568 dum
915 4523 1144 4569 severe
1201 4505 1442 4570 milites
1492 4524 1644 4570 suos
1689 4505 1992 4588 castigat,
2053 4503 2204 4586 quia
2248 4503 2318 4566 in

375 4610 606 4656 sexum
653 4589 1036 4655 muliebrem
1082 4590 1391 4654 atrociter
1423 4611 1549 4654 non
1589 4590 1975 4656 saevierint:
2021 4590 2132 4655 sed
2169 4609 2318 4653 nos·

375 4690 549 4740 trum
596 4696 726 4740 non
771 4686 870 4741 est
904 4675 1265 4741 obtrectare
1294 4676 1413 4740 Dei
1458 4675 1749 4754 iudiciis,
1795 4688 1945 4739 ante
1989 4676 2174 4740 cuius
2212 4674 2324 4737 tri·-

379 4760 578 4827 bunal
637 4783 753 4826 nos
811 4781 1036 4826 omnes
1079 4761 1282 4827 semel
1325 4771 1501 4826 stare
1559 4781 1821 4826 necesse
1866 4770 1983 4826 est.
2074 4760 2320 4841 Quam·

379 4848 482 4912 vis
517 4868 673 4932 ergo
710 4857 1030 4931 repugnet
1059 4869 1286 4912 sensus
1321 4860 1561 4927 noster,
1597 4845 2019 4912 statuendum
2055 4859 2169 4923 est,
2211 4846 2321 4911 ubi

375 4932 642 4999 modum
690 4932 1003 4998 excedere
1044 4932 1324 5012 videtur,
1370 4934 1795 5017 gravissimas
1839 4952 2127 5016 quasque
2170 4952 2322 5015 poe·

376 5040 498 5085 nas
553 5018 799 5102 optime
859 5020 1185 5101 aequitate
1242 5033 1633 5102 temperare,
1700 5018 1833 5083 imo
1891 5038 2091 5100 quum
2148 5019 2316 5083 idem

373 5105 584 5171 scelus
629 5104 844 5186 (cuius
879 5126 1150 5170 severus
1193 5104 1366 5170 ultor
1407 5115 1509 5171 est
1551 5105 1864 5170 adversus
1900 5101 2322 5190 Madianitas)

376 5191 673 5257 remittat
727 5190 1034 5256 Moabitis
1091 5190 1172 5256 ad
1230 5205 1515 5274 tempus,
1583 5190 1692 5254 vel
1748 5189 1980 5255 saltem
2036 5211 2167 5255 non
2226 5191 2322 5254 ita

375 5278 670 5361 puniat,
703 5276 768 5340 in
814 5276 936 5341 hac
996 5278 1312 5343 varietate
1356 5277 1708 5342 iustissima
1777 5284 1880 5341 est
1931 5296 2156 5356 causa,
2206 5274 2319 5341 sed

372 5384 582 5451 penes
647 5383 798 5428 eum
853 5362 1248 5430 abscondita.
1337 5363 1650 5429 Nostrum
1709 5360 1971 5445 quidem
2032 5383 2161 5426 non
2220 5370 2320 5427 est

1798 452 2208 521 REDI'IFUS
2251 453 2381 519 AD
2423 452 2969 522 HISTORIAM.

4237 451 4366 518 318

2426 642 2817 727 obstrepere,
2861 664 2946 709 ne
2990 643 3373 729 sacrilegam
3419 650 3711 710 nostram
3755 642 4094 709 audaciam
4160 650 4226 708 et
4269 649 4366 708 te-

2425 729 2794 795 meritatem
2840 728 3230 810 damnando,
3274 751 3344 796 se
3386 730 3601 815 ipsum
3646 728 3955 795 absolvat.
4001 728 4369 795 Peccarunt

2427 824 2650 879 autem
2687 815 3044 893 Israelitae,
3081 814 3253 899 quod
3288 836 3490 899 quum
3535 815 3821 880 ministri
3855 822 4116 879 tantum
4151 822 4371 880 essent

2426 900 2759 967 vindictae
2795 901 2954 981 Dei,
2992 921 3124 966 non
3158 902 3285 966 fuit
3333 902 3397 966 in
3450 921 3675 967 eorum
3712 899 3980 966 arbitrio
4016 898 4368 984 quidquam

2425 984 2668 1053 laxare.
2724 985 2914 1069 Quod
2955 995 3184 1053 notatu
3222 985 3496 1071 dignum
3532 996 3649 1065 est,
3695 995 3771 1052 ut
3802 985 4170 1070 quicunque
4214 993 4369 1051 sunt

2425 1070 2644 1155 gladio
2709 1072 2945 1138 armati
3008 1095 3094 1138 ne
3154 1072 3484 1138 tantillum
3547 1070 3812 1157 quidem
3867 1072 3993 1135 huc
4050 1071 4154 1136 vel
4213 1072 4369 1139 illuc

2426 1156 2776 1237 declinent,
2822 1160 2979 1243 quin
3021 1158 3303 1224 fideliter
3346 1168 3788 1242 exsequantur
3829 1155 4140 1240 quidquid
4187 1157 4369 1223 Deus

2425 1243 2825 1325 praescribit.
2914 1242 3108 1326 Quod
3173 1242 3510 1310 iracundia
3565 1244 3773 1309 Mosis
3818 1240 4157 1320 laudatur,
4217 1241 4369 1308 inde

2424 1328 2744 1396 refellitur
2767 1329 3140 1417 Stoicorum
3186 1337 3650 1410 commentum,
3693 1327 3864 1412 apud
3900 1349 4062 1412 quos
4093 1327 4370 1393 ἀπάθεια

2425 1434 2683 1480 summa
2727 1424 2828 1481 est
2868 1416 3103 1481 virtus.
3168 1416 3370 1498 Atqui
3415 1414 3631 1498 potius
3666 1411 4130 1481 elaborandum
4159 1423 4260 1480 est
4292 1421 4371 1479 ut

2424 1508 2781 1567 nascantur
2803 1521 3030 1567 omnes
3053 1501 3260 1566 nostri
3282 1501 3554 1568 affectus
3579 1522 3657 1566 ex
3681 1499 3853 1565 bona
3873 1518 4097 1564 causa:
4136 1498 4370 1565 deinde

2425 1586 2808 1652 fraenentur
2863 1608 2943 1653 ex
3002 1586 3473 1665 moderatione,
3529 1607 3615 1651 ne
3656 1605 3787 1669 qua
3841 1584 4111 1651 ebulliat
4151 1585 4369 1652 carnis

2425 1672 2877 1755 intemperies,
2942 1671 3059 1738 sed
3109 1672 3393 1756 palmam
3460 1679 3683 1737 teneat
3745 1670 4106 1755 spiritualis
4170 1671 4366 1736 zelus.

2424 1756 2776 1823 Caeterum
2799 1759 3119 1823 rationem
3144 1759 3336 1823 affert
3356 1758 3579 1825 Moses
3602 1777 3722 1823 cur
3760 1756 4139 1822 mulieribus
4161 1756 4368 1821 nihilo

2424 1843 2637 1928 magis
2678 1843 3080 1929 parcendum
3124 1843 3323 1910 fuerit
3357 1863 3554 1927 quam
3601 1843 3789 1909 viris:
3825 1842 3977 1926 quia
4018 1863 4089 1907 se
4131 1842 4370 1926 prosti-

2424 1929 2676 1995 tuerint
2719 1929 2800 1995 ad
2836 1938 3140 2014 stuprum
3160 1980 3175 2009 ,
3217 1950 3345 2014 quo
3379 1928 3676 1996 exitiales
3718 1929 3986 2010 laqueos
4028 1927 4371 1993 tenderent

2421 2014 2756 2081 Israelitis.
2826 2013 3167 2097 Quantum
3204 2014 3288 2080 ad
3321 2015 3632 2099 parvulos
3665 2022 3933 2099 spectat,
3972 2035 4102 2079 non
4141 2012 4370 2079 eadem

2425 2101 2631 2167 valuit
2687 2102 2887 2179 ratio,
2944 2103 3096 2184 quia
3138 2100 3388 2167 nullius
3446 2099 3742 2168 criminis
3784 2100 4048 2165 fuerant
4092 2099 4368 2166 conscii:

2423 2187 2536 2252 sed
2575 2186 2847 2252 minime
2883 2185 3148 2253 dubium
3177 2196 3286 2253 est
3320 2187 3479 2270 quin
3517 2186 3690 2252 iuste
3722 2185 4009 2251 voluerit
4026 2185 4213 2251 Deus
4246 2186 4368 2250 im·

2420 2273 2565 2355 piae
2602 2281 2666 2337 et
2703 2272 3086 2355 desperatae
3120 2272 3338 2358 gentis
3373 2293 3614 2337 nomen
3644 2273 3910 2359 penitus
3932 2271 4360 2337 exstinctum:

2420 2358 2614 2424 sicuti
2658 2365 2886 2442 postea
2920 2366 3152 2444 gentes
3188 2357 3500 2424 Obanaan
3535 2379 3670 2423 una
3711 2377 3863 2423 cum
3907 2356 4124 2421 sobole
4168 2357 4369 2422 exitio

2422 2441 2693 2509 addixit.
2774 2443 3133 2525 Quaeritur
3176 2453 3399 2511 autem
3442 2465 3569 2528 qua
3614 2451 3770 2509 nota
3814 2441 4095 2507 discerni
4136 2453 4368 2527 potue-

2420 2530 2556 2594 rint
2596 2551 2635 2594 a
2682 2529 3050 2615 virginibus
3092 2530 3402 2596 mulieres
3487 2549 3609 2595 uae
3650 2529 3783 2593 iam
3829 2527 4087 2593 virilem
4131 2548 4367 2593 concu-

2421 2614 2628 2680 bitum
2696 2625 2886 2681 erant
2951 2622 3278 2699 expertae.
3365 2614 3445 2681 Ιιι
3492 2615 3592 2680 aei
3657 2614 3944 2680 fabulam
4011 2633 4127 2678 suo
4184 2634 4367 2679 more

2418 2703 2700 2787 fingunt,
2737 2722 2937 2785 quum
2972 2700 3305 2786 probabile
3340 2702 3428 2767 sit
3463 2701 3727 2767 nonnisi
3752 2721 3835 2765 ex
3872 2705 4084 2764 aetate
4117 2698 4365 2765 factum

2418 2808 2562 2853 esse
2603 2786 2936 2853 iudicium.

2595 2873 2696 2938 19.
2774 2872 2900 2939 Vos
2930 2892 3073 2938 vero
3114 2877 3369 2939 manete.
3433 2871 3509 2940 Si
3554 2874 3698 2956 quis
3734 2870 4012 2939 cadaver
4044 2870 4367 2954 tetigerat,

2420 2957 2575 3024 alibi
2620 2958 2907 3025 vidimus
2948 2958 3366 3024 immundum
3423 2960 3710 3025 censeri:
3771 2978 3946 3023 nunc
3992 2955 4209 3021 Moses
4253 2977 4367 3022 ex·
4417 2975 4422 2981 ’

2417 3042 2643 3128 piandi
2679 3044 2885 3109 ritum
2914 3044 2997 3110 ad
3020 3042 3252 3111 caedes
3284 3044 3612 3128 legitimas
3647 3041 4027 3123 extendens,
4061 3039 4368 3107 admonet

2418 3139 2817 3214 quantopere
2880 3130 3340 3196 abstinendum
3408 3130 3498 3194 sit
3555 3130 3635 3195 ab
3693 3128 3981 3194 humano
4046 3128 4367 3211 sanguine

2418 3214 2775 3282 fundendo.
2864 3215 3200 3283 Israelitas
3264 3224 3535 3282 strenue
3599 3215 3882 3298 grassari
3926 3214 4210 3296 oportuit
4251 3234 4370 3295 per

2419 3300 2671 3368 medias
2707 3300 2936 3368 caedes
2969 3300 3084 3367 sed
3117 3302 3272 3385 quia
3305 3321 3452 3367 cum
3489 3300 3715 3367 ordine
3748 3308 4020 3365 naturae
4055 3297 4369 3383 quodam·

2420 3387 2614 3453 modo
2657 3396 2943 3472 pugnat,
3000 3387 3301 3453 homines
3343 3386 3424 3452 ab
3468 3386 3841 3453 hominibus
3895 3383 4138 3459 occidi,
4192 3404 4269 3449 ac
4310 3383 4369 3448 si

2423 3473 2492 3538 in
2539 3474 2804 3558 propria
2847 3473 3097 3539 viscera
3139 3473 3499 3553 saevirent,
3545 3474 3744 3538 etiam
3788 3472 3860 3537 in
3903 3471 4097 3538 iustis
4138 3470 4367 3554 poenis

2424 3559 2746 3644 quaedam
2799 3558 3081 3644 vestigia
3141 3559 3572 3624 humanitatis
3628 3566 3878 3624 restare
3935 3556 4118 3622 Deus
4161 3556 4371 3621 voluit

2425 3665 2594 3729 quae
2631 3665 2891 3711 omnem
2932 3644 3382 3711 crudelitatem
3408 3645 3474 3709 in
3499 3664 3741 3731 genere
3776 3639 4173 3710 cohiberent.
4235 3641 4373 3708 Nec

2427 3730 2543 3797 abs
2577 3751 2649 3795 re
2683 3732 3010 3815 scriptura
3043 3729 3157 3796 ubi
3191 3731 3521 3798 heroicam
3557 3728 4004 3796 fortitudinem
4049 3747 4374 3793 commen-

2426 3815 2556 3895 dat,
2594 3815 2717 3882 hac
2750 3815 3057 3900 loquendi
3091 3817 3302 3882 forma
3335 3819 3561 3896 utitur,
3597 3815 3909 3901 polluisse
3946 3833 4180 3878 manns
4217 3833 4372 3879 suas

2424 3903 2748 3988 sanguine
2771 3903 2882 3985 qui
2903 3901 3125 3968 hostes
3161 3923 3313 3969 suos
3335 3910 3753 3973 straverunt:
3789 3920 4024 3982 nempe
4045 3907 4123 3964 ut
4143 3897 4371 3965 caedes

2423 3989 2748 4072 quaslibet
2780 3987 3266 4068 exhorreamus,
3302 3989 3486 4072 quasi
3521 3988 3782 4072 generis
3814 3985 4085 4052 humani
4112 4005 4369 4051 conser-

2424 4075 2672 4139 vationi
2717 4074 3047 4140 adversas.
3115 4072 3436 4156 Quamvis
3481 4094 3636 4159 ergo
3678 4072 4018 4138 Israelitae
4061 4090 4196 4135 non
4230 4071 4372 4136 iure

2425 4160 2617 4226 modo
2684 4158 3040 4226 occiderint
3096 4159 3528 4238 Madianitas‚
3579 4157 3693 4225 sed
3738 4179 3819 4224 ex
3865 4157 3992 4223 Dei
4039 4155 4371 4236 mandato,

2427 4267 2510 4311 ne
2556 4254 2777 4312 tamen
2821 4247 3187 4331 promiscue
3231 4244 3312 4310 ad
3358 4245 3758 4311 fundendum
3806 4242 3935 4309 Dei
3984 4241 4373 4327 sanguinem

2424 4353 2496 4397 se
2553 4332 3021 4412 assuefaciant,
3075 4331 3385 4397 iubentur
3441 4352 3510 4397 se
3554 4350 3839 4414 purgare
3884 4328 3989 4394 die
4056 4329 4248 4394 tertia
4304 4335 4372 4394 et

2425 4418 2737 4502 septima,
2795 4428 3145 4502 antequam
3206 4416 3479 4483 redeant
3520 4418 3591 4481 in
3637 4424 3880 4491 castra,
3938 4435 4021 4479 ne
4072 4414 4370 4499 contagio

2424 4504 2738 4588 populum
2800 4504 3066 4569 inficiat.
3154 4504 3436 4568 Diversa
3492 4512 3591 4568 est
3632 4501 3911 4586 praedae
3962 4501 4162 4577 ratio,
4218 4500 4371 4583 quia

2428 4610 2732 4654 vasorum
2790 4587 3243 4653 immundities
3320 4587 3659 4654 admonuit
3714 4585 4163 4653 detestabilem
4228 4603 4369 4651 esse

2425 4676 2610 4741 illum
2655 4674 2970 4759 populum
3015 4674 3199 4740 cuius
3243 4674 3568 4758 supellex,
3630 4673 3833 4739 donec
3920 4693 4004 4737 ur
4049 4681 4156 4737 ata
4198 4679 4370 4736 esset

2424 4762 2583 4847 igni,
2629 4759 2728 4825 vel
2774 4780 2961 4843 aqua,
3000 4760 3134 4825 solo
3178 4769 3480 4826 contactu
3524 4781 3751 4826 omncs
3792 4780 3875 4842 po
3903 4759 4005 4823 lue
4053 4767 4139 4824 at.
4208 4755 4368 4822 Cae-

2424 4858 2637 4911 terum
2686 4866 2772 4910 ne
2817 4846 2922 4910 vel
2980 4866 3213 4929 parere
3267 4845 3628 4912 detrectent
3682 4845 3953 4922 milites,
4013 4843 4122 4907 vel
4174 4841 4366 4908 inviti

2424 4930 2681 5011 cedant,
2724 4932 2796 4995 in
2840 4932 3222 4997 memoriam
3264 4941 3527 4999 revocat
3569 4926 3864 5007 Eleazar,
3907 4928 4078 4994 nihil
4122 4927 4204 4993 ab
4237 4926 4368 4993 illis

2425 5039 2605 5083 nunc
2673 5015 2856 5082 aliud
2922 5018 3095 5102 exigi
3179 5039 3374 5102 quam
3443 5018 3685 5083 veteris
3749 5014 4077 5099 praecepti
4145 5014 4365 5080 obser-

2422 5104 2772 5169 vationem.
2860 5103 2998 5169 Nec
3043 5102 3313 5170 dubium
3361 5109 3464 5169 est
3505 5103 3663 5186 quin
3696 5103 3856 5168 istas
3900 5099 4173 5166 docendi
4217 5120 4367 5183 par-

2424 5197 2524 5256 tes
2568 5190 2865 5255 consulto
2905 5189 3123 5255 Moses
3168 5189 3605 5275 resignaverit
3646 5186 3863 5270 nepoti
3908 5205 4056 5265 suo,
4100 5186 4251 5268 quia
4294 5186 4364 5249 in

2420 5282 2751 5359 posterum
2797 5296 2878 5341 ex
2914 5295 3025 5342 ore
3067 5274 3419 5343 sacerdotis
3463 5272 3744 5358 petenda
3786 5278 3929 5336 erat
3970 5270 4135 5356 legis
4170 5273 4369 5337 inter·

2421 5361 2719 5444 protatiO.
