5017 6142
499 427 585 494 43

504 617 664 697 tari,
723 623 790 681 et
833 614 1028 680 simul
1075 613 1462 681 clementiae
1507 636 1664 681 suae
1708 623 1775 680 et
1818 613 2270 700 indulgentiae
2314 637 2450 680 me-

501 723 750 767 morem
810 721 955 766 esse
1001 709 1077 764 ut
1119 700 1456 784 ignoscere
1500 700 1718 781 malit,
1761 701 1819 766 si
1863 709 2202 785 pateretur
2245 701 2453 766 homi-

502 809 662 854 num
692 788 963 853 malitia.
1025 786 1375 852 Caeterum
1408 786 1669 871 phrasis
1699 787 1861 853 haec
1890 787 2193 872 mosaica,
2230 788 2450 852 Deum

504 872 1013 940 consolationem
1096 871 1387 956 accipere
1455 873 1696 955 impios
1760 871 2127 957 puniendO,
2199 872 2448 957 passim

503 959 677 1046 apud
725 959 1076 1043 prophetas
1121 959 1423 1024 occurrit.

676 1045 779 1111 64.
840 1045 929 1109 Et
981 1045 1287 1128 dasperyet
1339 1051 1415 1110 te.
1529 1043 1612 1108 In
1668 1047 1801 1110 fine
1874 1044 2158 1128 proximi
2218 1066 2451 1111 versus

505 1131 810 1198 exsilium
848 1131 1133 1196 minatus
1166 1136 1328 1211 erat,
1373 1129 1816 1214 quodsspopulo
1860 1131 2212 1197 israelitico
2256 1131 2450 1215 longe

504 1218 760 1285 tristius
795 1217 921 1282 fuit
963 1237 1158 1300 quam
1204 1216 1351 1281 aliis
1439 1218 1721 1283 entibus.
1789 1215 1963 1297 Quia
2005 1217 2306 1283 omnibus
2350 1217 2449 1282 in-

505 1305 731 1389 genita
765 1312 865 1368 est
898 1303 1151 1386 patriae
1195 1237 1489 1381 dulcedo,
1532 1302 1880 1369 molestum
1926 1312 2026 1369 est
2071 1323 2149 1367 ea
2190 1320 2445 1368 carere:

506 1400 576 1455 at
631 1389 852 1474 populi
911 1387 1249 1454 israelitici
1306 1387 1654 1471 peculiaris
1700 1388 2012 1467 conditio,
2069 1410 2187 1454 cur
2232 1397 2448 1452 terrae

507 1476 825 1542 Chanaan
886 1472 1260 1540 haereditas
1320 1483 1460 1540 erat
1521 1472 1837 1541 divinitus
1894 1475 2232 1559 promissa,
2274 1473 2450 1539 unde

506 1561 746 1645 expelli
780 1580 914 1625 non
939 1561 1154 1644 potuit
1182 1560 1338 1643 quin
1385 1580 1426 1624 a
1468 1567 1657 1644 patre
1701 1560 1965 1627 coelesti
2011 1561 2447 1626 abdicaretur.

505 1649 569 1714 N
573 1669 700 1714 unc
759 1667 922 1713 vero
979 1645 1062 1712 ad
1120 1645 1479 1712 secundum
1540 1654 1606 1711 et
1663 1647 1929 1712 tertium
1976 1645 2249 1732 gradum
2295 1668 2447 1714 con-

506 1733 802 1801 scendit:
870 1731 1024 1815 quia
1067 1731 1299 1797 exsilio
1342 1731 1525 1797 addit
1569 1733 1876 1797 miseram
1923 1730 2446 1816 dissipationem:

504 1818 916 1903 dissipationi
976 1838 1163 1897 vero,
1239 1816 1527 1901 trepidos
1585 1829 1653 1883 et
1714 1818 2162 1901 inquietudine
2220 1817 2448 1900 plenos

504 1926 777 1972 errores.
867 1903 1039 1969 Nam
1098 1905 1155 1968 si
1210 1903 1282 1967 in
1341 1925 1545 1969 unum
1590 1903 1904 1988 angulum
1950 1904 2149 1969 simul
2191 1903 2449 1987 expulsi

505 2000 744 2071 essent,
784 1991 924 2073 ipsa
947 1990 1257 2056 societate
1279 1991 1490 2074 magis
1512 1989 1847 2057 tolerabile
1871 1989 2101 2056 fuisset
2121 1989 2446 2055 exsilium.

504 2079 808 2162 Augetur
864 2096 1019 2159 ergo
1079 2076 1418 2142 calamitas
1468 2076 1582 2142 ubi
1624 2075 1913 2159 procella
1968 2076 2106 2141 irae
2145 2075 2272 2141 Dei
2319 2075 2449 2141 huc

504 2173 573 2229 et
608 2162 764 2229 illuc
799 2164 987 2246 quasi
1020 2160 1402 2245 quisquilias
1446 2160 1754 2245 dispellit,
1800 2170 1876 2227 ut
1921 2161 2196 2246 dispersi
2239 2162 2310 2226 in
2345 2183 2447 2226 re·

505 2248 808 2335 gionibus
873 2246 1100 2331 procul
1167 2247 1413 2313 dissitis
1470 2248 1788 2314 habitent.
1889 2248 2219 2313 Inseritur
2275 2247 2448 2331 quod

507 2335 662 2401 alibi
698 2333 970 2418 exposui
1004 2354 1214 2419 genus
1251 2334 1613 2412 servitutis,
1651 2332 1823 2417 quod
1860 2355 1992 2399 non
2029 2343 2285 2398 tantum
2331 2334 2445 2398 ho·

503 2422 799 2486 minibus
858 2419 971 2485 sed
1027 2419 1221 2485 idolis
1276 2440 1385 2485 eos
1444 2421 1790 2503 mancipet.
1879 2420 2147 2485 Tertius
2204 2417 2448 2503 gradus

504 2517 608 2573 est
647 2505 1069 2590 inquietudo,
1130 2506 1283 2589 quia
1340 2505 1523 2570 nulla
1572 2505 1853 2588 captivis
1896 2506 2032 2570 fixa
2073 2505 2197 2570 crit
2241 2504 2446 2571 sedes.

506 2592 586 2657 Id
617 2603 838 2658 autem
860 2592 1056 2677 longe
1078 2591 1542 2672 miserrimum,
1578 2591 1878 2671 tyrannis
1901 2591 2261 2657 victoribus
2296 2611 2448 2674 cap·

507 2680 680 2745 tivos
740 2678 1016 2757 servire,
1075 2699 1195 2744 nec
1240 2684 1457 2742 tamen
1504 2677 1744 2743 habere
1788 2685 2042 2743 certum
2086 2676 2443 2742 dominum.

504 2764 876 2831 Iustissima
932 2771 1151 2828 tamen
1209 2763 1453 2847 ingrati
1511 2763 1736 2846 populi
1779 2784 2028 2829 merces
2085 2763 2242 2841 fuit,
2292 2784 2446 2829 uus-

508 2872 702 2935 quam
739 2851 1087 2915 stationem
1126 2849 1381 2912 firmam
1425 2849 1748 2931 reperire:
1795 2849 1946 2932 quia
1990 2848 2276 2914 oblatam
2323 2848 2448 2916 sibi

507 2958 547 3002 a
600 2937 741 3001 Deo
786 2935 1072 3019 quietem
1118 2933 1597 3018 repudiaverat,
1639 2935 1809 3001 sicut
1852 2932 2021 3018 apud
2062 2934 2310 3000 ‘Isaiam
2353 2934 2447 3000 le·

504 3021 689 3107 gitur
720 3019 870 3108 (Isa.
897 3019 1000 3098 28,
1030 3017 1157 3105 19).
1215 3021 1425 3086 Porro
1463 3020 1709 3085 malum
1745 3041 1865 3104 per
1900 3042 1971 3086 se
2014 3021 2321 3086 acerbum
2350 3020 2446 3086 la-

506 3108 640 3173 tius
684 3106 1019 3180 extendit,
1087 3105 1260 3189 quod
1321 3126 1455 3170 non
1511 3106 1704 3171 modo
1750 3106 2154 3172 tumultuose
2197 3108 2448 3193 vagari,

505 3199 575 3259 et
618 3193 895 3258 subinde
938 3192 1225 3276 migrare
1269 3200 1586 3276 cogentur
1605 3242 1620 3270 ‚
1665 3190 1798 3272 sed,
1842 3213 2232 3277 quocunque
2266 3195 2449 3258 veni-

506 3288 649 3356 ent,
708 3278 856 3344 illos
912 3276 1257 3343 individua
1313 3298 1532 3344 comes
1574 3289 1888 3361 sequetur
1927 3280 2201 3344 interior
2246 3280 2447 3345 animi

503 3363 928 3448 perturbatio.
989 3364 1117 3430 Est
1149 3376 1369 3428 autem
1403 3364 1708 3432 miserius
1742 3385 1931 3430 caeco
1974 3385 2220 3449 pavore
2262 3366 2443 3432 intus

504 3450 731 3535 urgeri
766 3471 963 3534 quam
1004 3450 1254 3532 raptari
1289 3457 1562 3515 externa
1596 3451 1924 3516 violentia.
1983 3451 2154 3515 Nam
2198 3452 2442 3531 fideles,

505 3536 805 3620 quamvis
838 3536 967 3619 ipsi
1002 3556 1257 3619 quoque
1286 3535 1423 3602 sint
1456 3536 1767 3615 istabiles‚
1813 3536 2171 3620 multisque
2215 3538 2457 3604 turbu-1

502 3621 702 3688 lentis
757 3619 1062 3689 fluctibus
1104 3621 1463 3706 agitentur,
1520 3622 1896 3704 tranquillis
1939 3634 2160 3689 tamen
2205 3624 2441 3690 animis

502 3708 579 3773 in
600 3708 818 3774 Deum
838 3707 1259 3774 recumbunt:
1296 3718 1365 3773 at
1386 3728 1541 3774 vero
1562 3708 1745 3791 impii
1770 3710 2067 3792 quamvis
2089 3710 2440 3776 securitate

504 3794 934 3861 obdurescere
970 3802 1300 3944 appetant,
1334 3814 1527 3860 verae
1563 3804 1782 3859 tamen
1808 3795 1983 3878 pacis
2006 3816 2264 3880 semper
2286 3805 2442 3861 sunt

507 3890 836 3964 expertes:
897 3900 1024 3964 quo
1124 3880 1180 3945 si
1223 3880 1307 3945 ad
1350 3878 1549 3976 breye
1591 3890 1850 3966 tempus
1889 3881 1959 3946 in
2004 3890 2276 3948 veterno
2318 3903 2440 3948 suo

505 3974 841 4050 torpeant,
892 3987 1002 4031 eos
1047 3975 1286 4047 tamen,
1331 3966 1543 4032 velint
1587 3967 1827 4045 nolint,
1872 3987 2028 4032 mox
2072 3968 2442 4052 expergisci

504 4054 679 4137 cogit
744 4053 948 4117 Deus.
1065 4051 1293 4129 Certe,
1372 4060 1446 4117 ut
1505 4055 1747 4119 mentis
1813 4053 1977 4118 bene
2042 4054 2441 4138 compositae

504 4140 689 4222 quies
745 4138 1082 4222 singulare
1126 4146 1228 4202 est
1266 4137 1514 4204 favoris
1557 4138 1686 4205 Dei
1729 4139 2025 4223 signum,
2088 4143 2180 4205 ita
2236 4141 2442 4207 conti-

502 4245 678 4289 nuus
738 4233 805 4289 et
851 4223 1240 4290 insanabilis
1297 4245 1503 4307 pavor
1559 4224 1772 4312 (cuius
1831 4247 2007 4292 nunc
2050 4228 2128 4292 fit
2169 4225 2442 4312 mentio)

502 4310 818 4376 terribilis
861 4319 960 4374 est
1004 4310 1148 4375 eius
1194 4310 1504 4377 vindicta.
1593 4310 1737 4376 Iam
1782 4313 1939 4395 quia
1981 4313 2287 4395 profanos
2321 4312 2440 4378 ho-

500 4395 715 4462 mines
770 4417 1005 4480 parum
1059 4398 1273 4479 tangit
1322 4397 1760 4479 spiritualium
1808 4418 2163 4479 poenarum
2209 4409 2443 4477 metus,

499 4482 797 4566 pluribus
859 4482 1075 4548 verbis
1126 4490 1486 4566 exaggerat
1527 4484 1749 4550 Moses
1792 4482 1962 4567 quod
2007 4483 2242 4550 leviter
2285 4485 2442 4550 alio-

502 4571 661 4653 quin
699 4567 1190 4651 praeteriissent
1224 4567 1584 4635 Israelitae.
1630 4570 2033 4636 Praesertim
2059 4591 2213 4636 vero
2247 4591 2442 4652 quam

503 4655 721 4720 dirum
781 4654 1132 4719 anxietatis
1189 4661 1590 4720 tormentum
1649 4656 1881 4740 impios
1942 4656 2292 4735 excruciet,
2340 4656 2444 4722 his

501 4741 724 4806 verbis
789 4740 1208 4822 exprimitur:
1267 4741 1473 4806 vitam
1530 4762 1757 4806 eorum
1814 4743 1998 4825 quasi
2056 4763 2442 4826 suspensam

502 4825 645 4892 fore
681 4827 749 4890 in
787 4845 1014 4890 eorum
1051 4826 1274 4906 oculis,
1320 4836 1397 4891 ut
1436 4839 1727 4910 paveant
1776 4837 1963 4894 nocte
2007 4835 2076 4893 et
2119 4828 2239 4894 die.
2311 4829 2442 4893 Re-

503 4913 718 4978 fertur
787 4911 1081 4995 lepidum
1136 4924 1582 4978 commentum
1650 4913 1990 4998 Dionysii,
2066 4916 2175 4997 qui
2233 4914 2444 4979 aulico

504 4999 918 5076 assentaturi,
948 5019 987 5063 a
1014 5019 1141 5081 quo
1165 4998 1429 5063 laudata
1453 4998 1668 5064 fuerat
1696 5000 1836 5065 eius
1863 4999 2156 5080 felicitas,
2177 5018 2443 5064 coenam

505 5084 902 5167 exquisitam
937 5094 1003 5149 et
1052 5083 1296 5149 delitiis
1354 5085 1655 5150 omnibus
1701 5086 2008 5151 refertam
2044 5085 2267 5169 parari
2313 5085 2444 5151 ius·

505 5170 632 5248 sit,
680 5190 959 5254 eumque
996 5170 1235 5235 locavit
1277 5171 1346 5233 in
1393 5191 1513 5235 sua
1555 5170 1727 5250 sede,
1776 5181 1848 5236 ut
1891 5172 2180 5236 suaviter
2224 5171 2445 5254 epula-

502 5264 720 5323 retur:
765 5255 1056 5340 gladium
1092 5276 1245 5322 vero
1281 5255 1391 5338 qui
1428 5256 1569 5322 eius
1595 5257 1795 5339 capiti
1840 5256 2271 5341 impenderet,
2313 5259 2445 5324 ius-

505 5343 594 5408 sit
637 5364 673 5409 e
716 5343 828 5408 filo
874 5341 1215 5426 suspendi:
1276 5341 1386 5408 ille
1432 5363 1588 5409 vero
1631 5343 1740 5426 qui
1786 5352 2145 5428 tyrannum
2190 5344 2444 5412 felicem

1494 425 2070 495 SANCTIONES
2120 428 2180 492 A
2222 426 3022 495 PROMISSIONIBUS
3066 429 3186 495 ET
3231 427 3517 495 MlNIS.

4415 428 4504 494 44

2558 617 3085 701 praedicaverat,
3145 623 3425 681 mortem
3482 616 3758 700 singulis
3812 616 4160 681 momentis
4227 617 4348 683 sibi
4392 619 4506 683 in·

2556 712 2729 768 stare
2790 702 3051 781 videns,
3114 723 3232 768 nec
3291 703 3506 768 cibum
3553 722 3675 767 nec
3716 712 3943 786 potum
3988 710 4255 787 gustare
4300 724 4498 771 ausus

2557 796 2673 854 est.
2765 788 3124 855 Confessus
3174 809 3330 873 ergo
3376 798 3476 853 est
3520 789 3898 871 Dionysius,
3947 808 4079 852 non
4124 789 4267 853 sine
4310 790 4497 874 igno·

2558 875 2780 954 minia,
2819 895 2890 941 se
2936 883 3001 938 et
3046 884 3368 957 tyrannos
3413 895 3637 939 omnes
3684 873 3839 939 dum
3885 873 4030 940 aliis
4074 886 4229 939 sunt
4272 876 4497 941 formi-

2559 958 2823 1039 dabiles,
2868 960 3175 1026 continuo
3209 969 3388 1025 metu
3427 960 3602 1044 angi.
3673 959 3923 1025 Verum
3971 959 4197 1024 eadem
4243 959 4496 1044 inquie-

2557 1046 2717 1111 tudo
2743 1047 2996 1113 cunctis
3024 1047 3150 1111 Dei
3179 1047 3737 1129 contemptoribus
3767 1046 4129 1111 communis
4157 1056 4274 1111 est.
4321 1047 4494 1112 Nam

2556 1152 2687 1215 quo
2745 1131 3147 1216 petulantius
3206 1151 3479 1198 excusso
3535 1134 3675 1196 eius
3712 1132 3945 1197 timore
3990 1133 4360 1212 insaniunt,
4419 1154 4495 1198 eo

2555 1219 2797 1284 rectius
2842 1226 2941 1283 est
2985 1218 3065 1283 ab
3109 1218 3342 1282 umbra
3385 1239 3503 1283 sua
3554 1229 3861 1283 metuere.
3936 1216 4125 1282 Adde
4169 1217 4340 1300 quod
4384 1218 4496 1283 ubi

2556 1304 3116 1388 circumspicimus
3170 1312 3326 1386 quot
3370 1313 3612 1369 mortes
3656 1304 3860 1368 vitam
3906 1315 4197 1369 nostram
4242 1304 4495 1370 obside-

2557 1396 2695 1468 ant,
2728 1391 2871 1455 fieri
2908 1410 3037 1454 non
3074 1399 3310 1472 potest,
3345 1391 3500 1473 quin
3548 1389 3937 1455 naturaliter
3982 1410 4098 1455 nos
4139 1390 4496 1473 corripiant

2555 1476 2943 1540 innumerae
2988 1474 3479 1542 sollicitudines,
3538 1474 3714 1556 Quid
3760 1477 3962 1560 igitur
4006 1484 4272 1558 possent
4313 1476 4497 1558 impii

2554 1582 2752 1643 quam
2811 1562 3067 1628 miseris
3125 1568 3193 1627 et
3249 1563 3462 1627 anxiis
3522 1560 4035 1627 dubitationibus
4094 1563 4341 1642 vexari,
4385 1561 4497 1626 ubi

2554 1646 2808 1714 exclusi
2845 1670 2882 1712 a
2928 1648 3054 1713 Dei
3098 1646 3334 1727 tutela,
3382 1647 3463 1712 ad
3508 1647 3831 1730 quaslibet
3874 1667 4077 1712 noxas
4118 1667 4187 1713 se
4238 1648 4494 1730 exposi-

2556 1741 2659 1797 tos
2700 1732 2974 1798 vident?
3059 1735 3236 1817 Ergo
3291 1755 3421 1798 non
3466 1733 3730 1798 aliunde
3776 1732 4215 1816 tranquillitas
4260 1734 4496 1798 animis

2554 1840 2751 1901 quam
2784 1817 3004 1884 Deum
3040 1819 3278 1884 habere
3315 1819 3668 1899 custodem,
3707 1828 3772 1885 et
3808 1819 3881 1883 in
3918 1821 4055 1885 eius
4091 1819 4495 1901 protectione

2554 1906 2983 1989 acquiescere.
3072 1907 3204 1971 Per
3270 1905 3590 1971 visionem
3652 1905 4020 1985 oculorum,
4078 1925 4211 1969 non
4271 1905 4495 1971 dubito

2553 1993 2709 2073 quin
2736 1991 2956 2057 Moses
3001 2002 3262 2074 spectra
3306 2003 3370 2055 et
3416 1991 3951 2057 terriculamenta
3987 1990 4306 2072 designet,
4351 1991 4494 2075 qui-

2553 2076 2674 2141 bus
2711 2097 2885 2142 mors
2930 2085 3083 2142 ante
3126 2078 3346 2143 oculos
3390 2077 3686 2160 reprobis
3723 2087 4041 2143 versatur.

2725 2163 2828 2228 68.
2861 2161 3133 2230 Reducet
3155 2169 3210 2228 te
3245 2163 3493 2228 Iehova.
3541 2162 3802 2229 Scimus
3839 2162 4149 2247 populum
4185 2163 4280 2227 ita
4323 2162 4496 2227 inter

2551 2248 2794 2313 multos
2848 2249 3155 2315 interitus
3212 2251 3673 2315 circumactum
3727 2249 3929 2314 fuisse
3970 2250 4043 2314 in
4089 2251 4376 2327 deserte,
4422 2258 4497 2313 ut

2553 2334 2812 2398 nonnisi
2852 2334 3294 2419 singularibus
3333 2335 3662 2401 miraculis
3697 2335 3923 2401 salvus
3968 2335 4266 2402 evaserit.
4334 2334 4496 2399 Fuit

2552 2421 2757 2504 igitur
2829 2441 3242 2504 summopere
3315 2422 3590 2504 posteris
3651 2421 4013 2486 timendum
4070 2443 4154 2486 ne
4211 2422 4286 2485 in
4344 2419 4494 2485 illas

2553 2514 2773 2571 vastas
2810 2505 3078 2591 abyssos
3114 2507 3353 2572 iterum
3390 2507 3903 2572 retraherentur.
3972 2506 4105 2588 Qui
4143 2505 4346 2574 semel
4382 2527 4494 2571 eos

2554 2592 2886 2675 eripuerat
2927 2593 3008 2659 ab
3053 2592 3185 2658 illis
3229 2592 3571 2671 mortibus,
3618 2601 3872 2675 poterat
3919 2593 4180 2677 quidem
4226 2593 4493 2675 saepius

2553 2698 2695 2743 esse
2742 2677 3084 2744 liberator:
3144 2678 3257 2745 sed
3303 2700 3430 2762 quo
3464 2678 3674 2763 pluris
3718 2680 3905 2744 ficret
3946 2678 4366 2744 memorabile
4409 2676 4488 2742 il-

2551 2762 2669 2828 lud
2716 2764 3133 2840 beneficium,
3195 2764 3276 2829 ab
3334 2764 3511 2830 illius
3556 2765 3797 2831 deserti
3841 2786 4102 2832 accessu
4147 2766 4215 2829 in
4261 2784 4492 2847 perpe·

2555 2858 2741 2914 tuum
2811 2871 2916 2915 eos
2978 2851 3401 2917 subduxerat.
3504 2851 3685 2935 Ergo
3744 2850 3900 2917 illuc
3953 2872 4065 2916 eos
4123 2850 4491 2930 retrahens,

2554 2936 2833 3023 gratiam
2869 2936 3337 3020 redemptionis
3372 2935 3849 3020 quodammodo
3895 2936 4158 3002 delevit.
4227 2935 4304 3003 Si
4348 2935 4493 3020 quis

2553 3020 2832 3097 obiiciat,
2870 3043 3003 3087 non
3040 3023 3326 3106 potuisse
3361 3023 3512 3089 vehi
3546 3023 3857 3107 populum
3893 3021 4166 3089 navibus
4200 3044 4319 3107 per
4353 3021 4495 3086 loca

2554 3107 2757 3185 arida,
2802 3107 2875 3171 in
2920 3119 3223 3193 promptu
3267 3108 3505 3175 solutio
3549 3120 3680 3186 est,
3742 3110 4049 3192 quoniam
4093 3107 4494 3191 captivitatis

2552 3196 2630 3259 fit
2670 3195 2941 3274 menti0,
2986 3214 3117 3259 non
3164 3215 3308 3261 esse
3352 3194 3709 3261 absurdum
3754 3194 3811 3261 si
3854 3195 4134 3261 navibus
4185 3194 4494 3278 impositi,

2554 3279 2634 3345 ad
2698 3279 2886 3345 littus
2953 3279 3121 3364 quod
3189 3280 3526 3363 planitiem
3594 3281 3791 3346 Moab
3858 3281 4151 3364 respicit,
4217 3279 4493 3364 proiecti

2551 3366 2814 3443 fuerint,
2855 3374 2927 3431 ut
2960 3365 3233 3451 pedibus
3270 3367 3594 3450 reliquum
3629 3368 3758 3431 iter
3792 3367 4080 3432 facerent
4114 3388 4229 3449 per
4272 3365 4492 3432 deser-

2551 3461 2692 3517 tum
2752 3452 3071 3536 vagando.
3160 3453 3458 3519 'l'andcm
3524 3474 3721 3537 quam
3780 3452 4081 3538 lugubris
4137 3453 4363 3519 futura
4406 3452 4493 3518 sit

2548 3558 2774 3604 eorum
2834 3537 3119 3605 conditio
3177 3539 3496 3605 ostendit:
3540 3539 3695 3623 quia
3736 3559 3807 3604 se
3849 3538 4137 3605 vendere
4179 3544 4493 3623 appetent

2547 3624 2686 3690 suis
2729 3624 3048 3706 inimicis,
3105 3646 3226 3691 nec
3272 3635 3492 3691 tamen
3537 3632 3805 3709 propter
3861 3625 4185 3692 vilitatem
4245 3624 4489 3709 reperi-

2546 3718 2661 3777 ent
2706 3719 3055 3793 emptores.

3216 4053 3347 4119 EX
3389 4050 3661 4118 DEU'I'.
3708 4051 3829 4117 IV.

2719 4226 2823 4292 25.
2878 4225 3083 4307 Quum
3123 4226 3414 4309 ycnueris
3450 4224 3618 4306 filios
3661 4230 3719 4290 et
3758 4229 4017 4308 nepotes,
4063 4229 4117 4289 et
4159 4226 4493 4291 senueritis

2546 4314 2619 4379 in
2658 4318 2830 4379 terra
2872 4311 3006 4392 illa,
3050 4312 3458 4393 corruperitis
3476 4315 3683 4376 autem
3716 4331 3840 4390 vos,
3885 4316 3941 4376 et
3976 4312 4252 4394 feceritis
4293 4313 4496 4394 sculp-

2548 4400 2672 4478 tile,
2734 4398 3078 4481 ivnayinem
3121 4398 3537 4478 cuiuscunque
3576 4398 3673 4463 rei
3717 4403 3902 4480 atque
3939 4397 4217 4480 feceritis
4257 4399 4496 4464 malum

2547 4485 2618 4551 in
2652 4485 2848 4551 oeulis
2870 4483 3134 4549 Iehovae
3159 4482 3288 4548 Dei
3329 4484 3535 4561 vestri,
3579 4483 3895 4550 irritando
3935 4483 4136 4560 illum,
4201 4483 4306 4549 26.
4351 4484 4498 4549 Tes-

2546 4576 2643 4638 tor
2688 4575 2900 4637 contra
2944 4589 3052 4635 vos
3093 4569 3270 4636 hodie
3301 4570 3541 4637 coelum
3581 4575 3636 4634 et
3679 4574 3931 4648 terram,
3977 4569 4143 4652 quod
4173 4570 4494 4651 pereundo

2536 4655 2835 4740 peribitis
2902 4656 3023 4722 cito
3082 4676 3115 4720 e
3166 4660 3335 4721 terra
3397 4656 3483 4722 ad
3538 4676 3733 4739 quam
3778 4656 4090 4739 peryendo
4153 4655 4496 4721 transitum·

2549 4743 2699 4809 estis
2756 4741 3098 4808 Iordanem
3112 4791 3128 4820 ‚
3183 4747 3254 4806 ut
3298 4742 3683 4824 possideatis
3725 4762 3892 4806 eam:
3952 4762 4076 4807 non
4110 4741 4498 4824 protrahente

2548 4830 2688 4895 dies
2752 4829 2822 4893 in
2877 4848 2984 4893 ea.-
3040 4828 3194 4910 quia
3235 4828 3645 4909 disperdendo
3688 4826 4156 4908 disperdemini.
4246 4827 4349 4892 27.
4398 4828 4499 4893 Ac

2549 4915 2854 4998 dieperyet
2883 4933 2992 4979 voe
3027 4912 3261 4979 Ichova
3302 4915 3466 4980 inter
3495 4914 3785 4995 papulae,
3824 4918 3881 4978 et
3912 4914 4350 4995 relinquemini
4392 4913 4497 4978 ho-

2548 5001 2748 5065 mines
2775 5000 2978 5081 pauci
3021 5020 3275 5065 numero
3317 5001 3386 5064 in
3423 4999 3702 5082 yentibus
3747 4998 3833 5064 ad
3891 5019 4057 5081 quas
4098 4999 4350 5065 deducet
4391 5018 4498 5063 vos

2554 5085 2802 5151 Ichova.
2892 5085 2995 5150 28.
3039 5085 3454 5167 Servietisque
3494 5083 3585 5148 ibi
3625 5085 3791 5173 diis„
3832 5087 4009 5166 operi
4049 5104 4356 5150 manuum
4397 5083 4499 5150 ho-

2551 5173 2812 5250 minum,
2857 5171 3025 5254 liquo
3060 5177 3118 5236 et
3153 5172 3377 5253 lapidi,
3423 5190 3582 5252 quae
3621 5189 3750 5235 non
3791 5171 4015 5250 vident,
4060 5190 4168 5235 nec
4208 5171 4495 5251 audiunt,

2552 5278 2662 5324 nec
2716 5257 3072 5338 comedunt,
3133 5278 3241 5323 nec
3293 5259 3647 5324 odorantur.
3734 5256 3838 5322 29.
3907 5256 4083 5338 Quod
4123 5257 4186 5322 si
4229 5257 4500 5340 requisi-

2552 5344 2683 5411 eris
2736 5345 2881 5411 inde
2939 5344 3230 5410 Iehovam
3273 5343 3483 5410 Deum
3524 5346 3703 5408 mum
3718 5394 3735 5423 ,
3775 5348 3911 5409 tum
3952 5343 4232 5409 invenies
4245 5393 4261 5420 ,
4304 5344 4366 5409 si
4406 5364 4499 5408 re-
