5017 6142
481 438 601 505 241

476 626 719 695 iniuste
795 629 1067 713 gravati.
1176 628 1322 696 Hoc
1400 650 1554 715 ergo
1631 628 1714 696 ad
1791 630 2417 699 commendationem

476 734 712 780 causae
769 714 945 781 valet
988 715 1160 798 quod
1204 716 1386 782 Deus
1429 716 1606 800 ipsos
1648 715 2034 783 exaudierit.
2122 717 2420 783 Probant

477 808 695 866 autem
741 801 823 867 ab
866 801 1104 868 effectu
1125 799 1341 867 Deum
1389 802 1588 869 fuisse
1628 801 2077 869 liberatorem:
2124 803 2278 887 quia
2318 803 2421 868 in-

475 884 804 952 credibilis
878 885 1079 953 fuerit
1152 888 1399 967 exitus,
1466 907 1841 972 quanquam
1905 889 2192 955 breviter
2256 889 2419 956 haec

522 992 631 1038 ars
682 972 1052 1057 attingitur.
1140 971 1331 1055 Quod
1379 981 1596 1039 autem
1640 995 1759 1057 per
1800 972 2108 1059 angelum
2153 972 2419 1058 quidam

553 1079 711 1125 osen
753 1058 1152 1143 intelligunt,
1197 1057 1513 1143 frigidum
1558 1075 1694 1125 est:
1739 1061 2045 1144 quoniam
2078 1059 2260 1125 haud
2297 1058 2418 1125 du-

474 1145 579 1211 bie
622 1143 746 1212 hoe
803 1145 1067 1210 nomine
1121 1144 1584 1211 commendant
1640 1166 1804 1229 quae
1862 1146 2045 1212 Deus
2104 1144 2420 1212 miracula

473 1227 785 1297 ediderat.
871 1230 1081 1297 Porro
1133 1228 1255 1296 etsi
1313 1230 1531 1315 angeli
1588 1238 2137 1299 castrametantur
2178 1233 2247 1297 in
2293 1232 2419 1298 cir·

473 1318 657 1383 cuitu
714 1335 1054 1383 servorum
1099 1316 1259 1395 Dei,
1315 1327 1380 1381 et
1433 1323 1688 1383 certum
1741 1323 1842 1384 est
1883 1317 2106 1402 plures
2150 1316 2417 1400 angelos

470 1401 708 1469 salutis
779 1401 1004 1486 populi
1080 1401 1280 1468 fuisse
1357 1403 1724 1470 ministros:
1804 1402 2112 1487 angelum
2193 1410 2419 1468 tamen

519 1488 819 1572 raecipue
882 1486 1189 1573 designat
1252 1489 1362 1572 qui
1427 1497 1579 1555 ante
1644 1488 1902 1572 saepius
1967 1496 2237 1556 vocatus
2292 1488 2419 1554 fuit

510 1573 748 1654 ebova,
821 1582 889 1640 et
944 1574 1017 1638 in
1069 1593 1197 1657 quo
1255 1573 1535 1657 perfecte
1590 1574 1849 1641 refulsit
1905 1572 2033 1639 Dei
2092 1574 2415 1641 maiestas.

468 1660 647 1726 Eum
691 1679 847 1727 vero
893 1659 1093 1726 fuisse
1134 1657 1475 1725 Christum
1521 1658 1708 1728 docet
1748 1659 2018 1726 Paulus.

646 1746 744 1812 19.
792 1743 1114 1811 Dixerunt
1167 1745 1227 1811 ei
1262 1744 1392 1828 plui
1432 1744 1661 1814 Israel.
1748 1746 2086 1811 Incertum
2130 1752 2231 1811 est
2274 1744 2415 1810 fue·

468 1832 687 1898 rintne
743 1829 1029 1899 secundo
1086 1830 1270 1897 missi
1324 1830 1559 1917 legati,
1618 1832 1730 1916 qui
1773 1832 2107 1898 sinistram
2151 1850 2413 1897 omnem

468 1916 903 2001 suspicionem
943 1915 1271 1983 diluerent
1304 1916 1386 1983 ad
1431 1916 1818 2001 placandam
1863 1916 2187 1983 ferociam.
2249 1915 2415 1981 Pro-

466 2001 681 2070 babile
721 2011 941 2069 tamen
976 2011 1080 2068 est
1110 2002 1340 2069 referri
1384 2003 1557 2086 quod
1599 2023 1731 2070 una
1777 2010 1844 2067 et
1876 2002 2106 2069 eadem
2147 2001 2413 2086 expedi-

466 2089 652 2156 tione
695 2097 912 2155 actum
957 2087 1098 2154 fuit.
1183 2086 1460 2156 Summa
1505 2109 1664 2157 vero
1710 2099 1839 2168 est,
1883 2088 2049 2154 nihil
2094 2108 2225 2153 non
2269 2095 2412 2153 ten·

464 2183 644 2242 tasse
697 2173 1032 2240 Israelitas
1096 2180 1170 2239 ut
1228 2193 1345 2259 per
1399 2173 1746 2259 Idumaeos
1801 2174 2066 2240 daretur
2123 2172 2291 2238 liber
2347 2180 2416 2239 et

462 2260 777 2327 innoxius
825 2260 1177 2326 transitus:
1236 2280 1363 2344 quo
1422 2259 1647 2327 durior
1682 2270 1748 2327 et
1793 2258 2014 2326 minus
2057 2257 2415 2324 tolerabilis

461 2346 677 2413 videri
721 2346 932 2430 potuit
976 2344 1256 2429 repulsa.
1346 2342 1480 2413 Sed
1524 2346 1708 2413 Deus
1751 2345 1873 2414 hoc
1917 2344 2221 2411 examine
2251 2365 2414 2495 fro·

462 2431 624 2499 bare
678 2431 894 2498 voluit
934 2432 1156 2515 populi
1195 2432 1297 2497 sui
1343 2431 1799 2499 obedientiam.
1889 2429 2085 2513 Quod
2125 2430 2210 2497 ad
2292 2429 2413 2497 du·

461 2539 689 2585 maeos
711 2526 979 2601 spectat,
1017 2517 1317 2600 quamvis
1340 2538 1524 2584 arma
1547 2524 1793 2585 temere
1828 2515 2147 2585 sumendo
2168 2517 2410 2583 iustam

461 2604 588 2671 sibi
633 2603 884 2672 cladem
927 2608 1360 2682 accerserent,
1418 2604 1603 2670 Deus
1638 2610 1863 2670 tamen
1900 2601 1984 2668 ad
2028 2609 2287 2685 tempus
2328 2602 2407 2667 il-

460 2689 549 2757 lis
584 2690 901 2773 pepercit:
946 2710 1077 2755 non
1113 2688 1496 2772 simpliciter
1530 2689 1943 2774 ignoscend0,
1979 2686 2093 2753 sed
2129 2708 2406 2773 poenam

461 2774 665 2863 (sicut
704 2773 894 2862 solet)
938 2773 1300 2841 differendo
1342 2775 1415 2840 in
1460 2783 1718 2860 tempus
1761 2780 2115 2841 maturum.

636 2862 835 2929 Deut.
878 2860 954 2941 2,
1000 2860 1057 2925 7.
1107 2859 1430 2941 Siquidem
1473 2859 1705 2928 Ielzova
1748 2861 1932 2927 Deus
1971 2863 2133 2927 tuus.
2221 2858 2408 2926 Haec

460 2945 633 3014 ratio
677 2946 968 3026 additur,
1022 2964 1107 3011 ne
1150 2946 1392 3031 populo
1434 2946 1782 3013 molestum
1825 2954 1999 3012 esset
2039 2945 2406 3029 pecuniam,

462 3032 654 3100 cuius
696 3054 829 3099 non
873 3052 1115 3116 magna
1156 3042 1299 3097 erat
1342 3032 1547 3118 copia,
1591 3052 1971 3099 consumere
2013 3031 2085 3096 in
2130 3029 2406 3097 emendo

460 3119 608 3187 cibo
644 3127 710 3186 et
744 3125 922 3203 potu.
986 3119 1137 3184 Duo
1181 3125 1402 3185 autem
1445 3126 1603 3184 sunt
1643 3116 1968 3184 membra:
2006 3116 2136 3183 Dei
2176 3115 2408 3183 libera-

462 3205 646 3271 litate
699 3204 793 3272 sic
850 3224 992 3270 esse
1035 3202 1304 3284 ditatos,
1363 3211 1441 3269 ιιι
1482 3211 1787 3287 suppetat
1828 3202 2102 3269 facultas
2145 3201 2227 3268 ad
2272 3203 2406 3269 vic-

460 3298 605 3356 tum
657 3289 1037 3357 emendum:
1094 3287 1327 3356 deinde
1384 3310 1517 3355 non
1572 3310 1715 3356 esse
1772 3286 2204 3355 dubitandum
2246 3287 2407 3372 quin

461 3375 638 3443 idem
692 3397 920 3442 eorum
984 3373 1386 3460 indigentiae
1438 3373 1788 3441 subveniat
1843 3376 1898 3441 si
1957 3392 2122 3458 opus
2189 3373 2407 3456 fuerit,

463 3462 619 3546 quia
676 3461 995 3530 hactenus
1044 3461 1206 3545 ipsis
1251 3460 1694 3545 prospexerit,
1751 3481 1872 3528 nec
1924 3479 2157 3545 passus
2212 3460 2409 3526 fuerit

463 3548 599 3615 ulla
671 3567 744 3612 re
805 3568 1015 3632 egere.
1114 3547 1591 3632 Experimento
1659 3547 1865 3631 igitur
1917 3566 2028 3611 eos
2086 3544 2168 3611 ad
2223 3566 2404 3630 spem

464 3634 741 3700 animat:
802 3633 953 3718 quia
999 3633 1217 3712 Deus,
1278 3641 1352 3698 ut
1407 3640 1560 3698 ante
1603 3632 1837 3699 solitus
1880 3631 2121 3710 fuerat,
2183 3651 2407 3697 eorum

462 3738 685 3786 curam
729 3727 897 3804 aget.
968 3716 1330 3800 Quaeritur
1372 3728 1592 3785 tamen
1637 3716 1957 3802 quomodo
2004 3715 2177 3784 dicat
2219 3716 2406 3783 Deus

463 3827 535 3872 se
569 3804 982 3872 benedixisse
1018 3803 1226 3870 labori
1260 3824 1575 3870 manuum
1610 3806 1922 3890 ipsorum,
1961 3802 2197 3887 quibus
2239 3802 2406 3867 nihil

462 3900 606 3956 erat
640 3889 1012 3957 commercii
1055 3910 1204 3956 cum
1248 3889 1395 3956 aliis
1436 3890 1761 3975 gentibus,
1806 3896 1882 3954 ut
1922 3889 2031 3955 vel
2074 3887 2406 3954 tantillum

459 3977 631 4043 lucri
665 3976 976 4044 facerent.
1055 3975 1202 4059 Ego
1238 3995 1395 4041 vero
1430 3976 1523 4042 sic
1554 3977 1973 4060 interpretor,
2017 3995 2219 4059 quum
2255 3995 2408 4059 gra-

458 4063 548 4129 tis
603 4061 938 4129 alerentur
992 4061 1066 4127 in
1124 4060 1415 4145 deserto,
1471 4082 1591 4128 nec
1649 4082 1861 4128 assem
1900 4081 2111 4126 unum
2153 4061 2405 4145 impen-

460 4149 691 4214 derent
749 4147 832 4214 ad
893 4145 1202 4215 emendas
1257 4147 1601 4231 corrigias,
1699 4167 1886 4214 ecora
1937 4166 2161 4213 eorum
2207 4146 2408 4213 fuisse

459 4243 685 4316 aucta,
742 4232 977 4301 deinde
1029 4255 1112 4300 ex
1170 4232 1547 4317 quotidiano
1591 4233 1656 4298 la
1741 4254 1809 4298 re
1851 4232 2080 4299 fecisse
2123 4231 2409 4317 aliquem

456 4328 833 4403 quaestum:
878 4341 1012 4387 non
1046 4317 1498 4403 quotidianum
1538 4319 1821 4402 pretium
1856 4316 2247 4402 recipiendo,
2292 4315 2408 4385 sed

455 4405 751 4490 parando
791 4405 918 4473 sibi
962 4403 1434 4490 supellectilem
1480 4414 1546 4471 et
1588 4404 1986 4472 necessarias
2027 4403 2261 4488 copias.

794 4752 801 4761 '
932 4745 1066 4812 EX
1107 4744 1458 4813 NUMER.
1507 4743 1706 4812 OAP.
1751 4744 1911 4813 XX.

632 4917 735 4985 23.
799 4917 994 4985 Dixit
1054 4920 1259 4983 autem
1317 4914 1547 4983 Iehova
1611 4918 1698 4984 ad
1753 4916 1976 4983 Mosen
2027 4919 2086 4981 et
2141 4913 2406 4981 Aharon

455 5006 533 5070 in
601 5008 799 5069 monte
863 5003 1033 5084 Hor,
1112 5004 1185 5069 in
1243 5001 1479 5084 finibus
1538 5008 1740 5069 terrae
1804 5003 2041 5083 Edem,
2115 5001 2404 5068 dicendo:

452 5088 564 5155 24.
607 5087 1089 5174 Gonyreqabim
1110 5088 1374 5155 Aharon
1410 5089 1497 5155 ad
1518 5089 1789 5171 populos
1820 5109 1988 5156 suos,
2060 5086 2207 5154 Non
2239 5087 2406 5153 enim

454 5173 844 5326 aggredietur
899 5179 1131 5240 terram
1186 5194 1377 5257 quam
1428 5174 1573 5241 dedi
1623 5174 1786 5257 filiis
1829 5174 2037 5243 Israel
2049 5197 2068 5237 .-
2120 5193 2188 5240 eo
2240 5173 2405 5256 quod

448 5280 495 5327 r
567 5260 711 5327 elles
749 5259 1007 5344 fueritis
1049 5260 1149 5326 ori
1188 5280 1317 5326 meo
1358 5260 1432 5325 in
1473 5261 1660 5343 aquis
1697 5261 1916 5345 iwryii.
2001 5257 2106 5326 25.
2175 5259 2407 5340 Accipe

452 5345 721 5414 Aharon
764 5350 823 5411 et
864 5344 1143 5412 Eleazar
1192 5346 1401 5426 filiam
1443 5346 1582 5412 eius
1597 5397 1612 5427 ,
1667 5352 1724 5413 et
1777 5347 2103 5413 ascendere
2152 5344 2259 5427 fae
2299 5364 2404 5411 eos

658 5445 883 5505 Caluini
905 5461 1093 5519 opera.
1164 5447 1284 5506 Vol.
1331 5446 1526 5505 XXV.

1893 441 2299 511 REDITUS
2343 443 2468 510 AD
2515 441 3055 514 HISTORIAM.

4341 453 4484 522 242

2517 633 2590 697 in
2612 631 2752 698 Hor
2788 638 3070 700 montevn.
3143 634 3248 701 26.
3299 634 3476 703 Tune
3505 654 3692 702 exues
3710 634 3984 705 Aharon
4005 637 4273 706 vestibus
4309 642 4476 725 saio,

2519 716 2745 800 quibus
2818 719 3042 785 indues
3107 719 3390 786 E'leazar
3456 721 3665 805 filium
3726 722 3894 788 eius:
3971 724 4127 806 quia
4203 726 4470 795 Aharon

2518 802 2851 888 colliqetwr,
2896 810 2952 871 et
2992 807 3293 873 morietur
3333 805 3440 872 ibi.
3526 806 3631 873 27.
3671 806 3963 891 Fecitque
4006 809 4222 877 Moses
4262 832 4471 895 quem-

2518 888 2854 955 admodum
2914 897 3323 974 praeceperat
3401 891 3649 959 Iehova.
3756 891 3847 958 Et
3928 895 4330 962 ascenderunt
4398 900 4469 964 in

2521 973 2662 1040 Hor
2711 981 2971 1043 montem
3025 977 3098 1043 in
3140 977 3340 1044 oculis
3393 979 3581 1044 totius
3621 980 4125 1063 conqreqaaonis.
4212 982 4318 1050 28.
4381 981 4473 1050 Et

2517 1060 2692 1126 exuit
2726 1060 2937 1128 Moses
2970 1062 3233 1129 Aharon
3267 1062 3535 1129 vestibus
3574 1065 3716 1130 suis
3729 1113 3746 1145 ,
3793 1069 3850 1131 et
3880 1065 4090 1131 induit
4119 1066 4253 1135 illis
4283 1068 4472 1136 Elea-

2517 1166 2636 1211 zar
2672 1145 2883 1228 filium
2924 1148 3080 1226 eiua,
3124 1154 3525 1232 mortuusque
3567 1155 3658 1216 eet
3699 1149 3963 1216 Aharon
4003 1151 4096 1217 ibi
4135 1153 4207 1218 in
4249 1156 4472 1223 vertice

2519 1232 2766 1298 monti-3.
2861 1233 3036 1300 Tunc
3087 1235 3398 1302 descendit
3454 1234 3670 1302 Moses
3710 1240 3764 1301 et
3804 1234 4090 1303 Eleazar
4130 1238 4206 1303 de
4246 1245 4466 1309 monte.

2519 1316 2624 1383 29.
2707 1317 2943 1385 Videas
3014 1325 3220 1385 ‹mtem
3302 1323 3426 1385 tota
3503 1340 3690 1405 conyr
3760 1321 3890 1387 atio
3965 1323 4134 1404 quod
4218 1325 4469 1394 obiisset

2518 1401 2785 1470 Aharon
2811 1404 3113 1485 fleverunt
3145 1427 3289 1472 eam
3318 1406 3582 1490 triqv’nta
3601 1407 3671 1472 d·
3740 1426 3820 1473 ua
3838 1411 3971 1473 tota
3993 1408 4216 1476 domus
4237 1408 4466 1479 Israel.

2723 1792 3148 1863 EIUSDEM
3192 1796 3705 1865 HISTORIAE
3748 1799 4268 1869 REPE'HTIO.

2909 2001 3042 2067 EX
3083 2001 3433 2068 NUMER„
3484 2002 3684 2070 OAP.
3727 2001 4071 2071 XXXIII.

2691 2171 2795 2239 38.
2864 2172 3167 2239 Ascendit
3228 2178 3437 2240 autem
3502 2172 3767 2240 Aharon
3828 2176 4117 2243 sacerdos
4178 2176 4250 2242 in
4316 2170 4463 2243 Hor

2516 2261 2779 2323 montem
2818 2259 3154 2324 secundum
3202 2279 3540 2325 sermonem
3593 2259 3884 2326 Iehovae:
3939 2266 3998 2326 et
4036 2266 4318 2328 mortuus
4373 2267 4465 2329 est

2514 2344 2604 2408 ibi
2648 2364 2811 2410 anno
2854 2344 3330 2428 quadragesimo
3361 2365 3439 2411 ex
3471 2365 3593 2428 quo
3628 2347 3863 2430 syr-esai
3903 2352 4052 2413 swnt
4080 2346 4212 2428 filii
4254 2344 4464 2415 Israel

2512 2449 2546 2494 e
2609 2433 2784 2496 terra
2848 2428 3122 2514 Aeyypti
3135 2481 3152 2512 ,
3216 2450 3422 2497 mense
3489 2432 3701 2513 quinto
3715 2482 3732 2511 ,
3787 2432 4005 2512 primo
4062 2433 4165 2499 die
4204 2435 4459 2501 mensis.

2515 2515 2618 2581 39.
2685 2514 2856 2581 Dat
2895 2515 3162 2582 Aharon
3201 2521 3391 2583 natus
3432 2522 3670 2583 ceratum
3710 2537 3786 2584 ac
3826 2518 4053 2602 viyinti
4093 2522 4216 2585 tres
4257 2538 4462 2586 annos

2512 2602 2762 2684 quando
2804 2607 3089 2667 mortuus
3130 2608 3220 2667 est
3261 2603 3333 2668 in
3376 2602 3516 2669 Hor
3555 2607 3769 2670 monte.

2684 2770 2787 2837 23.
2859 2770 3058 2838 Dixit
3139 2777 3344 2839 autem
3427 2772 3674 2839 Iehova.
3771 2773 4000 2839 Primo
4083 2773 4154 2838 in
4249 2780 4461 2840 morte

2512 2859 2783 2924 Aharon
2820 2857 3294 2924 consideranda
3337 2859 3525 2925 nobis
3559 2868 3661 2925 est
3696 2857 3915 2925 iudicii
3951 2878 4077 2943 quo
4114 2858 4459 2926 damnatus

2510 2943 2727 3010 fuerat
2762 2944 3175 3027 exsequutio:
3221 2944 3374 3028 quia
3408 2943 3749 3010 ostendere
3785 2944 3996 3010 voluit
4014 2944 4201 3010 Deus
4218 2964 4291 3011 se
4324 2967 4456 3010 non

2509 3028 2760 3095 frustra
2822 3036 2958 3094 tam
3020 3028 3116 3095 illi
3174 3050 3369 3113 quam
3429 3030 3603 3096 Mosi
3662 3030 3981 3095 minatum
4042 3051 4217 3107 esse,
4282 3029 4459 3114 quod

2511 3123 2674 3181 tunc
2730 3113 2993 3194 accidit,
3050 3113 3599 3200 quemadmodum
3656 3116 3946 3181 territari
3996 3114 4208 3182 solent
4249 3116 4456 3200 pueri.

2516 3198 2589 3267 Si
2625 3200 2867 3284 absque
2903 3200 3041 3266 ulla
3073 3200 3517 3286 praedictione
3551 3210 3852 3267 mortuus
3885 3202 4118 3267 fuisset
4162 3202 4456 3282 Aharon,

2556 3286 2668 3351 uia
2722 3306 2843 3370 pro
2898 3287 3076 3351 vitae
3140 3286 3549 3372 longitudine
3603 3286 3786 3352 visus
3841 3286 4075 3353 fuisset
4137 3288 4272 3353 fato
4337 3307 4458 3352 suo

2509 3307 2806 3456 defungi,
2864 3370 2967 3459 (ut
3016 3371 3399 3459 loquuntur)
3464 3381 3757 3437 moerore
3814 3370 4137 3439 debilitari
4200 3379 4458 3456 poterat

2507 3456 2789 3543 populus
2809 3508 2827 3538 ,
2884 3464 2963 3522 ιιι
3016 3457 3197 3523 nulla
3252 3456 3485 3523 deinde
3531 3466 3704 3523 esset
3761 3457 3843 3523 ad
3890 3457 4293 3543 pergendum
4345 3479 4457 3524 vo-

2507 3543 2763 3609 luntas:
2834 3563 3011 3609 nunc
3076 3542 3232 3610 dum
3300 3546 3369 3609 in
3415 3549 3625 3610 morte
3681 3545 3876 3609 unius
3935 3543 4217 3610 hominis
4280 3542 4456 3610 clare

2506 3636 2780 3713 apparet
2831 3626 3078 3712 publici
3134 3630 3423 3695 omnium
3479 3628 3742 3695 sceleris
3798 3628 4158 3709 damnatio,
4217 3632 4455 3695 acerri-

2506 3736 2655 3780 mus
2733 3714 2814 3780 ad
2895 3734 3123 3780 omnes
3200 3713 3584 3800 pungendos
3650 3714 3955 3781 stimulus
4021 3735 4165 3780 esse
4230 3714 4456 3781 debuit

2506 3806 2695 3865 tanta
2753 3800 2881 3865 Dei
2946 3799 3264 3867 severitas
3320 3800 3393 3865 in
3447 3820 3776 3869 summum
3846 3799 4273 3879 sacerdotem,
4342 3799 4456 3884 qui

2504 3886 2689 3970 prius
2732 3907 2850 3952 sua
2889 3886 3357 3953 intercessione
3409 3887 3625 3952 Deum
3683 3906 3841 3970 erga
3882 3906 4107 3952 omnes
4149 3886 4455 3970 placave-

2505 3980 2630 4038 rat.
2718 3971 2998 4038 Necesse
3063 3973 3241 4037 euim
3305 3982 3449 4037 erat
3511 3972 3738 4038 venire
3811 3969 3947 4037 illis
4007 3972 4078 4036 in
4144 3982 4453 4050 mentem,

2507 4078 2642 4123 non
2685 4058 2964 4142 amplius
3016 4079 3166 4124 cum
3221 4055 3365 4122 Deo
3426 4055 3780 4122 ludendum
3831 4078 4011 4141 esse,
4060 4077 4281 4123 coram
4326 4077 4458 4140 quo

2508 4165 2593 4210 ne
2651 4152 2878 4210 sancta
2933 4143 3195 4227 quidem
3254 4141 3368 4208 illa
3423 4142 3714 4227 dignitas
3772 4161 4050 4228 poenam
4115 4142 4247 4207 effu
4294 4151 4454 4209 eret.

2508 4229 2694 4296 Haec
2751 4230 2919 4295 ratio
2978 4228 3104 4295 fuit
3153 4250 3273 4294 cur
3328 4229 3399 4293 in
3453 4228 3742 4294 omnium
3788 4234 4137 4311 conspectu
4182 4229 4241 4293 A
4293 4247 4456 4294 aron

2509 4313 2592 4380 ad
2636 4325 2915 4381 mortem
2955 4322 3224 4381 vocatus
3266 4314 3495 4393 fuerit,
3555 4320 3631 4379 ut
3673 4313 3818 4378 Deo
3862 4314 4088 4380 vivere
4132 4313 4457 4380 discerent

2511 4402 2925 4485 superstites,
2981 4421 3181 4484 quum
3227 4398 3309 4465 ad
3352 4398 3712 4484 parendum
3761 4419 3873 4465 eos
3916 4398 4188 4466 notabili
4231 4419 4453 4465 exem-

2507 4486 2617 4571 plo
2659 4485 3050 4552 institueret.
3140 4485 3365 4569 Neque
3409 4485 3583 4550 enim
3630 4493 3763 4549 tam
3817 4484 4089 4550 Aharon
4136 4493 4205 4550 et
4247 4484 4454 4551 Mosis

2508 4590 2704 4638 causa
2759 4569 3021 4635 additur
3070 4571 3510 4654 exprobratio,
3566 4591 3701 4635 non
3759 4571 4015 4636 visuros
4060 4579 4299 4635 terram
4316 4621 4332 4651 ,
4374 4589 4454 4634 eo

2506 4655 2676 4742 quod
2732 4655 3008 4722 rebelles
3061 4656 3323 4722 fuerant
3378 4656 3661 4722 sermoni
3715 4655 3878 4737 Dei,
3936 4675 4134 4739 quam
4186 4662 4262 4720 ut
4303 4676 4452 4721 sen·

2506 4743 2665 4809 tiret
2734 4741 3019 4825 populus
3083 4740 3294 4808 decies
3372 4763 3444 4808 se
3508 4741 3783 4807 interitu
3863 4741 4061 4807 fuisse
4142 4740 4451 4826 dignum:

2505 4828 2818 4914 quoniam
2862 4847 2981 4893 sua
3022 4828 3428 4894 contumacia
3449 4837 3952 4910 exasperaverat
3972 4836 4231 4892 sanctos
4253 4826 4452 4907 viros,

2503 4923 2579 4980 ut
2622 4913 2746 4980 zeli
2789 4913 3293 4997 intemperantia
3337 4934 3377 4979 a
3418 4913 3546 4979 fide
3589 4932 3792 4997 prope
3837 4911 4229 4979 exciderent.

2675 5000 2780 5067 25.
2847 4999 3079 5082 Accipe
3122 4998 3385 5064 Aharon
3427 5004 3484 5064 et
3517 4998 3813 5065 Eleazar.
3902 4996 4256 5063 Successor
4299 4997 4452 5064 vivo

2503 5085 2720 5152 adhuc
2753 5092 2822 5151 et
2856 5084 3193 5168 superstiti
3229 5084 3668 5169 designandus
3711 5084 3853 5163 fuit,
3898 5082 4128 5165 prime,
4164 5089 4240 5147 ut
4269 5086 4451 5166 vige-

2503 5179 2606 5238 ret
2670 5168 3011 5238 sacerdotii
3065 5172 3500 5254 perpetuitas,
3566 5168 3800 5234 deinde
3855 5189 3936 5233 ne
3993 5167 4274 5251 populus
4326 5191 4452 5255 pro

2503 5258 2697 5323 solita
2739 5256 3125 5338 temeritate,
3168 5277 3308 5321 rem
3350 5257 3420 5321 in
3459 5256 3661 5322 solius
3689 5254 3813 5319 Dei
3859 5253 4127 5318 arbitrio
4166 5254 4453 5339 positam

2504 5343 2797 5410 traheret
2840 5341 2923 5410 ad
2958 5361 3079 5412 sua
3120 5342 3452 5427 suffragia.
3539 5339 3685 5405 Nisi
3727 5338 3902 5405 enim
3959 5337 4235 5405 Eleazar
4297 5341 4458 5407 vivo
