5017 6142
611 457 742 525 343

653 643 868 710 noties
921 640 1110 710 Deus
1164 641 1353 709 nobis
1414 640 1661 707 excitat
1725 638 2025 706 homines
2089 638 2564 708 excellentibus

659 729 806 795 onis
868 727 1230 814 praeditos,
1296 728 1390 793 sic
1454 725 1537 791 ad
1594 734 1853 809 tempus
1906 724 2006 790 uti
2070 724 2094 791 i
2140 746 2288 792 sum
2352 724 2564 792 solere

613 835 840 884 eorum
884 835 1083 899 opera
1126 823 1200 879 ut
1240 812 1313 878 in
1359 831 1559 877 manu
1603 832 1723 878 sna
1766 810 2006 878 habeat
2127 810 2224 878 ios
2284 809 2563 879 subinde

614 908 813 986 atque
856 901 1020 968 alios
1061 898 1448 983 subrogare,
1505 898 1637 964 nisi
1690 897 1857 964 vitia
1900 902 2137 964 nostra'
2167 897 2300 964 sint
2342 897 2562 964 obsta-

612 987 779 1057 culo.
879 986 1075 1054 Unde
1130 985 1423 1069 sequitur
1480 982 1833 1068 praeclaris
1895 983 2235 1049 hominum
2302 981 2562 1050 dotibus

614 1094 754 1140 non
793 1070 1191 1158 alligandam
1236 1090 1379 1137 esse
1421 1068 1553 1137 Dei
1596 1069 1934 1148 virtutem,
1978 1089 2053 1137 ac
2096 1070 2155 1135 si
2196 1089 2374 1135 mors
2414 1069 2563 1135 illo·

613 1180 768 1225 rum
814 1160 956 1225 eius
998 1167 1170 1224 esset
1208 1156 1532 1222 interime.
1621 1155 1874 1221 Verum
1917 1154 2182 1239 quidem
2226 1162 2325 1222 est
2373 1175 2561 1238 prae-

615 1245 942 1311 stantibus
994 1242 1160 1309 viris
1217 1261 1407 1325 pares
1464 1261 1615 1307 raro
1672 1238 2055 1308 succedere:
2119 1261 2355 1324 nempe
2411 1241 2565 1325 quia

614 1331 866 1397 malitia
899 1336 1127 1396 nostra
1159 1328 1375 1396 lucem
1412 1328 1734 1394 bonorum
1755 1325 2197 1411 spiritualium
2223 1346 2563 1395 accensam

614 1416 921 1493 suffocat,
981 1422 1049 1481 et
1100 1423 1417 1499 quantum
1475 1414 1547 1478 in
1603 1433 1674 1479 se
1732 1422 1833 1479 est
1892 1412 2284 1498 exstinguit:
2351 1413 2560 1478 fixum

614 1514 832 1568 tamen
877 1500 1043 1567 illud
1088 1509 1327 1578 manet,
1373 1498 1486 1566 ubi
1521 1500 1706 1566 Deus
1749 1519 1868 1583 per
1911 1498 2188 1565 eximios
2232 1506 2296 1564 et
2338 1499 2564 1582 singu·

612 1587 783 1654 lares
824 1587 1161 1653 ministros
1206 1586 1485 1652 salutem
1531 1594 1819 1651 nostram
1865 1597 2239 1667 promovet,
2292 1596 2561 1669 gustum

612 1673 925 1740 bonitatis
990 1693 1147 1739 suae
1213 1671 1369 1737 dare
1388 1722 1405 1750 ,
1470 1679 1546 1737 ut
1609 1671 1989 1736 continuum
2059 1671 2197 1737 eius
2263 1678 2560 1737 tenorem

611 1777 985 1843 speremus:
1052 1757 1204 1842 quia
1268 1778 1433 1841 opus
1490 1778 1804 1823 manuum
1863 1777 2132 1823 suarum
2183 1756 2561 1824 inchoatum

613 1865 747 1910 non
794 1844 1056 1911 deserit.
1145 1843 1328 1909 Dicit
1369 1864 1526 1928 ergo
1567 1843 1818 1922 Moses,
1866 1843 2166 1926 quamvis
2208 1842 2377 1908 absit
2418 1843 2562 1925 ipse

614 1951 732 2015 per
755 1938 1031 1995 mortem
1073 1936 1354 2012 ereptus,
1393 1929 1612 1995 Deum
1649 1937 1867 1995 tamen
1903 1937 2354 2012 suscepturum
2380 1929 2564 1995 ducis

612 2024 860 2101 partes,
928 2013 1037 2082 vel
1101 2016 1313 2099 potius
1383 2022 1770 2098 perpetuum
1836 2015 1974 2080 fore
2038 2012 2268 2081 ducem
2288 2065 2302 2091 ,
2369 2014 2565 2080 sicuti

615 2112 813 2169 antea
854 2102 1108 2185 experti
1153 2101 1414 2166 fuerant
1457 2100 1811 2167 Israelitae.
1880 2098 2017 2167 Sed
2060 2099 2267 2166 altero
2310 2121 2564 2184 quoque

615 2187 846 2253 solatio
890 2208 1116 2252 eorum
1158 2186 1611 2252 infirmitatem
1670 2187 2001 2266 sublevat,
2060 2185 2255 2252 Iosue
2306 2208 2562 2253 succes·

616 2293 830 2339 sorem
894 2274 1017 2339 sibi
1094 2271 1475 2356 designans:
1557 2272 1795 2356 alioqui
1872 2271 2113 2357 populo
2189 2282 2562 2356 promptum

614 2359 847 2424 fuisset
880 2359 1197 2443 excipere,
1240 2359 1293 2424 si
1333 2356 1517 2424 Deus
1550 2357 1937 2442 praecedere
1972 2359 2147 2441 ipsos
2182 2359 2399 2436 vellet,
2446 2379 2565 2425 cur

616 2465 748 2510 non
792 2444 860 2509 id
903 2445 1119 2528 palam
1165 2445 1410 2511 faceret
1452 2444 1656 2511 electo
1702 2444 1977 2522 vicariO,
2036 2464 2152 2526 per
2195 2446 2382 2511 cuius
2421 2465 2564 2510 ma·

617 2551 780 2597 num
824 2531 1237 2597 continuaret
1292 2529 1461 2614 quod
1518 2550 1636 2613 per
1675 2530 1910 2596 Mosen
1957 2529 2294 2612 coeperat?
2381 2531 2566 2616 Ergo

617 2616 740 2683 hac
783 2638 1037 2700 quoque
1079 2617 1151 2681 in
1195 2623 1381 2699 parte
1437 2614 1626 2682 docet
1685 2615 1954 2681 minime
2010 2615 2358 2683 obscurum
2420 2637 2565 2683 esse

615 2710 960 2785 paternum
1007 2703 1135 2768 Dei
1180 2703 1503 2782 favorem,
1560 2702 1713 2785 quia
1751 2701 1883 2766 iam
1930 2701 2175 2768 electus
2219 2702 2308 2767 sit
2348 2701 2564 2782 Iosue,

615 2789 730 2872 qui
772 2809 995 2854 curam
1043 2794 1110 2853 et
1152 2809 1316 2854 onus
1359 2787 1629 2872 regendi
1665 2806 1747 2869 po
1794 2788 1890 2853 uli
1924 2787 2266 2853 sustineat.
2328 2787 2565 2872 Neque

614 2874 793 2940 enim
859 2894 978 2940 suo
1033 2872 1303 2939 arbitrio
1358 2872 1492 2941 illis
1544 2873 1734 2939 obtru
1786 2874 1836 2938 ‘t
1879 2873 2075 2940 Iosue
2132 2894 2207 2940 ac
2251 2875 2563 2957 praeficit,

615 2960 730 3025 sed
779 2958 1099 3025 divinitus
1155 2966 1459 3025 vocatum
1511 2979 1654 3025 esse
1711 2959 2130 3044 pronunciat:
2187 2979 2563 3044 quanquam

616 3065 748 3111 non
795 3048 1047 3130 profert
1089 3065 1230 3110 rem
1272 3044 1710 3130 incognitam,
1765 3045 1881 3111 sed
1936 3052 2193 3111 tantum
2237 3046 2383 3113 vult
2424 3065 2561 3111 me·

615 3131 885 3197 minisse
952 3129 1109 3213 quid
1174 3130 1305 3196 illis
1364 3129 1614 3214 pridem
1673 3131 2057 3215 patefecerit
2110 3132 2328 3202 Deus:
2394 3132 2566 3198 sicut

615 3217 773 3284 alibi
815 3217 1032 3283 visum
1076 3218 1215 3283 fuit.

786 3303 848 3369 4.
896 3302 1112 3369 Faciet
1153 3302 1382 3369 Iehova
1423 3301 1576 3369 illis.
1664 3303 2034 3383 Promittit‚
2094 3302 2207 3370 ubi
2260 3303 2566 3369 venerint

616 3389 683 3453 in
732 3397 974 3455 terram
1020 3388 1371 3467 Chanaan,
1416 3388 1714 3474 gentium
1757 3387 1893 3456 illic
1937 3390 2232 3455 omnium
2276 3388 2564 3456 victores

615 3476 770 3541 fore.
860 3473 1051 3556 Quod
1095 3474 1501 3558 experientia
1545 3476 1916 3553 confirmat,
1963 3477 2117 3559 quia
2158 3475 2333 3541 idem
2380 3475 2564 3541 Deus

613 3561 727 3644 qui
792 3558 1016 3628 Sehon
1079 3580 1303 3646 regem
1372 3559 1966 3639 Amor-rhaeorum,
2034 3568 2100 3627 et
2166 3558 2276 3647 Og
2337 3581 2563 3646 regem

616 3648 837 3714 Basan
880 3646 1043 3731 ipsis
1085 3648 1156 3711 in
1201 3667 1472 3711 manum
1515 3645 1905 3725 tradiderat,
1951 3646 2232 3713 similem
2285 3646 2562 3714 daturus

616 3734 705 3801 sit
747 3752 1116 3800 successum
1163 3733 1232 3796 in
1280 3731 1427 3797 aliis
1465 3731 1763 3799 hostibus
1821 3732 2268 3818 subiugandis.
2360 3733 2562 3799 Mun·

616 3819 740 3886 dus
784 3818 1049 3903 quidem
1095 3816 1292 3884 variis
1335 3818 1873 3885 commotionibus
1917 3817 2235 3884 obnoxius
2280 3825 2400 3897 est,
2445 3817 2562 3884 sed

615 3903 798 3971 Deus
846 3910 1069 3970 manet
1113 3904 1214 3968 sui
1257 3902 1520 3970 similis:
1580 3924 1714 3969 non
1774 3903 1966 3969 modo
2022 3904 2177 3988 quia
2220 3925 2560 3988 nunquam

615 4000 913 4057 mutatur
956 3990 1097 4056 eius
1141 3988 1504 4068 consilium,
1549 3987 1664 4056 sod
1707 3990 1859 4073 quia
1895 4010 2027 4055 non
2062 3990 2388 4056 minuitur
2421 3991 2562 4057 eius

613 4075 929 4162 potentia.
1015 4075 1196 4159 Ergo
1241 4075 1403 4140 reali
1445 4073 1549 4161 (ut
1591 4074 1975 4162 loquuntur)
2020 4074 2408 4142 documento
2442 4097 2561 4161 po·

615 4162 845 4247 pulum
889 4161 1055 4227 bene
1098 4159 1497 4244 sperandum
1540 4162 1824 4238 animat,
1879 4159 2203 4245 simulque
2246 4161 2330 4227 ad
2372 4182 2560 4228 exse·

615 4247 948 4332 quendum
990 4260 1256 4313 strenue
1300 4245 1429 4313 Dei
1483 4245 1871 4313 mandatum
1930 4245 2267 4313 hortatur:
2327 4268 2561 4331 nempe

615 4340 692 4401 ut
771 4332 1000 4399 deletis
1072 4333 1374 4399 omnibus
1435 4333 1665 4400 incolis
1732 4341 2018 4419 purgent
2079 4340 2325 4400 terram
2381 4333 2561 4401 Cha·

616 4440 808 4485 naan.
910 4416 1204 4485 Saevum
1255 4418 1522 4503 quidem
1582 4426 1649 4485 et
1702 4419 1966 4486 crudele
2020 4419 2092 4485 in
2149 4420 2431 4503 speciem
2490 4419 2560 4486 id

615 4505 773 4585 fuit,
830 4524 912 4569 ne
957 4525 1163 4570 unum
1211 4504 1474 4589 quidem
1519 4505 1744 4571 vivum
1789 4507 2190 4590 relinquere:
2251 4504 2365 4571 sed
2405 4507 2562 4590 quia

614 4594 785 4658 iuste
851 4610 960 4656 eos
1017 4590 1199 4656 Deus
1253 4591 1487 4657 ultimo
1549 4591 1752 4657 exitio
1804 4590 2176 4670 addixerat,
2244 4612 2379 4656 non
2436 4591 2562 4658 fuit

614 4698 816 4763 penes
858 4676 1193 4743 Israelitas
1237 4676 1392 4760 quid
1435 4675 1764 4761 agendum
1810 4686 1980 4744 esset
2023 4677 2388 4762 inquirere,
2446 4675 2563 4744 sed

615 4764 790 4830 omni
872 4761 1341 4847 disceptatione
1420 4761 1639 4829 valere
1724 4763 1901 4828 iussa
1978 4785 2211 4847 parere
2276 4765 2566 4848 oportuit

615 4848 746 4916 Dei
788 4850 1080 4931 imperio.
1145 4847 1340 4930 Quod
1385 4868 1543 4933 ergo
1586 4848 1810 4915 multis
1853 4857 2284 4933 pepercerunt
2326 4869 2402 4916 eo
2449 4848 2564 4916 de-

618 4937 816 5002 terior
882 4934 1006 4999 fuit
1059 4935 1347 5019 ipsorum
1406 4935 1703 5020 ignavia,
1778 4943 2005 5018 utpote
2073 4956 2235 5020 quos
2299 4937 2563 5021 saepius

616 5022 801 5088 Deus
879 5020 961 5085 ad
1042 5020 1433 5106 exigendam
1499 5041 1696 5104 quam
1760 5017 2138 5087 decreverat
2202 5020 2562 5090 vindictam

619 5111 1007 5174 armaverat.

787 5194 847 5260 6.
890 5191 1105 5259 Estote
1140 5194 1354 5276 fortes.
1442 5193 1794 5275 Postquam
1841 5192 2061 5258 Deum
2165 5201 2379 5262 raesto
2422 5193 2564 5260 fore

620 5276 835 5345 docuit
882 5278 962 5343 ad
1009 5299 1198 5361 opem
1237 5278 1605 5358 ferendam,
1666 5278 1748 5344 ad
1794 5278 2093 5362 magnitu
2138 5280 2315 5346 inem
2361 5281 2564 5346 animi

619 5373 685 5430 et
729 5365 1161 5431 constantiam
1205 5365 1523 5452 populum
1561 5365 1878 5431 hortatur.
1947 5364 2035 5429 Et
2078 5374 2252 5433 certe
2297 5387 2428 5432 una
2464 5375 2568 5434 est

2003 450 2410 521 REDI'I'US
2455 451 2586 519 AD
2629 448 3176 518 HISTORIAM.

4480 448 4604 516 344

2664 638 2828 706 haec
2870 637 3036 705 ratio
3079 635 3424 723 colligendi
3468 636 3716 721 vigoris
3731 687 3748 718 ,
3805 635 3961 703 dum
4018 637 4367 705 statuimus
4426 638 4602 706 suffi-

2665 745 2811 793 cere
2867 723 3038 809 quod
3073 723 3259 790 Deus
3312 722 3640 808 promittit
3693 723 4047 790 auxilium:
4104 731 4363 789 tantum
4424 725 4607 793 abest

2666 819 2742 877 ut
2781 810 3287 877 labefactaretur
3328 815 3505 876 recte
3549 807 3786 893 agendi
3827 808 4116 875 studium
4163 817 4229 876 et
4280 810 4604 893 alacritas,

2667 896 2777 962 ubi
2821 895 3213 963 adscribitur
3254 894 3502 979 gratiae
3544 895 3672 961 Dei
3714 895 3886 980 quod
3930 896 4115 962 stulti
4160 896 4460 964 homines
4501 918 4606 964 ar-

2665 990 2901 1069 rogant
2957 981 3161 1048 libero
3216 1001 3337 1048 suo
3398 980 3687 1048 arbitrio.
3776 981 3949 1047 Nam
4004 983 4115 1066 qui
4172 982 4427 1050 viribus
4471 984 4607 1050 suis

2665 1068 2817 1134 freti
2851 1068 2934 1135 ad
2969 1076 3237 1134 strenue
3270 1066 3599 1153 agendum
3633 1067 3955 1148 feruntur,
3999 1066 4163 1133 nihil
4197 1066 4377 1134 aliud
4454 1090 4609 1137 uam

2665 1175 2737 1222 se
2777 1174 3023 1222 vesana
3065 1154 3431 1220 temeritate
3465 1159 3535 1219 et
3574 1152 3878 1237 superbia
3908 1153 4358 1237 praecipitant.
4479 1156 4609 1224 cia·

2667 1261 2812 1307 mus
2855 1260 3012 1325 ergo
3054 1241 3267 1305 fluxas
3309 1260 3451 1307 esse
3494 1245 3561 1306 et
3602 1238 3881 1306 caducas
3915 1239 4411 1308 exhortationes
4444 1262 4611 1325 quae

2667 1325 2821 1392 alibi
2863 1324 3177 1392 fundatae
3219 1332 3376 1391 sunt
3420 1345 3613 1409 quam
3660 1325 3730 1390 in
3772 1344 3957 1392 mera
3991 1325 4244 1411 gratiae
4277 1326 4408 1392 Dei
4442 1327 4611 1393 fidn-

2666 1411 2783 1479 cia.
2872 1411 3053 1479 Hinc
3095 1412 3315 1495 itaque
3373 1409 3679 1478 hortandi
3719 1411 4068 1478 materiam
4122 1412 4324 1478 sumit
4366 1413 4612 1494 Moses,

2667 1496 2839 1581 quod
2885 1498 3068 1564 Deus
3124 1518 3240 1581 pro
3283 1496 3604 1563 Israelitis
3659 1496 3997 1583 pugnabit.
4087 1498 4468 1565 Notandum
4513 1507 4613 1565 ta-

2665 1603 2816 1649 men
2862 1594 2993 1665 est,
3038 1583 3356 1668 populum
3399 1583 3677 1649 animari
3721 1583 3804 1648 ad
3847 1584 3986 1667 spei
4036 1585 4614 1667 perseverentiam,

2668 1668 2824 1735 dum
2880 1690 2951 1736 se
3006 1669 3191 1736 Deus
3256 1669 3709 1736 auxiliatorem
3766 1667 3908 1736 fore
3959 1671 4350 1753 pronunciat
4405 1692 4614 1755 usqne

2666 1755 2735 1820 in
2781 1756 3011 1822 finem:
3069 1776 3197 1839 qua
3251 1754 3546 1822 doctrina
3599 1754 3919 1821 refellitur
3975 1756 4250 1840 impium
4306 1756 4613 1823 delirium

2665 1862 2794 1924 quo
2837 1841 3121 1926 theologi
3165 1841 3432 1926 papales
3474 1840 3793 1907 mundum
3836 1842 4257 1909 fascinarunt.
4347 1843 4618 1929 Negant

2663 1926 2889 1994 fideles
2930 1948 3119 2010 posse
3162 1935 3374 1993 certos
3416 1948 3560 1994 esse
3609 1927 3690 1994 de
3747 1928 3961 2012 gratia
4004 1928 4165 2003 Dei,
4221 1928 4348 1995 nisi
4400 1929 4617 2014 quoad

2665 2021 3074 2096 praesentem
3120 2022 3384 2080 statum.
3471 2013 3576 2079 Ita
3618 2012 3813 2079 fidem
3858 2013 4269 2098 suspendunt
4286 2065 4300 2091 ,
4347 2024 4423 2082 ut
4467 2024 4618 2081 tan-

2666 2108 2810 2164 tum
2848 2100 2915 2165 in
2955 2097 3146 2180 diem,
3178 2099 3465 2182 adeoque
3499 2099 3571 2164 in
3606 2099 3867 2184 singula
3892 2109 4227 2166 momenta
4247 2100 4617 2180 credamus,

2667 2185 2820 2268 quid
2865 2204 3009 2252 cras
3054 2183 3390 2252 nobiscum
3434 2192 3702 2252 acturus
3745 2186 3831 2251 sit
3868 2183 4052 2252 Deus
4094 2187 4347 2253 incerti.
4408 2188 4620 2272 Atqui

2668 2273 2724 2337 si
2789 2269 2952 2337 fides
3014 2271 3550 2354 promissionibus
3616 2272 3742 2338 Dei
3807 2270 4161 2354 respondet
4178 2324 4194 2350 ,
4269 2294 4344 2340 ac
4411 2273 4620 2341 veluti

2669 2356 2973 2437 succinit,
3030 2377 3173 2423 sese
3228 2359 3297 2423 in
3342 2365 3546 2423 totam
3603 2358 3843 2440 vitam,
3900 2360 4034 2424 imo
4089 2368 4278 2424 extra
4333 2368 4618 2425 mortem

2668 2441 2984 2508 extendat
3021 2462 3285 2509 necesse
3329 2450 3460 2510 est:
3523 2444 3675 2526 quia
3730 2443 3938 2510 futuri
3982 2444 4296 2527 temporis
4357 2445 4621 2511 dubita-

2666 2529 2914 2594 tionem
2953 2528 3126 2595 tollit
3162 2530 3345 2594 Dcus
3389 2529 3495 2595 his
3539 2528 3790 2596 verbis:
3832 2529 3987 2595 Non
4031 2537 4096 2597 te
4141 2530 4458 2613 deseram,
4496 2553 4618 2600 nec

2667 2613 3130 2698 derelinquam.

2841 2702 2900 2766 7.
2954 2699 3205 2766 Vocavit
3225 2698 3439 2766 Moses
3463 2699 3668 2766 Iosue.
3726 2700 3902 2766 Hinc
3923 2709 4195 2785 apparet
4228 2724 4341 2770 eos
4376 2704 4618 2787 quibus

2668 2784 3001 2871 publicum
3068 2807 3313 2851 munus
3376 2786 3779 2871 iniungitur,
3847 2805 4010 2871 opus
4075 2788 4314 2856 habere
4368 2789 4617 2874 duplici

2667 2873 3180 2939 confirmatione.
3270 2871 3443 2938 Nam
3484 2893 3569 2938 ex
3626 2892 3753 2954 quo
3809 2874 4186 2958 generalem
4249 2875 4619 2943 doctrinam

2667 2959 2973 3043 exposuit
3007 2959 3129 3025 toti
3162 2958 3417 3042 populo,
3456 2957 3876 3041 peculiariter
3897 2980 4265 3026 sermonem
4287 2965 4620 3029 convertit

2668 3043 2748 3109 ad
2810 3045 3024 3128 ipsum
3081 3044 3309 3123 Iosue,
3378 3051 3607 3127 utpote
3677 3045 3863 3110 cuius
3933 3054 4077 3111 erat
4151 3046 4298 3112 aliis
4355 3049 4620 3131 praeire

2666 3130 3069 3197 fortitudinis
3113 3129 3447 3214 exemplo,
3507 3138 3574 3195 et
3627 3150 3817 3212 quem
3864 3132 4222 3199 manebant
4264 3132 4433 3202 dura
4477 3157 4621 3203 cer-

2668 3218 2931 3283 tamina.
3000 3217 3179 3301 Ergo
3214 3237 3341 3300 quo
3376 3215 3703 3282 difficilius
3739 3224 3839 3281 est
3873 3237 4101 3284 omnes
4145 3216 4381 3286 ducere
4417 3242 4619 3304 quam

2666 3303 2850 3385 sequi
2878 3301 3127 3380 ducem,
3161 3322 3312 3368 eum
3346 3302 3457 3385 qui
3492 3300 3719 3369 multis
3755 3304 4136 3388 praeficitur
4170 3305 4281 3370 lon
4329 3328 4365 3371 e
4402 3308 4622 3392 magis

2666 3387 2985 3456 excellere
3028 3389 3353 3454 convenit.
3418 3386 3563 3454 Iam
3607 3408 3810 3470 quum
3857 3411 3897 3455 a
3939 3411 4009 3456 se
4042 3389 4184 3473 ipso
4223 3392 4290 3456 ni
4349 3392 4363 3407 ⁸
4437 3395 4620 3478 quis·

2666 3496 2863 3558 quam
2906 3475 3128 3559 possit,
3170 3496 3209 3540 a
3240 3475 3384 3540 Deo
3417 3472 3774 3558 petendum
3818 3485 3918 3542 est
3961 3476 4136 3558 quod
4178 3479 4368 3545 nobis
4414 3480 4617 3547 deest.

2664 3561 2847 3646 Ergo
2909 3558 3078 3644 qnod
3144 3561 3267 3625 toti
3331 3560 3570 3644 populo
3627 3560 3849 3627 Moses
3913 3572 4365 3647 praeceperat,
4437 3587 4622 3634 nunc

2666 3645 2861 3799 ἓξὲξ,
2880 3668 3090 3798 ²¹:33:
3128 3644 3462 3817 ²¹:¹33?
3486 3645 3761 3816 5:533}ss
3806 3647 4075 3814 ⁹330?
4092 3652 4621 3822 θῖᾟῑιῗξὲῗῖἐῖζ

2666 3817 3027 3885 notandum
3072 3826 3190 3896 est,
3236 3818 3387 3901 quia
3429 3828 3504 3884 ut
3545 3818 3820 3902 quisque
3852 3819 4102 3886 locatus
4138 3829 4242 3886 est
4275 3822 4346 3887 in
4382 3823 4619 3891 altiore

2664 3904 2932 3970 honoris
2975 3902 3203 3987 gradu,
3250 3924 3476 3970 omnes
3520 3902 3994 3971 admonitiones
4037 3905 4371 3975 fastidiose
4401 3908 4622 3994 despi-

2665 3990 2788 4057 cit:
2848 3989 3023 4056 unde
3066 3991 3141 4055 fit
3186 4000 3260 4054 ut
3303 3989 3673 4074 quicunque
3717 3990 3790 4055 in
3845 3990 4089 4056 mundo
4150 3994 4467 4073 eminent,
4517 4018 4622 4063 se-

2666 4097 2821 4142 cure
2866 4076 3353 4142 exhortationes
3408 4095 3748 4141 servorum
3796 4077 3919 4142 Dei
3987 4085 4320 4161 respuant.
4410 4082 4622 4166 Atqui

2666 4161 2835 4227 tales
2913 4161 3170 4229 delitias
3248 4161 3450 4246 probe
3515 4161 3766 4226 excutit
3831 4163 4082 4243 Moses,
4148 4164 4260 4229 ubi
4326 4168 4623 4233 ostendit

2665 4268 2892 4314 omnes
2936 4246 3047 4332 qui
3092 4248 3366 4331 imperio
3413 4248 3816 4332 funguntur,
3864 4269 3993 4314 non
4039 4250 4230 4315 modo
4272 4272 4423 4317 cum
4469 4254 4624 4321 aliis

2664 4354 2806 4399 esse
2842 4331 3182 4413 docendos,
3220 4333 3333 4399 sed
3369 4333 3820 4400 vehementius
3855 4333 4054 4399 etiam
4088 4357 4231 4403 esse
4265 4339 4622 4422 urgendos.

2665 4420 2873 4486 Porro
2918 4420 3029 4486 ubi
3065 4427 3196 4483 tam
3231 4419 3303 4484 in
3340 4419 3464 4485 hoc
3498 4418 3636 4486 loco
3670 4440 3864 4503 quam
3900 4422 3968 4485 in
4005 4423 4343 4504 superiori,
4389 4424 4622 4493 fideles

2666 4506 2897 4572 timere
2940 4513 3008 4570 et
3050 4525 3289 4588 pavere
3332 4506 3554 4572 Moses
3611 4514 3822 4587 vetat,
3877 4506 4239 4573 notandum
4293 4519 4425 4590 est,
4483 4532 4625 4579 non

2667 4592 2760 4656 ita
2802 4591 3067 4675 spoliari
3113 4591 3291 4656 omni
3334 4611 3550 4672 sensu,
3595 4604 3671 4657 ut
3714 4590 3797 4656 ad
3832 4591 4282 4659 discriminum
4320 4598 4623 4664 omnium

2667 4684 3112 4760 contemptum
3157 4675 3618 4744 obdurescant:
3677 4676 3897 4764 (sicuti
3940 4678 4303 4761 phrenetici
4347 4682 4625 4765 quidam

2668 4762 2920 4829 nullam
2978 4769 3212 4845 putant
3262 4783 3403 4829 esse
3474 4762 3925 4829 fortitudinem
3990 4763 4119 4830 nisi
4185 4767 4256 4833 in
4320 4769 4625 4857 stupore)

2667 4848 2782 4914 sed
2828 4855 3088 4914 tantum
3131 4848 3371 4914 instrui
3427 4847 3695 4929 fiducia,
3755 4870 3923 4933 quae
3978 4859 4193 4918 metus
4235 4872 4465 4921 omnes
4510 4875 4624 4921 su-

2665 4943 2851 5018 peret
2894 4933 3007 5017 qui
3052 4933 3406 5000 vocationis
3448 4956 3714 5001 cursum
3758 4934 4142 5020 impediunt.
4230 4937 4412 5005 Scite
4455 4960 4622 5008 vero

2667 5020 2864 5086 latius
2904 5018 3078 5087 hanc
3121 5019 3483 5087 doctrinam
3542 5021 3985 5088 accommodat
4041 5023 4371 5106 apostolus
4412 5024 4618 5112 (Heb.

2670 5106 2769 5185 13,
2813 5105 2902 5206 5),
2946 5128 3178 5190 nempe
3222 5105 3382 5172 dum
3424 5108 3765 5193 avaritiam
3825 5106 3969 5175 vult
4023 5110 4380 5194 corrigere,
4448 5133 4622 5196 quae

2667 5214 2748 5258 ex
2794 5193 2999 5259 mmia
3041 5192 3476 5260 sollicitudine
3519 5194 3758 5273 oritur,
3803 5192 3974 5260 ‘dnm
4032 5196 4254 5262 miseri
4313 5196 4621 5266 homines

2669 5300 2801 5345 non
2825 5279 3004 5430 lsatis
3046 5286 3355 5362 reputant
3395 5278 3552 5364 quid
3587 5279 3674 5347 sit
3694 5280 3910 5347 Deum
3946 5279 4187 5348 habere
4218 5292 4617 5367 perpetuum

2667 5365 2823 5433 auxi
2850 5365 3140 5432 iatorem.
