5017 6142
371 445 493 513 365

374 634 690 704 Rubrum.
781 630 891 696 Ex
967 629 1412 713 compluribus
1500 638 1719 696 autem
1798 629 1958 696 locis
2046 635 2320 713 apparet

376 721 569 788 fuisse
633 715 1134 785 suavissimum:
1215 724 1282 780 et
1324 727 1463 783 'nnn
1530 715 1681 782 vitis
1743 714 1918 799 apud
1980 714 2223 780 Isaiam
2246 714 2316 801 ¹),

375 827 489 893 pro
543 802 871 887 exquisita
923 812 989 869 et
1045 801 1322 868 maximi
1374 801 1570 885 pretii
1626 801 1911 886 ponitur.
2002 799 2138 882 Qui
2179 820 2318 866 me-

375 913 516 960 rum
574 890 1096 974 interpretantur
1110 937 1127 968 ,
1160 907 1322 954 rem
1376 887 1594 971 potius
1645 907 1841 971 quam
1884 886 2073 953 verbi
2114 885 2319 971 signi·

375 976 738 1045 ficationem
781 979 1181 1058 spectarunt.

544 1061 645 1127 15.
702 1059 791 1126 Et
830 1060 1265 1143 impinyuatus
1303 1062 1408 1123 est.
1489 1058 1620 1126 Hic
1665 1059 1792 1123 iam
1828 1057 2055 1158 populi
2098 1056 2320 1142 ingra-

374 1148 722 1215 titudinem
789 1145 1084 1230 exagitat
1138 1144 1361 1210 Moses
1376 1194 1392 1222 ,
1474 1144 1643 1227 quod
1701 1143 1977 1210 lautitiis
2039 1143 2320 1208 refertus

374 1233 685 1302 adversus
738 1231 960 1297 Deum
1016 1231 1382 1313 protervire
1437 1230 1741 1381 coegerit.
1830 1228 2120 1296 Satietas
2175 1229 2318 1312 qui·

373 1321 517 1387 dem
567 1316 671 1404 (ut
723 1318 932 1383 fertur
988 1316 1250 1400 vulgari
1314 1335 1554 1400 prover
1598 1314 1686 1402 io)
1742 1314 2052 1382 ferociam
2109 1315 2319 1398 parit:

373 1403 483 1474 sed
548 1406 674 1471 hoc
737 1402 1059 1486 contingit
1121 1400 1492 1468 detestabili
1564 1401 1910 1467 hominum
1975 1401 2318 1486 pravitate,

372 1511 528 1578 quos
585 1487 715 1555 Dei
768 1487 1140 1571 benignitas
1192 1486 1413 1570 potius
1446 1486 1544 1569 ¹ad
1593 1486 1977 1554 modestiam
2022 1494 2086 1551 et
2128 1505 2319 1551 man·

372 1575 784 1646 suetudinem
827 1574 1091 1639 flectere
1134 1570 1427 1640 debebat.
1512 1572 1688 1639 Nam
1730 1594 1857 1657 quo
1900 1572 2150 1658 largius
2197 1593 2316 1638 nos

368 1661 579 1748 pascit
596 1711 613 1741 ,
670 1660 824 1744 quia
877 1658 1152 1742 propius
1210 1667 1278 1723 et
1341 1657 1731 1725 familiarius
1788 1679 1858 1725 se
1901 1669 2153 1741 patrem
2207 1658 2316 1723 de-

366 1757 711 1823 monstrat,
744 1744 943 1819 simul
977 1763 1097 1809 nos
1119 1743 1201 1809 ad
1219 1744 1533 1829 pietatem
1568 1746 1723 1810 filiis
1757 1744 2021 1830 dignam
2056 1742 2312 1812 invitat.

366 1836 546 1919 Ergo
586 1832 890 1915 impietas
938 1839 1039 1895 est
1079 1850 1213 1895 non
1252 1830 1523 1896 ferenda
1574 1830 1746 1915 quod
1790 1830 2047 1914 profani
2104 1831 2314 1896 homi-

366 1942 481 1987 nes
535 1918 653 1985 ubi
706 1937 778 1983 se
830 1916 1327 2001 ingurgitarunt
1381 1916 1703 1983 bonorum
1758 1917 2051 1982 omnium
2109 1917 2311 2000 copia,

364 2013 595 2074 contra
637 2023 788 2070 eum
830 2000 1257 2068 insolescunt.
1345 2000 1621 2069 Confert
1662 2011 1883 2069 autem
1926 2003 2111 2085 equis
2153 2002 2317 2068 fero-

365 2091 548 2160 cibus
607 2097 676 2156 et
708 2087 1137 2167 refractariis,
1198 2089 1310 2171 qui
1352 2090 1410 2154 si
1452 2089 1524 2155 in
1556 2088 1691 2154 otio
1734 2088 1898 2155 bene
1940 2095 2314 2173 pascantur,

344 2176 589 2245 'contra
631 2193 951 2242 sessorem
994 2172 1334 2241 calcitrant
1376 2182 1445 2239 et
1484 2173 1853 2240 redduntur
1894 2175 2029 2240 fere
2070 2174 2314 2240 intrac-

364 2263 614 2329 tabiles.
704 2259 966 2326 Nomen
1010 2280 1167 2327 vero
1209 2260 1369 2326 recti
1405 2280 1525 2344 pro
1568 2259 1814 2327 Israele
1857 2280 2107 2344 ponens
2122 2311 2139 2339 ,
2183 2260 2313 2326 iro·

362 2350 502 2416 nice
526 2368 642 2414 eos
663 2345 1053 2429 perstringit
1088 2346 1198 2429 qui
1221 2365 1262 2410 a
1282 2345 1677 2412 rectitudine
1709 2345 2097 2425 defecerant,
2133 2365 2210 2413 ac
2245 2348 2316 2411 in

360 2433 745 2501 memoriam
780 2452 1095 2498 revocans
1127 2441 1373 2514 quanta
1407 2431 1680 2516 praediti
1721 2440 1941 2498 essent
1971 2432 2312 2517 dignitate,

362 2522 579 2588 acrius
624 2517 975 2602 exprobrat
1017 2516 1330 2599 perfidiae
1370 2519 1639 2585 crimen.
1728 2516 1908 2584 Alibi
1950 2521 2125 2584 enim
2171 2519 2312 2585 sine

361 2607 628 2673 sinistra
670 2610 829 2668 nota
870 2612 1142 2669 ornatur
1183 2603 1394 2669 Israel
1443 2603 1764 2670 eiusmodi
1820 2604 2029 2689 elogio
2045 2655 2061 2683 ,
2120 2625 2312 2671 voca-

361 2692 559 2757 tionis
601 2696 930 2772 respectu:
1000 2688 1106 2755 hic
1150 2709 1308 2754 vero
1365 2689 1554 2756 obiur
1600 2691 1816 2756 atione
1861 2690 2051 2757 docet
2091 2691 2312 2759 Moses

360 2798 562 2862 quam
610 2775 836 2858 procul
883 2773 1302 2841 disoesserint
1344 2795 1385 2841 a
1427 2784 1531 2842 stu
1582 2778 1641 2841 ‘o
1684 2777 1946 2860 pietatis
1989 2775 2072 2841 ad
2114 2798 2309 2861 quam

356 2861 698 2932 colendam
732 2859 950 2927 vocati
989 2867 1200 2926 erant.

536 2949 639 3014 16.
702 2944 1200 3013 Provocaverunt
1266 2967 1407 3013 eum
1471 2949 1555 3014 ad
1618 2947 1836 3014 zelum.
1940 2948 2309 3034 Improprie

356 3035 627 3121 quidem
687 3034 834 3099 Deo
885 3032 1198 3099 tribuitur
1250 3033 1635 3114 aemulatio,
1700 3034 1772 3099 in
1828 3056 2024 3118 quem
2085 3034 2309 3100 nullae

355 3120 606 3189 cadunt
638 3119 994 3204 passiones.
1064 3117 1199 3186 Sed
1234 3120 1391 3202 quia
1422 3140 1760 3204 nunquam
1795 3121 1955 3186 satis
1997 3129 2308 3204 reputant

355 3208 663 3274 homines
719 3213 1039 3287 quantum
1082 3204 1323 3289 piaculi
1372 3206 1769 3272 contrahant
1808 3206 1879 3271 in
1923 3206 2061 3272 suis
2102 3205 2305 3272 idolo·

353 3294 603 3373 latriis,
667 3310 932 3356 necesse
984 3299 1086 3357 est
1141 3291 1380 3357 talibus
1437 3291 1749 3376 loquendi
1804 3291 2032 3359 formis
2087 3293 2306 3376 expri-

350 3380 446 3445 mi
490 3377 786 3446 criminis
828 3377 1253 3461 gravitatem:
1301 3398 1433 3444 non
1476 3379 1695 3444 minus
1738 3378 1986 3446 scilicet
2026 3379 2307 3444 iniuriae

351 3467 537 3549 ipsos
594 3464 808 3530 facere
850 3464 993 3529 Deo
1007 3514 1024 3543 ,
1073 3464 1189 3530 ubi
1233 3461 1375 3530 eius
1417 3463 1670 3530 cultum
1713 3464 1841 3530 alio
1883 3465 2310 3545 transferunt,

350 3572 475 3617 nec
519 3549 838 3616 leviorem
882 3569 1025 3616 esse
1067 3568 1338 3629 noxam,
1384 3570 1580 3634 quam
1614 3550 1672 3615 si
1714 3557 2030 3634 proterva
2071 3550 2311 3616 mulier

349 3638 435 3702 ad
494 3636 890 3721 zelotypiam
947 3634 1329 3702 accenderet
1370 3636 1591 3701 mariti
1636 3636 1930 3702 animum
1952 3689 1966 3717 ,
2011 3645 2080 3703 et
2121 3636 2307 3702 adul-

348 3733 533 3789 teros
580 3720 903 3806 captando
949 3721 1345 3788 vulneraret.
1434 3722 1568 3788 Hic
1611 3743 1804 3806 porro
1846 3723 2023 3790 aelus
2067 3722 2309 3807 pendet

349 3830 389 3875 a
449 3827 643 3875 sacro
691 3814 760 3873 et
791 3807 1119 3890 spirituali
1177 3807 1478 3894 coniugio
1532 3829 1660 3892 quo
1694 3808 1819 3875 sibi
1860 3810 2045 3876 Deus
2102 3830 2306 3892 popu-

346 3894 492 3961 lum
547 3893 952 3960 devinxerat.
1045 3892 1321 3960 Summa
1376 3902 1477 3961 est
1518 3894 1851 3961 Israelitas
1900 3896 2036 3962 suis
2078 3915 2306 3979 super-

344 3981 731 4048 stitionibus
794 3979 1064 4063 perinde
1118 3980 1322 4046 fuisse
1376 3981 1449 4046 in
1507 3978 1726 4047 Deum
1782 3982 2304 4061 contumeliosos,

346 4089 425 4134 ac
472 4067 534 4134 si
582 4089 665 4131 ex
707 4066 996 4149 professo
1050 4087 1201 4132 eum
1259 4073 1706 4151 provocarent.
1804 4065 2119 4151 Sequitur
2166 4088 2303 4133 am-

342 4153 667 4239 plificatio
709 4152 1011 4235 proximo
1054 4174 1249 4219 versu
1266 4200 1284 4237 ,
1342 4151 1591 4220 cultum
1635 4154 1753 4219 uni
1797 4153 1942 4219 Deo
1989 4154 2302 4234 debitum,

342 4239 774 4306 transtulisse
836 4237 921 4304 ad
977 4237 1343 4305 daemones.
1432 4239 1708 4306 Publico
1775 4241 2070 4305 omnium
2146 4260 2304 4324 gen-

343 4326 521 4392 tium
596 4344 914 4391 consensu
993 4343 1253 4407 semper
1323 4333 1659 4410 receptum
1738 4326 1893 4407 fuit,
1967 4326 2303 4394 sacrificiis

341 4409 701 4478 colendum
757 4430 899 4477 esse
943 4410 1179 4477 Deum.
1266 4410 1418 4476 Etsi
1472 4413 1648 4476 enim
1712 4413 1926 4478 varios
1982 4412 2138 4478 deos
2180 4412 2303 4478 sibi

340 4497 698 4582 fingebant
748 4504 1012 4582 gentes,
1073 4495 1284 4562 valuit
1325 4505 1545 4563 tamen
1596 4497 1760 4565 haec
1810 4500 2147 4580 persuasio
2163 4548 2180 4576 ,
2234 4497 2302 4562 id

336 4584 691 4667 proprium
724 4602 867 4649 esse
899 4584 1006 4649 ius
1039 4582 1322 4649 deitatis.
1388 4582 1573 4648 Nihil
1606 4583 1814 4667 igitur
1846 4585 2057 4667 magis
2088 4582 2304 4668 indig-

335 4690 511 4735 num
568 4676 683 4734 aut
737 4668 1117 4734 detestabile
1174 4687 1371 4752 quam
1427 4667 1747 4735 honorem
1797 4669 1943 4735 Deo
2001 4680 2302 4755 ereptum

334 4756 590 4822 offerre
648 4753 1090 4821 daemonibus.
1182 4753 1261 4819 Id
1318 4754 1583 4838 quidem
1640 4776 1981 4839 nunquam
2024 4756 2302 4824 confessi

333 4850 571 4908 essent
633 4840 972 4907 Israelitae
988 4891 1003 4921 ,
1082 4848 1307 4925 utpote
1376 4840 1491 4924 qui
1562 4841 1846 4907 minores
1915 4840 2068 4909 deos
2127 4840 2301 4927 apud

332 4947 685 4994 summum
730 4935 797 4993 et
833 4926 1098 4993 unicum
1143 4924 1375 4992 mundi
1419 4934 1774 4992 creatorem
1819 4937 2131 5011 patronos
2177 4928 2303 4995 sibi

333 5033 487 5079 esse
536 5012 866 5079 iatabant:
923 5035 1044 5080 nec
1089 5011 1480 5079 dubitabant
1522 5012 1582 5078 ei
1625 5014 1869 5079 referre
1925 5014 2302 5098 impensum

331 5097 669 5183 quidquid
714 5099 1170 5181 partiebantur
1211 5099 1389 5164 inter
1430 5119 1551 5164 sua
1592 5097 1784 5165 idola.
1852 5099 2056 5183 Atqui
2093 5101 2304 5184 primo

328 5184 446 5253 hic
510 5183 815 5268 repudiat
878 5202 1107 5252 omnes
1175 5186 1487 5251 misturae
1551 5185 1786 5269 quibus
1843 5205 2104 5253 sacrum
2163 5186 2305 5253 eius

519 5373 584 5442 1)
619 5372 750 5444 cap.
786 5371 872 5442 2⁴2,
905 5371 956 5428 2.

1783 438 2190 509 REDITUS
2232 439 2359 507 AD
2405 438 2950 509 HISTORIAM.

4127 540 4132 546 ·
4241 447 4381 513 366·

2416 647 2661 694 nomen
2722 628 3000 714 indigne
3060 630 3467 715 profanatur,
3541 650 3661 698 nec
3726 652 3798 698 se
3863 632 4117 718 patitur
4179 634 4369 704 idolis

2418 714 2669 781 socium
2722 714 3028 799 adiungi:
3088 715 3320 782 deinde
3374 716 3868 801 quibuscunque
3925 719 4140 786 titulis
4193 720 4370 789 idola
4410 774 4414 779 .

2421 820 2546 865 sua
2609 800 2735 866 insi
2836 803 2972 866 'ant
2987 851 3007 886 ,
3075 800 3424 868 daemones
3490 823 3632 869 esse
3696 804 4086 887 pronunciat
4138 827 4368 875 omnes

2418 885 2683 953 fictitios
2791 908 2902 953 eos
2918 936 2937 969 ,
3001 886 3177 953 unde
3241 888 3539 972 sequitur
3595 909 3816 955 eorum
3887 891 4368 960 immolationes

2420 971 2763 1056 sacrilegio
2797 994 2940 1039 esse
2981 973 3270 1040 infectas.
3358 974 3578 1057 Atque
3618 984 3974 1059 utrumque
4019 975 4369 1063 diligenter

2420 1056 2784 1123 notandum
2828 1064 2946 1137 est,
2991 1058 3213 1124 Deum
3256 1058 3505 1126 scilicet
3545 1080 3772 1128 omnes
3814 1061 4032 1127 cultus
4074 1066 4179 1129 sui
4220 1084 4366 1130 cor·

2418 1142 2712 1227 ruptelas
2791 1144 3186 1210 abominari:
3274 1144 3512 1210 deinde
3597 1167 4019 1231 quaecunque
4095 1148 4366 1216 deorum

2419 1230 2686 1294 nomine
2727 1231 3058 1314 excogitat
3099 1229 3416 1310 mundus,
3462 1230 3733 1297 totidem
3777 1253 3920 1299 esse
3962 1233 4179 1301 larvas
4227 1237 4367 1320 qui·

2418 1314 2542 1381 bus
2599 1313 2893 1382 diabolus
2966 1313 3049 1380 ad
3138 1316 3471 1401 simplices
3548 1317 3865 1385 fallendos
3929 1339 4000 1385 se
4064 1321 4368 1388 occultat.

2419 1398 2528 1467 Ad
2571 1399 2733 1468 haec
2776 1400 3148 1468 vecordiam
3171 1402 3491 1469 Israelitis
3534 1404 3887 1487 exprobrat
3908 1405 4145 1486 Moses,
4192 1407 4365 1490 quod

2416 1485 2542 1553 sibi
2593 1488 2960 1570 promiscue
3008 1489 3361 1555 asciverint
3418 1488 3569 1554 deos
3627 1490 3997 1574 incognitos
4012 1542 4029 1570 ,
4093 1493 4370 1575 perinde

2415 1590 2491 1637 ac
2535 1572 2593 1638 si
2627 1574 2866 1639 mulier
2899 1573 3199 1639 adultera
3229 1574 3475 1659 passim
3520 1595 3591 1640 se
3631 1578 4055 1659 prostitueret
4097 1577 4365 1661 quibus·

2414 1657 2596 1724 libet.
2686 1658 2879 1741 Quod
2924 1659 3081 1727 dicit
3123 1681 3159 1726 6
3201 1661 3568 1745 propinquo
3626 1663 3917 1743 venisse,
3978 1662 4059 1727 ad
4106 1673 4367 1749 tempus

2414 1751 2697 1827 spectat,
2779 1754 2845 1811 et
2923 1744 3306 1811 tantundem
3372 1747 3550 1813 valet
3614 1756 3807 1832 atque
3886 1769 4099 1831 nuper
4160 1749 4364 1816 fuisse

2414 1840 2691 1896 exortos.
2778 1832 3000 1897 Tertio
3055 1831 3344 1911 additur,
3412 1830 3565 1899 deos
3607 1833 3757 1899 illos
3800 1853 3839 1898 a
3882 1834 4179 1918 patribus
4221 1856 4365 1902 esse

2414 1916 2788 1999 neglectos:
2855 1938 3009 1983 nam
3073 1917 3228 1984 hinc
3284 1919 3690 1985 convincitur
3735 1941 4117 2005 perversum
4175 1925 4362 1987 novi·

2411 2004 2570 2069 tatis
2626 2002 2917 2069 studium
2935 2055 2951 2083 ,
3007 2003 3178 2087 quod
3236 2024 3321 2069 ne
3361 2011 3625 2087 patrum
3682 2006 3946 2088 quidem
3998 2007 4366 2072 imitatione

2413 2088 2677 2155 adducti
2720 2089 2999 2155 fuerint:
3042 2089 3155 2155 sed
3200 2089 3496 2173 improba
3538 2092 3912 2158 curiositate
3951 2091 4074 2158 sibi
4118 2096 4362 2159 ascive-

2412 2174 2550 2241 rint
2617 2195 2822 2241 novos
2887 2182 2955 2241 et
3019 2174 3316 2242 insolitos
3396 2175 3578 2241 deos:
3653 2182 3815 2242 non‘
3850 2177 4022 2261 quod
4087 2178 4160 2243 in
4222 2178 4365 2244 sola

2416 2268 2747 2328 vetustate
2804 2261 2913 2326 lex
2966 2262 3229 2345 pietatis
3284 2260 3371 2327 sit
3428 2261 3733 2343 fundata,
3790 2264 3980 2346 quasi
4037 2264 4365 2331 sufficeret

2412 2348 2618 2412 ritum
2662 2368 2703 2412 a
2744 2347 3098 2413 maioribus
3157 2346 3471 2413 traditum
3512 2349 3736 2431 sequi:
3793 2370 3947 2427 nam
3991 2348 4114 2414 hoc
4169 2347 4364 2416 modo

2415 2430 2752 2517 probanda
2826 2433 3058 2499 fuisset
3137 2432 3465 2517 quaelibet
3536 2434 3836 2518 gentium
3909 2433 4173 2519 religio:
4249 2434 4364 2501 sed

2414 2519 2725 2603 quoniam
2779 2520 3069 2603 genuina
3123 2528 3192 2584 et
3242 2518 3456 2585 fidelis
3528 2526 3789 2602 patrum
3847 2518 4113 2585 traditio
4185 2530 4363 2587 certa

2412 2605 2748 2691 probaque
2834 2606 3066 2672 fuisset
3150 2605 3279 2671 Dei
3365 2604 3617 2671 colendi
3703 2605 3950 2691 regula.
4057 2604 4366 2672 Sumitur

2412 2691 2590 2758 enim
2637 2690 2834 2757 altius
2875 2691 3269 2776 principium
3285 2741 3302 2772 ,
3345 2698 3567 2773 patres
3612 2712 3766 2758 vere
3810 2713 3886 2759 ac
3928 2691 4199 2757 minime
4241 2692 4362 2756 fal-

2411 2776 2642 2842 laciter
2689 2775 2894 2843 fuisse
2949 2776 3212 2844 edoctos
3267 2778 3568 2860 quisnam
3635 2784 3811 2844 esset
3874 2778 4108 2844 unicus
4162 2777 4363 2857 Deus,

2411 2864 2483 2929 in
2538 2883 2664 2945 quo
2726 2863 3131 2947 acquiescere
3197 2862 3484 2930 decebat.
3575 2860 3706 2929 Sed
3758 2864 3867 2930 hic
3923 2863 4210 2930 tenenda
4264 2871 4364 2929 est

2409 2949 2587 3015 inter
2622 2957 2883 3015 sanctos
2925 2957 3147 3034 patres
3189 2958 3258 3014 et
3292 2949 3602 3035 reprobos
3645 2949 4006 3015 distinctio:
4051 2969 4208 3015 nam
4297 2969 4364 3014 a-

2410 3041 2588 3103 trum
2631 3034 2930 3114 imitatio,
2975 3056 3138 3119 quae
3182 3034 3291 3100 hic
3334 3035 3597 3101 videtur
3637 3035 3707 3100 in
3750 3034 3942 3102 laude
3986 3035 4156 3113 duci,
4273 3033 4361 3100 ’bi

2412 3141 2640 3186 severe
2698 3121 3081 3201 damnatur,
3139 3141 3374 3204 nempe
3430 3123 3739 3205 quoniam
3798 3121 4045 3204 absque
4103 3120 4359 3187 delectu

2410 3207 2834 3290 rapiebantur
2896 3206 3127 3273 Iudaei
3190 3207 3273 3272 ad
3337 3227 3649 3290 perversa
3711 3213 3975 3290 patrum
4039 3206 4360 3290 exempla.

2409 3292 2593 3377 Ergo
2649 3314 2783 3359 non
2828 3291 2989 3359 alios
3026 3293 3134 3360 hic
3182 3299 3406 3379 patres
3455 3301 3922 3358 commemorat
3964 3293 4184 3359 Moses
4228 3292 4360 3358 nisi

2410 3379 2523 3463 qui
2564 3399 2685 3463 per
2725 3399 2964 3445 manus
3006 3379 3265 3445 tradere
3317 3385 3620 3463 poterant
3662 3377 3832 3463 quod
3869 3377 4232 3444 didicerant
4272 3400 4358 3443 ex

2407 3464 2553 3547 ipso
2596 3465 2759 3531 Dee.
2840 3463 3143 3531 Timendi
3185 3465 3464 3532 verbum
3504 3485 3698 3548 saepe
3743 3484 3860 3548 per
3901 3462 4358 3550 synecdochen

2407 3551 2861 3633 complectitur
2925 3558 3139 3616 totum
3205 3552 3334 3617 Dei
3397 3551 3649 3617 cultum
3668 3601 3684 3630 ,
3754 3560 3820 3615 et
3874 3550 4207 3616 interdum
4274 3549 4356 3615 ad

2409 3645 2719 3702 externas
2762 3638 3204 3704 caeremonias
3237 3637 3649 3715 transfertur,
3686 3657 4061 3720 quanquam
4092 3636 4205 3703 hic
4248 3656 4358 3719 po-

2407 3723 2587 3789 nitur
2636 3723 2909 3790 verbum
2967 3736 3146 3803 Ἶνῐυ,
3196 3723 3368 3807 quod
3424 3723 3689 3808 proprie
3746 3722 4134 3791 tantundem
4179 3721 4359 3789 valet

2409 3829 2484 3875 ac
2527 3810 2809 3874 formare
2852 3808 2958 3875 vel
2994 3827 3268 3892 pavere:
3310 3808 3537 3875 eodem
3574 3815 3793 3873 tamen
3838 3829 4054 3873 sensu.

2583 3896 2683 3961 18.
2749 3895 2879 3962 Dei
2931 3896 3044 3978 qui
3078 3896 3292 3979 yenait
3352 3900 3424 3961 te.
3514 3895 3772 3961 Rursus
3832 3895 4076 3960 crimen
4123 3893 4352 3977 ampli·

2404 3980 2559 4047 ficat
2602 4003 2642 4048 a
2684 3980 2909 4065 populi
2961 3979 3469 4067 ingratitudine,
3513 3981 3667 4064 quia
3709 4001 3842 4046 non
3894 3980 4156 4045 inscitia
4206 3988 4354 4063 pro-

2404 4067 2626 4151 lapsus
2661 4067 2764 4145 sit,
2811 4066 2926 4134 sed
2961 4067 3089 4133 Dei
3126 4068 3582 4218 coffimtionem,
3626 4087 3793 4150 quae
3836 4064 4085 4150 fulgere
4121 4065 4355 4131 debue-

2404 4160 2511 4217 rat
2567 4154 2639 4219 in
2684 4153 2977 4219 omnium
3034 4153 3214 4220 cordi

2404 4239 2583 4304 enim
2648 4261 2680 4306 s
2729 4247 2903 4305 ectat
2967 4239 3414 4322 exprobratio,
3491 4237 3661 4323 quod
3720 4237 3904 4304 obliti
3974 4237 4110 4302 sint
4171 4238 4354 4321 rupis

2405 4345 2580 4391 suae.
2670 4261 2876 4406 guasi
2932 4325 3207 4405 diceret,
3261 4346 3395 4391 non
3448 4325 3637 4390 aliter
3683 4323 3905 4409 impiis
3947 4323 4352 4407 superstitio·

2406 4411 2599 4477 nibus
2658 4410 2910 4477 deditos
2967 4411 3198 4489 fuisse,
3259 4411 3386 4477 nisi
3441 4410 3594 4495 quia
3637 4410 3887 4490 Deum,
3947 4430 4140 4494 quem
4190 4409 4351 4476 satis

2407 4496 2775 4563 illustribus
2843 4496 3247 4564 documentis
3312 4498 3566 4581 experti
3630 4496 3896 4562 fuerant
3959 4497 4353 4580 principium

2405 4591 2472 4649 et
2511 4583 2826 4648 fulturam
2871 4583 3103 4649 salutis
3148 4603 3339 4662 suae,
3395 4582 3766 4650 voluntaria
3810 4582 4137 4649 oblivione
4180 4580 4351 4646 abie-

2405 4670 2633 4736 cerint.

2928 5008 3049 5076 EX
3095 5007 3427 5076 EODEM
3471 5009 3820 5077 CAPITE.

2584 5182 2683 5248 19.
2748 5183 2953 5265 Quam
2994 5187 3202 5248 autem
3241 5182 3499 5248 vidisset
3534 5180 3780 5258 Iehova,
3825 5180 4223 5247 exacerbatus
4255 5187 4355 5251 est

2408 5268 2765 5337 irritatione
2802 5268 3080 5351 filiorum
3116 5273 3172 5336 et
3208 5268 3492 5350 filiarum
3532 5286 3815 5333 suarum
3882 5266 3985 5331 20.
4044 5265 4133 5331 Et
4163 5266 4350 5346 dimit,

2411 5356 2807 5424 Abscondam
2844 5355 3075 5438 faciem
3115 5374 3317 5423 meam
3359 5353 3437 5419 ab
3479 5355 3605 5420 eis.-
3676 5350 3902 5418 Vadebo
3943 5353 4099 5436 quid
4132 5353 4203 5419 ia
4241 5373 4353 5421 no-

3260 4175 3369 4232 us,
3426 4160 3661 4239 sponte
3715 4151 4162 4218 suffocaverit:
4221 4151 4353 4217 huc
4460 4208 4467 4216 .
