5017 6142
406 481 533 546 477

408 667 566 752 pulo
612 669 850 752 agitur,
894 687 1029 734 non
1074 667 1303 734 dubito
1347 668 1504 752 quin
1542 666 1878 735 solennem
1914 664 2367 733 sanctificandi

408 754 617 819 ritum
669 754 1089 838 praescribat.
1186 753 1422 838 Itaque
1485 775 1617 820 non
1685 754 1845 820 satis
1911 774 2057 819 meo
2120 752 2366 820 iudicio

410 838 795 923 exprimunt
829 840 1164 924 scriptoris
1187 850 1476 906 mentem
1511 842 1623 924 qui
1657 839 2059 924 generaliter
2094 845 2365 904 vertunt

411 945 822 1010 praeparare.
887 924 1071 1007 Quin
1116 928 1332 1010 potius
1374 926 1530 1010 quia
1571 923 1845 993 sistendi
1889 922 2364 1008 quodammodo

410 1023 604 1079 erant
643 1013 715 1078 in
759 1010 891 1078 Dei
933 1020 1384 1096 conspectum,
1447 1033 1534 1078 ne
1575 1011 1732 1077 illuc
1773 1009 2100 1076 immundi
2141 1008 2363 1094 prodi-

410 1106 594 1177 rent,
653 1097 1044 1164 lustratione
1099 1118 1265 1182 opus
1303 1098 1451 1163 fuit.
1537 1097 1846 1163 Notanda
1888 1107 2106 1163 autem
2153 1095 2365 1180 quoad

410 1183 610 1249 Iosue
651 1182 1101 1250 sanctificandi
1145 1183 1313 1249 ratio
1328 1234 1344 1265 ,
1402 1184 1572 1266 quod
1616 1183 1867 1250 scilicet
1909 1184 2366 1267 purgationem

410 1269 692 1355 legalem
736 1270 980 1353 populo
1023 1269 1274 1336 indicit.
1341 1269 1492 1335 Etsi
1535 1276 1757 1335 autem
1802 1269 2211 1335 caeremonia
2246 1287 2366 1352 per

411 1377 482 1422 se
526 1355 692 1421 levis
732 1354 966 1423 fuisset
1003 1356 1335 1434 momenti,
1382 1355 1741 1438 plurimum
1778 1362 2001 1420 tamen
2036 1353 2248 1421 valuit
2281 1351 2365 1417 ad

411 1440 910 1526 expergefacien
919 1439 1072 1507 dum
1133 1439 1362 1507 rudem
1417 1441 1750 1524 populum.
1836 1440 2136 1506 Externa
2187 1439 2365 1505 euim

411 1526 655 1594 oblatio
713 1547 822 1593 eos
878 1526 1201 1594 adducere
1262 1527 1485 1594 debuit
1526 1526 1608 1594 ad
1653 1525 2060 1611 spiritualem
2105 1523 2365 1591 mundi-

410 1616 588 1679 tiem.
679 1611 1106 1679 Continentia
1159 1633 1319 1679 vero
1364 1633 1405 1678 a
1447 1611 1647 1678 rebus
1702 1613 1944 1696 alioqui
2002 1611 2198 1677 licitis
2254 1631 2364 1676 eos

411 1698 766 1780 admonuit,
813 1718 1138 1764 summam
1185 1708 1251 1763 et
1293 1699 1687 1782 exquisitam
1722 1700 2077 1782 puritatem
2112 1696 2196 1763 ab
2229 1696 2364 1762 illis

409 1785 675 1869 requiri.
762 1781 1179 1851 Praedicitur
1233 1791 1454 1850 autem
1503 1783 1637 1851 illis
1695 1782 1855 1869 quid
1913 1785 2211 1850 futurum
2255 1783 2362 1863 sit,

409 1890 541 1955 quo
585 1870 965 1956 diligentius
1008 1891 1079 1936 se
1123 1870 1268 1955 quis
1311 1891 1394 1936 ue
1437 1871 1785 1937 examinet.
1843 1868 1990 1935 Imo
2035 1868 2363 1954 gradatim

408 1956 704 2042 procedit
727 1958 930 2037 Deus,
976 1976 1052 2023 ac
1087 1956 1145 2022 si
1187 1956 1258 2022 in
1306 1957 1486 2023 ucias
1520 1956 1603 2022 ad
1648 1954 2160 2040 resipiscendum
2205 1952 2364 2020 dare

409 2042 630 2111 vellet.
708 2041 942 2127 Neque
987 2044 1166 2108 enim
1206 2043 1335 2108 alia
1376 2042 1736 2127 excogitari
1780 2048 1998 2125 potest
2039 2040 2207 2106 ratio
2244 2060 2365 2106 cur

411 2149 455 2195 a
496 2128 672 2194 tribu
715 2128 798 2194 ad
843 2127 1161 2207 familias,
1222 2138 1289 2193 et
1343 2128 1612 2194 tandem
1656 2126 1738 2194 ad
1776 2147 1984 2192 unum
2029 2126 2362 2192 hominem

412 2215 841 2281 descenderit.
940 2212 1137 2282 Unde
1187 2214 1602 2299 cognoscitur
1659 2214 1844 2297 prodi
1900 2212 2070 2279 ‘osus
2134 2218 2365 2296 stupor

410 2299 679 2379 Achan,
737 2301 849 2385 qui
893 2298 1140 2384 pudore
1182 2300 1348 2365 forte
1392 2299 1607 2366 victus
1649 2234 2128 2384 impuffintiam
2173 2317 2362 2363 suam

411 2385 739 2471 duplicat:
797 2384 956 2451 dum
1011 2408 1084 2453 se
1125 2386 1435 2452 audacter
1487 2386 1830 2470 ingerens,
1894 2384 2173 2450 illudere
2216 2384 2363 2449 Deo

411 2493 546 2539 non
640 2471 916 2539 dubitat.
1042 2471 1182 2539 Cur
1273 2471 1451 2537 enim
1534 2473 1647 2539 ubi
1727 2492 1800 2536 se
1877 2469 2363 2554 deprehensum

411 2558 627 2637 videt,
684 2579 817 2623 non
860 2565 1094 2642 sponte
1138 2557 1453 2638 occurrit,
1511 2560 1866 2625 et·satetur
1910 2557 2191 2635 crimen,
2248 2554 2364 2621 sed

408 2644 832 2796 pertinaciter
870 2652 1205 2728 exspectat
1239 2642 1395 2710 dum
1427 2643 1680 2711 invitus
1714 2640 2061 2709 trahatur?
2108 2642 2364 2708 Verum

460 2751 575 2796 aec
616 2730 792 2797 iusta
834 2739 936 2796 est
978 2751 1204 2796 eorum
1247 2751 1517 2810 merces,
1560 2731 1676 2815 qui
1719 2752 1790 2797 se
1834 2727 2087 2795 diabolo
2131 2746 2362 2794 excae-

412 2816 655 2882 candos
688 2815 978 2882 tradunt.
1045 2816 1192 2882 Iam
1226 2816 1341 2883 ubi
1375 2816 1446 2882 in
1484 2816 1904 2883 damnatione
1938 2833 2098 2881 suae
2132 2813 2363 2891 tribus,

412 2901 647 2968 deinde
703 2902 992 2968 familiae
1045 2902 1265 2986 palam
1322 2903 1594 2987 agnovit
1649 2924 1783 2969 non
1835 2908 2094 2968 tantum
2137 2898 2363 2984 urgeri

412 3009 483 3054 se
527 2998 594 3054 et
648 2988 1012 3073 constringi
1055 2988 1182 3055 Dei
1238 3006 1474 3054 manu:
1532 2986 1856 3072 quomodo
1910 2995 2071 3053 tunc
2124 2985 2362 3052 saltem

409 3095 543 3140 non
585 3073 871 3157 prosiliit
904 3086 979 3138 ut
1019 3074 1399 3141 voluntaria
1442 3073 1769 3140 deditione
1803 3073 2189 3156 suppliciter
2221 3072 2363 3138 vin-

411 3161 652 3227 dictam
712 3158 1217 3243 deprecaretur?
1305 3158 1604 3243 Apparet
1661 3180 1816 3245 ergo
1871 3166 2163 3224 mentem
2218 3157 2363 3223 eius

411 3258 478 3311 et
510 3265 745 3312 sensus
777 3266 1004 3311 omnes
1036 3245 1236 3312 fiiisse
1265 3266 1305 3310 a
1333 3244 1588 3312 diabolo
1621 3246 1973 3312 fascinatos
2015 3252 2362 3328 postquam

409 3334 482 3397 in
525 3331 772 3398 scelere
815 3330 1228 3398 obduruerat.
1318 3331 1470 3397 Etsi
1512 3340 1733 3397 autem
1776 3351 1911 3395 non
1954 3331 2179 3396 omnia
2219 3349 2362 3395 ma-

408 3418 621 3485 leficia
669 3418 743 3483 in
800 3417 1014 3483 lucem
1055 3418 1242 3484 Deus
1301 3416 1630 3501 protrahit
1681 3415 1908 3483 eodem
1957 3415 2180 3494 modo,
2238 3435 2363 3483 nec

406 3505 608 3572 sortis
650 3504 826 3569 iactu
870 3524 1129 3587 semper
1171 3502 1413 3569 utitur:
1459 3503 1585 3570 hoc
1628 3511 1854 3569 tamen
1898 3502 2201 3587 exemplo
2245 3499 2360 3566 do-

406 3591 565 3669 cuit,
608 3588 775 3655 nihil
819 3598 955 3654 tam
994 3590 1325 3657 occultum
1359 3609 1501 3655 esse
1531 3588 1703 3673 quod
1737 3608 1859 3654 suo
1896 3595 2188 3672 tempore
2222 3606 2361 3652 non

404 3684 684 3760 retegat.
752 3675 998 3741 Forma
1031 3673 1294 3760 quidem
1329 3674 1876 3741 manifestationis
1909 3675 2036 3739 erit
2079 3673 2361 3753 diversa,

404 3781 641 3829 verum
685 3760 955 3845 quisque
998 3783 1118 3846 pro
1163 3783 1233 3828 se
1289 3761 1559 3847 cogitet,
1618 3781 1783 3845 quae
1837 3760 2105 3845 fugiunt
2160 3759 2360 3825 totius

404 3847 642 3914 mundi
682 3848 985 3914 notitiam
1030 3847 1303 3914 minime
1346 3867 1491 3913 esse
1533 3847 1678 3913 Deo
1720 3846 2131 3926 abscondita,
2178 3855 2243 3910 et
2288 3847 2358 3909 in

407 3935 553 4000 eius
596 3932 864 4000 arbitrio
905 3954 1049 3999 esse
1063 3983 1081 4013 ,
1141 3933 1356 4016 palam
1397 3933 1630 4000 facere.
1718 3932 1868 3998 Etsi
1912 3935 2084 3997 enim
2132 3951 2360 4015 pecca·

406 4031 552 4086 tum
593 4020 782 4086 velut
823 4019 1109 4103 sopitum
1151 4020 1392 4096 iaceat,
1440 4038 1558 4102 pro
1602 4017 1852 4085 foribus
1894 4028 2120 4084 tamen
2163 4017 2361 4084 cubat

407 4114 477 4171 et
519 4105 832 4171 miserum
876 4105 1207 4172 hominem
1253 4103 1523 4183 obsidet,
1571 4102 1774 4171 donec
1816 4105 2229 4188 oppresserit.

585 4276 686 4342 19.
738 4276 914 4344 Tunc
945 4277 1113 4343 dixit
1135 4274 1326 4343 Iosuc
1367 4275 1733 4343 adAchan:
1770 4275 1873 4357 fili
1914 4276 2023 4355 mi,
2067 4274 2155 4341 da
2193 4294 2361 4341 nunc

404 4362 679 4449 ,alonium
722 4362 988 4428 Iehovae
1031 4362 1170 4428 Deo
1218 4362 1460 4446 Israel,
1518 4367 1575 4428 et
1628 4361 1736 4429 ede
1787 4362 1848 4428 ci
1901 4360 2360 4443 confessionam,

649 4448 864 4515 indica
916 4446 1076 4513 mihi
1127 4449 1282 4530 quid
1331 4449 1582 4531 feceri-5¹,
1633 4467 1711 4512 ne
1767 4446 2104 4513 abscondas
2156 4466 2201 4512 a
2242 4465 2356 4511 me.

409 4534 514 4601 20.
574 4533 920 4617 Respondit
958 4532 1187 4599 Acban
1241 4534 1327 4599 ad
1369 4533 1661 4612 Ῑοεωαηι,
1716 4537 1772 4599 ct
1827 4534 1950 4598 ait.-
2020 4532 2177 4598 Vere
2216 4551 2362 4615 erqo

398 4621 655 4705 peccavi
677 4619 943 4686 Iehovac
964 4619 1100 4684 Deo
1125 4618 1350 4700 Israel,
1392 4623 1450 4684 ct
1487 4619 1584 4685 sic
1623 4621 1681 4685 ct
1718 4617 1812 4684 cic
1848 4618 1987 4701 feci.
2051 4617 2156 4683 21.
2208 4614 2362 4684 Vidi

409 4710 574 4773 niter
612 4705 817 4790 spolia
847 4704 1127 4786 pallium
1167 4704 1627 4789 Babylonicum
1667 4702 1919 4785 bonum,
1975 4708 2035 4768 et
2071 4704 2360 4769 ducentos

409 4792 596 4861 siclos
614 4795 943 4878 arqentcoS,
978 4795 1036 4856 ct
1066 4790 1328 4874 liyulom
1359 4810 1623 4858 auream
1654 4810 1869 4871 unam,
1900 4791 2084 4857 cuiue
2106 4789 2359 4872 pondu-s

409 4883 543 4944 erat
681 4881 694 4893 '
917 4878 929 4891 ’
1079 4877 1392 4956 siclorum,
1437 4898 1596 4958 quac
1636 4876 1958 4960 concupivi
1999 4880 2055 4942 ct
2096 4874 2360 4943 abstuli.-

409 4970 466 5031 εἰ
508 4983 633 5032 cccc
675 4964 1032 5030 abscondita
1071 4967 1221 5029 sunt
1259 4963 1333 5028 in
1374 4968 1564 5043 terra,
1608 4962 1682 5028 in
1720 4962 1926 5029 medio
1968 4961 2358 5029 tabernaculi

411 5052 566 5128 mei,
633 5054 691 5115 et
755 5054 1075 5133 amentum
1138 5047 1372 5115 subtus.
1469 5048 1573 5114 22.
1642 5046 1835 5113 Misit
1891 5049 2108 5131 itaque
2171 5045 2359 5114 Iosuc

415 5138 676 5202 nuncios
696 5136 811 5219 qui
831 5133 2352 5202 cucurreruntadtabcrnaoulumwcccabccondi-

412 5227 547 5288 tum
609 5226 748 5287 crat
807 5222 880 5287 in
940 5220 1329 5288 tabernaculo
1379 5220 1543 5302 ciue,
1605 5224 1661 5287 et
1711 5225 2037 5303 amentum
2089 5219 2208 5285 sub
2263 5237 2353 5285 co.

416 5308 519 5374 23.
559 5308 1059 5390 Acceperuntque
1089 5329 1164 5374 ea
1185 5328 1218 5374 e
1248 5307 1453 5373 medio
1499 5304 1905 5389 tabernaculi,
1940 5307 2360 5373 etallulerunt

414 5416 489 5463 ea
523 5395 608 5461 ad
631 5393 896 5459 Ios-uam
937 5399 994 5460 ct
1035 5394 1120 5460 ad
1164 5412 1376 5460 omncs
1409 5392 1578 5475 filios
1621 5392 1849 5472 Israel,
1888 5396 2358 5475 statueruntque

1584 476 2328 546 COMMENTARIUS
2370 476 2469 544 IN
2517 476 2798 546 IOSUE
2844 477 3043 545 OAP.
3087 476 3249 547 VH.

4297 486 4425 552 478

2469 685 2680 733 coram
2718 665 2965 734 Iehova.
3033 666 3136 733 24.
3188 667 3440 735 Tollen-s*
3482 669 3680 754 iyitur
3717 670 3906 737 Iosuc
3948 670 4176 738 Acban
4213 672 4426 754 filium

2471 752 2657 833 Ζᾶνα,
2702 757 2758 818 el
2797 757 3149 837 amentum,
3194 759 3250 819 el
3284 754 3558 837 pallium
3574 805 3590 836 ,
3635 759 3693 820 et
3732 755 4002 839 liyulam
4045 778 4324 838 auream,
4366 766 4424 827 el

2466 838 2634 920 tilios
2677 839 2833 917 eius,
2878 843 2937 904 et
2973 838 3149 921 filias
3190 841 3350 917 cius,
3394 845 3450 905 ct
3489 840 3667 907 boves
3709 841 3866 921 ciue,
3911 848 3970 909 et
4010 844 4224 910 asinos
4266 846 4422 925 ciue,

2469 929 2528 989 et
2554 925 2827 1005 pecudes
2868 925 3037 1002 eius,
3083 929 3140 991 ct
3181 926 3650 993 tabernamdmn
3692 929 3863 1006 cius,
3907 933 3966 994 et
4005 931 4217 996 omnia
4261 950 4425 1014 quae

2470 1014 2648 1077 crant
2687 1011 2842 1089 eius,
2885 1010 3196 1093 simulque
3233 1012 3569 1078 universus
3604 1011 3817 1079 Israel
3857 1034 4000 1089 cum
4037 1035 4107 1082 eo
4148 1017 4424 1083 adduxe-

2468 1101 2618 1160 runt
2659 1096 2729 1161 in
2770 1095 2996 1162 vallem
3036 1096 3268 1163 Λάιον.
3332 1097 3438 1163 25.
3482 1097 3674 1165 Dixit
3718 1099 3938 1166 Ioeue:
3984 1099 4115 1168 Gur
4155 1103 4425 1169 afflasti

2467 1201 2584 1247 nos
2599 1181 2635 1246 ‚2
2726 1181 2960 1247 Tuo-bct
3000 1187 3056 1248 tc
3100 1182 3330 1249 Iehova
3371 1182 3582 1261 hodie,
3626 1188 3683 1250 et
3723 1185 4053 1252 obruerunt
4096 1208 4236 1254 eum
4274 1191 4422 1255 uni-

2467 1286 2691 1333 versus
2756 1266 2967 1333 Israel
3042 1268 3367 1350 lapidibus
3381 1319 3399 1348 ,
3474 1270 4049 1354 combusseruntquc
4120 1293 4222 1341 cos
4284 1275 4423 1358 iyni

2461 1358 2799 1436 postquam
2849 1353 3290 1438 lapidaverunt
3339 1374 3441 1420 eos
3481 1354 3821 1437 lapidibus.
3909 1358 4015 1424 26.
4060 1357 4150 1424 Et
4190 1365 4422 1427 statue·

2467 1444 2618 1504 runt
2672 1458 2865 1521 super
2918 1460 3061 1505 eum
3114 1460 3402 1506 acervum
3446 1440 3734 1523 lapidum
3774 1463 4071 1528 maynum
4112 1464 4307 1528 usque
4346 1446 4421 1512 in

2467 1524 2630 1592 bomo
2648 1524 2834 1606 diem
2869 1529 2926 1591 ct
2956 1545 3222 1591 aversus
3256 1531 3345 1591 est
3367 1525 3600 1592 Iehova
3636 1526 3714 1592 ab
3747 1530 3855 1594 ira
3887 1531 4421 1597 excandescmtiae

2467 1630 2660 1677 suae.-
2712 1611 2854 1677 ideo
2909 1616 3208 1678 vocarunt
3261 1631 3480 1678 nomen
3536 1612 3652 1678 loci
3704 1614 3888 1681 illius
3941 1615 4164 1682 vallem
4207 1615 4421 1685 Achor-

2466 1717 2667 1779 usquc
2705 1698 2780 1763 in
2819 1695 2982 1763 bunc
3022 1698 3206 1764 diem.

2643 1868 2746 1935 19.
2796 1868 2972 1935 Tunc
3003 1868 3171 1934 dimit
3197 1867 3401 1934 Ioeue.
3465 1868 3613 1935 Etsi
3650 1877 3825 1937 sorte
3859 1870 4202 1952 duntaxat,
4248 1892 4416 1955 quae

2467 1956 2738 2022 fortuito
2781 1954 3013 2022 cadere
3057 1953 3345 2034 videtur,
3405 1953 3795 2038 illaqueatus
3837 1964 4101 2023 tenetur
4151 1958 4414 2024 Achan:

2469 2041 2627 2126 quia
2667 2049 2890 2107 tamen
2933 2039 3396 2124 pronunciavit
3416 2039 3619 2121 Deus,
3663 2043 3969 2125 quisnam
4012 2052 4184 2110 esset
4228 2052 4418 2109 autor

2468 2127 2765 2193 criminis
2798 2148 2870 2193 se
2904 2126 3092 2210 quasi
3135 2125 3340 2211 digito
3382 2133 3819 2208 ostensurum,
3863 2150 3996 2195 non
4041 2128 4418 2195 dubitanter

2468 2216 2830 2298 interrogat
2872 2211 3100 2279 Iosue:
3161 2211 3276 2278 sed
3330 2232 3471 2277 rem
3525 2224 3925 2297 compertam
3980 2215 4172 2281 fateri
4214 2213 4416 2280 iubet.

2468 2298 2818 2366 Probabile
2883 2297 3145 2382 quidem
3218 2307 3321 2363 est
3336 2347 3354 2376 ,
3432 2297 3658 2364 tritam
3721 2300 3922 2367 fuisse
3987 2300 4418 2368 adiurationis

2465 2386 2740 2451 formam
2783 2384 2992 2451 'sicuti
3051 2383 3228 2469 apud
3260 2382 3578 2449 Ioannem
3621 2383 3829 2471 (Ioan.
3876 2386 3919 2452 9
3935 2436 3952 2465 ,
3997 2385 4107 2473 24)
4165 2387 4422 2454 scribae

2467 2482 2535 2537 et
2578 2470 2944 2538 sacerdotes
2988 2490 3257 2537 caecum
3299 2470 3406 2535 cui
3448 2468 3823 2537 reddiderat
3846 2471 4154 2539 Christus
4195 2473 4420 2540 oculos

2468 2557 2778 2625 adiurant
2818 2555 3051 2623 iisdem
3093 2556 3319 2622 verbis
3334 2606 3350 2632 ,
3407 2564 3484 2620 ut
3527 2554 3608 2621 de
3651 2558 3965 2625 miraculo
4006 2558 4417 2643 respondeat.

2470 2642 2790 2728 Specialis
2832 2650 3055 2709 tamen
3097 2642 3226 2708 fuit
3266 2641 3452 2722 ratio,
3494 2659 3614 2707 cur
3653 2641 3886 2709 Achan
3931 2645 4234 2709 hortatus
4275 2644 4417 2709 fue-

2465 2731 2559 2796 rit
2596 2729 2794 2796 Iosue
2837 2728 2921 2795 ad
2964 2726 3248 2795 dandam
3292 2727 3569 2812 gloriam
3614 2728 3759 2795 Deo
3775 2780 3793 2810 ,
3851 2730 4007 2814 quia
4062 2728 4417 2796 inficiando

2468 2815 2573 2883 vel
2631 2812 3124 2902 tergiversando
3177 2813 3379 2880 fidem
3440 2812 3622 2879 illius
3687 2814 3949 2882 decreto
4014 2813 4414 2901 abrogasset.

2464 2902 2603 2969 Res
2643 2902 2820 2967 enim
2861 2901 2995 2967 iam
3037 2909 3215 2967 sorte
3258 2907 3404 2966 erat
3446 2898 3732 2966 definita.
3814 2901 4217 2985 Simpliciter
4259 2921 4416 2986 ergo

2464 2988 2659 3055 Iosue
2715 2988 2738 3051 i
2785 3006 2932 3053 sum
2987 2985 3120 3053 Dei
3177 2984 3543 3052 sententiae
3600 2987 4008 3054 subscribere
4063 2987 4273 3066 iubet,
4332 3006 4416 3051 ne

2462 3075 2713 3142 frustra
2777 3072 3072 3155 itigando
3114 3071 3330 3139 scelus
3373 3080 3629 3156 augeat.
3716 3073 3969 3140 Filium
4027 3093 4238 3157 neque
4280 3073 4412 3138 iro-

2463 3160 2610 3227 nice
2652 3179 2862 3242 neque
2904 3157 3206 3224 simulate
3248 3157 3579 3223 nominat:
3637 3158 3752 3225 sed
3810 3180 3963 3225 vere
4020 3165 4302 3225 testatur
4338 3177 4416 3224 ac

2461 3247 3150 3398 ’ῗὲἓῖῖἷᾚὲεἳῗίἱῖἒὲἳ
3181 3244 4414 3413 ωδζῗξὲθᾘὲῗὲἓέἓὶὲῗέἳηῗέ

2465 3417 2624 3484 dum
2676 3417 2923 3484 scelera
2979 3414 3264 3501 puniunt
3320 3415 3414 3482 sic
3462 3422 3833 3499 temperare
3874 3438 4070 3483 suum
4110 3416 4416 3502 rigorem,
4485 3480 4492 3489 ,

2463 3525 2551 3570 ne
2616 3510 2866 3569 exuant
2926 3499 3359 3568 humanitatis
3421 3500 3760 3568 affectum:
3839 3511 3909 3570 et
3984 3521 4252 3568 rursum
4322 3503 4420 3567 ita

2463 3589 2915 3656 misericordes
2993 3608 3135 3654 esse
3154 3637 3174 3668 ,
3252 3608 3339 3653 ne
3418 3584 3719 3654 dissoluti
3794 3588 3932 3656 sint
3995 3609 4073 3654 ac
4135 3588 4414 3655 remissi.

2461 3676 2766 3760 Denique
2807 3675 2904 3740 ita
2952 3674 3088 3740 sint
3141 3681 3363 3759 patres
3419 3694 3648 3761 eorum
3707 3694 3867 3759 quos
3922 3672 4271 3752 damnant,
4329 3694 4416 3740 ne

2461 3760 2974 3828 mansuetudine
3015 3759 3358 3826 mollescat
3398 3760 3738 3828 severitas.
3831 3760 4032 3827 Multi
4074 3757 4416 3825 blanditiis

2461 3847 2742 3915 miseros
2805 3844 3217 3926 demulcent,
3293 3844 3603 3930 fingendo
3669 3867 3742 3911 se
3805 3845 3976 3915 velle
4037 3845 4416 3931 ignoscere:

2462 3932 2684 4000 elicita
2738 3940 2962 3999 autem
3018 3930 3419 3999 confessione
3472 3932 3767 3999 carnifici
3807 3938 4078 4016 repente
4121 3929 4411 4011 tradunt,

2460 4019 2575 4104 qui
2639 4018 2804 4086 falso
2866 4018 3335 4102 impunitatem
3387 4026 3833 4102 speraverant.
3934 4017 4129 4084 Iosue
4193 4024 4415 4083 autem

2460 4125 2650 4172 reum
2687 4103 2771 4171 ad
2791 4104 2923 4171 Dei
2954 4101 3246 4170 tribunal
3278 4103 3516 4172 citasse
3549 4111 3920 4183 contentus,
3960 4102 4144 4170 inani
4177 4105 4415 4170 veniae

2460 4211 2578 4276 spe
2620 4212 2773 4257 eum
2819 4191 3085 4256 minime
3130 4187 3477 4256 demulcet.
3544 4190 3652 4257 Ita
3695 4190 3962 4257 demum
4002 4187 4272 4257 liberior
4312 4197 4418 4257 est

2462 4277 2548 4344 ad
2590 4274 2928 4343 ferendam
2973 4296 3140 4359 quae
3182 4296 3224 4343 a
3264 4276 3412 4342 Deo
3455 4275 3698 4342 dictata
3739 4284 3842 4345 est
3884 4276 4300 4344 sententiam.

2633 4363 2738 4431 20.
2783 4362 3128 4445 Respondit
3171 4360 3413 4428 Acban.
3501 4360 3679 4443 Quia
3719 4363 3852 4429 iam
3912 4361 4229 4429 attonitus
4271 4367 4416 4426 erat

2463 4470 2600 4516 non
2644 4447 3038 4533 subterfugit
3052 4498 3069 4528 ,
3124 4468 3339 4533 neque
3380 4446 3634 4517 crimen
3674 4457 3991 4516 extenuat
4006 4499 4022 4530 ,
4072 4467 4288 4531 neque
4328 4444 4414 4511 ad

2462 4533 2943 4605 obscurandum
2994 4532 3245 4601 colores
3303 4532 3586 4601 inducit:
3646 4536 3809 4620 quin
3860 4534 4082 4619 potius
4125 4534 4413 4617 ingenue

2463 4642 2605 4687 rem
2650 4628 2856 4687 totam
2900 4619 3205 4704 explicat.
3291 4618 3526 4704 Itaque
3569 4620 3654 4688 ad
3697 4618 4215 4704 extorquendam
4258 4636 4412 4683 con-

2462 4707 2808 4773 fessionem
2848 4706 3000 4791 plus
3041 4704 3255 4772 valuit
3295 4725 3558 4773 sacrum
3590 4708 3720 4774 Dei
3753 4726 3993 4773 nomen
4038 4725 4234 4789 quam
4279 4712 4412 4768 tor-

2460 4801 2687 4858 menta
2728 4790 3072 4877 quaelibet.
3136 4791 3367 4876 Neque
3406 4798 3632 4859 tamen
3674 4800 3928 4861 certum
3972 4789 4412 4876 poenitentiae

2456 4876 2777 4946 indicium
2842 4877 2971 4943 fuit
3035 4876 3357 4945 eiusmodi
3419 4879 3835 4963 simplicitas:
3913 4876 4029 4943 sed
4096 4886 4414 4960 tanquam

2456 4984 2702 5049 pavore
2779 4963 3195 5029 exanimatus
3258 4972 3482 5047 aperte
3546 4963 3835 5050 prodidit
3895 4959 4065 5046 quod
4130 4960 4413 5027 libenter

2456 5050 2753 5117 texisset.
2817 5049 2957 5116 Nec
2990 5070 3145 5116 vero
3178 5070 3426 5117 novum
3461 5059 3581 5129 est,
3623 5057 3969 5136 postquam
4013 5046 4413 5131 aliquamdiu

2458 5135 2629 5202 elabi
2686 5142 3026 5202 tentarunt
3079 5135 3371 5221 reprobi,
3431 5146 3628 5221 atque
3681 5137 3878 5204 etiam
3920 5135 3994 5200 in
4050 5134 4187 5200 suis
4229 5134 4413 5203 vit-iis

2459 5222 2938 5307 obtorpuerunt
2952 5273 2969 5302 ,
3028 5232 3298 5307 repente
3342 5224 3487 5289 fieri
3547 5223 3954 5288 voluntarios
3995 5241 4150 5286 suos
4193 5228 4412 5302 testes,

2459 5328 2597 5374 non
2661 5308 2833 5394 quod
2899 5318 3128 5392 sponte
3195 5329 3274 5374 eo
3340 5308 3772 5387 descendant,
3839 5305 3954 5372 sed
4018 5306 4175 5392 quia
4229 5308 4414 5373 Deus

2459 5395 2704 5462 invitos
2777 5395 3014 5476 trahit,
3094 5402 3160 5462 et
3238 5391 3714 5479 quodammodo
3791 5393 3929 5478 agit
4004 5393 4410 5478 praecipites.
