<?xml version="1.0" encoding="UTF-8"?>
<!DOCTYPE html PUBLIC "-//W3C//DTD XHTML 1.0 Transitional//EN"
    "http://www.w3.org/TR/xhtml1/DTD/xhtml1-transitional.dtd">
<html xmlns="http://www.w3.org/1999/xhtml" xml:lang="en" lang="en">
 <head>
  <title>
</title>
<meta http-equiv="Content-Type" content="text/html;charset=utf-8" />
  <meta name='ocr-system' content='tesseract 3.04.00' />
  <meta name='ocr-capabilities' content='ocr_page ocr_carea ocr_par ocr_line ocrx_word'/>
</head>
<body>
  <div class='ocr_page' id='page_1' title='image "./ioanniscalvinio06unkngoog_0079.png"; bbox 0 0 5017 6142; ppageno 0'>
   <div class='ocr_carea' id='block_1_1' title="bbox 71 5116 76 5843">
    <p class='ocr_par' dir='ltr' id='par_1_1' title="bbox 71 5116 76 5843">
     <span class='ocr_line' id='line_1_1' title="bbox 71 5116 76 5843; baseline 0 0"><span class='ocrx_word' id='word_1_1' title='bbox 71 5116 76 5843; x_wconf 95' lang='lat' dir='ltr'><strong><em> </em></strong></span> 
     </span>
    </p>
   </div>
   <div class='ocr_carea' id='block_1_2' title="bbox 455 436 576 502">
    <p class='ocr_par' dir='ltr' id='par_1_2' title="bbox 455 436 576 502">
     <span class='ocr_line' id='line_1_2' title="bbox 455 436 576 502; baseline 0.008 -1"><span class='ocrx_word' id='word_1_2' title='bbox 455 436 576 502; x_wconf 81' lang='lat'><strong><em>133</em></strong></span> 
     </span>
    </p>
   </div>
   <div class='ocr_carea' id='block_1_3' title="bbox 443 624 2404 5433">
    <p class='ocr_par' dir='ltr' id='par_1_3' title="bbox 443 624 2404 5433">
     <span class='ocr_line' id='line_1_3' title="bbox 448 624 2399 709; baseline 0.001 -20"><span class='ocrx_word' id='word_1_3' title='bbox 448 625 587 709; x_wconf 83' lang='lat' dir='ltr'><strong><em>iqni</em></strong></span> <span class='ocrx_word' id='word_1_4' title='bbox 628 628 808 690; x_wconf 75' lang='lat' dir='ltr'><strong><em>extra</em></strong></span> <span class='ocrx_word' id='word_1_5' title='bbox 863 628 1072 690; x_wconf 75' lang='lat' dir='ltr'><strong><em>castra</em></strong></span> <span class='ocrx_word' id='word_1_6' title='bbox 1089 674 1104 702; x_wconf 92' lang='lat'><em>‚</em></span> <span class='ocrx_word' id='word_1_7' title='bbox 1159 624 1675 707; x_wconf 77' lang='lat' dir='ltr'><strong><em>quemadmodum</em></strong></span> <span class='ocrx_word' id='word_1_8' title='bbox 1726 631 2124 709; x_wconf 72' lang='lat' dir='ltr'><strong><em>praeceperat</em></strong></span> <span class='ocrx_word' id='word_1_9' title='bbox 2167 625 2399 692; x_wconf 76' lang='lat' dir='ltr'><strong><em>Iehova</em></strong></span> 
     </span>
     <span class='ocr_line' id='line_1_4' title="bbox 448 707 2400 792; baseline 0.002 -18"><span class='ocrx_word' id='word_1_10' title='bbox 448 709 582 792; x_wconf 89' lang='lat' dir='ltr'><strong><em>ipsi</em></strong></span> <span class='ocrx_word' id='word_1_11' title='bbox 624 707 820 776; x_wconf 86' lang='lat' dir='ltr'><strong><em>Mosi.</em></strong></span> <span class='ocrx_word' id='word_1_12' title='bbox 906 711 1005 776; x_wconf 88' lang='grc'><strong><em>18.</em></strong></span> <span class='ocrx_word' id='word_1_13' title='bbox 1056 710 1211 776; x_wconf 82' lang='lat' dir='ltr'><strong><em>Post</em></strong></span> <span class='ocrx_word' id='word_1_14' title='bbox 1249 710 1397 778; x_wconf 78' lang='lat' dir='ltr'><strong><em>haec</em></strong></span> <span class='ocrx_word' id='word_1_15' title='bbox 1437 712 1708 777; x_wconf 73' lang='lat' dir='ltr'><strong><em>adduxit</em></strong></span> <span class='ocrx_word' id='word_1_16' title='bbox 1747 713 2007 777; x_wconf 84' lang='lat' dir='ltr'><strong><em>arietem</em></strong></span> <span class='ocrx_word' id='word_1_17' title='bbox 2046 711 2400 791; x_wconf 71' lang='lat' dir='ltr'><strong><em>holocausti,</em></strong></span> 
     </span>
     <span class='ocr_line' id='line_1_5' title="bbox 451 795 2403 879; baseline 0 -16"><span class='ocrx_word' id='word_1_18' title='bbox 451 800 506 863; x_wconf 82' lang='lat' dir='ltr'><strong><em>et</em></strong></span> <span class='ocrx_word' id='word_1_19' title='bbox 549 796 951 862; x_wconf 83' lang='lat' dir='ltr'><strong><em>admoverunt</em></strong></span> <span class='ocrx_word' id='word_1_20' title='bbox 990 795 1260 862; x_wconf 66' lang='lat' dir='ltr'><strong><em>Auaron</em></strong></span> <span class='ocrx_word' id='word_1_21' title='bbox 1302 802 1358 862; x_wconf 85' lang='lat' dir='ltr'><strong><em>et</em></strong></span> <span class='ocrx_word' id='word_1_22' title='bbox 1395 796 1522 879; x_wconf 76' lang='lat' dir='ltr'><strong><em>filii</em></strong></span> <span class='ocrx_word' id='word_1_23' title='bbox 1564 798 1703 862; x_wconf 83' lang='lat' dir='ltr'><strong><em>eius</em></strong></span> <span class='ocrx_word' id='word_1_24' title='bbox 1742 816 1972 862; x_wconf 88' lang='lat' dir='ltr'><strong><em>manus</em></strong></span> <span class='ocrx_word' id='word_1_25' title='bbox 2014 817 2170 863; x_wconf 88' lang='lat' dir='ltr'><strong><em>suas</em></strong></span> <span class='ocrx_word' id='word_1_26' title='bbox 2213 819 2403 879; x_wconf 87' lang='lat' dir='ltr'><strong><em>super</em></strong></span> 
     </span>
     <span class='ocr_line' id='line_1_6' title="bbox 450 876 2401 965; baseline 0.001 -19"><span class='ocrx_word' id='word_1_27' title='bbox 450 886 636 964; x_wconf 88' lang='lat' dir='ltr'><strong><em>caput</em></strong></span> <span class='ocrx_word' id='word_1_28' title='bbox 676 883 914 948; x_wconf 83' lang='lat' dir='ltr'><strong><em>arietis.</em></strong></span> <span class='ocrx_word' id='word_1_29' title='bbox 987 882 1085 948; x_wconf 86' lang='lat'><strong><em>19.</em></strong></span> <span class='ocrx_word' id='word_1_30' title='bbox 1122 876 1210 947; x_wconf 84' lang='lat' dir='ltr'><strong><em>Et</em></strong></span> <span class='ocrx_word' id='word_1_31' title='bbox 1249 884 1567 959; x_wconf 85' lang='lat' dir='ltr'><strong><em>mactavit,</em></strong></span> <span class='ocrx_word' id='word_1_32' title='bbox 1614 884 1972 965; x_wconf 81' lang='lat' dir='ltr'><strong><em>sparsitque</em></strong></span> <span class='ocrx_word' id='word_1_33' title='bbox 2007 882 2217 949; x_wconf 83' lang='lat' dir='ltr'><strong><em>Moses</em></strong></span> <span class='ocrx_word' id='word_1_34' title='bbox 2258 903 2401 949; x_wconf 82' lang='lat' dir='ltr'><strong><em>san·</em></strong></span> 
     </span>
     <span class='ocr_line' id='line_1_7' title="bbox 448 968 2400 1053; baseline 0.002 -21"><span class='ocrx_word' id='word_1_35' title='bbox 448 969 702 1053; x_wconf 87' lang='lat' dir='ltr'><strong><em>quinem</em></strong></span> <span class='ocrx_word' id='word_1_36' title='bbox 742 988 934 1049; x_wconf 86' lang='lat' dir='ltr'><strong><em>super</em></strong></span> <span class='ocrx_word' id='word_1_37' title='bbox 974 968 1172 1033; x_wconf 86' lang='lat' dir='ltr'><strong><em>altare</em></strong></span> <span class='ocrx_word' id='word_1_38' title='bbox 1202 988 1327 1051; x_wconf 86' lang='lat' dir='ltr'><strong><em>per</em></strong></span> <span class='ocrx_word' id='word_1_39' title='bbox 1368 969 1713 1034; x_wconf 87' lang='lat' dir='ltr'><strong><em>circuitum.</em></strong></span> <span class='ocrx_word' id='word_1_40' title='bbox 1781 969 1882 1034; x_wconf 89' lang='grc'><strong><em>20.</em></strong></span> <span class='ocrx_word' id='word_1_41' title='bbox 1929 968 2211 1036; x_wconf 77' lang='lat' dir='ltr'><strong><em>Arietem</em></strong></span> <span class='ocrx_word' id='word_1_42' title='bbox 2253 990 2400 1052; x_wconf 90' lang='lat' dir='ltr'><strong><em>quo-</em></strong></span> 
     </span>
     <span class='ocr_line' id='line_1_8' title="bbox 453 1054 2399 1137; baseline 0.002 -19"><span class='ocrx_word' id='word_1_43' title='bbox 453 1074 572 1137; x_wconf 90' lang='lat' dir='ltr'><strong><em>que</em></strong></span> <span class='ocrx_word' id='word_1_44' title='bbox 615 1055 878 1120; x_wconf 75' lang='lat' dir='ltr'><strong><em>concidit</em></strong></span> <span class='ocrx_word' id='word_1_45' title='bbox 919 1055 987 1119; x_wconf 87' lang='lat' dir='ltr'><strong><em>in</em></strong></span> <span class='ocrx_word' id='word_1_46' title='bbox 1027 1054 1240 1137; x_wconf 80' lang='lat' dir='ltr'><strong><em>frusta</em></strong></span> <span class='ocrx_word' id='word_1_47' title='bbox 1295 1075 1447 1130; x_wconf 90' lang='lat' dir='ltr'><strong><em>sua,</em></strong></span> <span class='ocrx_word' id='word_1_48' title='bbox 1505 1054 1882 1136; x_wconf 74' lang='lat' dir='ltr'><strong><em>adolevitque</em></strong></span> <span class='ocrx_word' id='word_1_49' title='bbox 1926 1054 2138 1121; x_wconf 85' lang='lat' dir='ltr'><strong><em>Moses</em></strong></span> <span class='ocrx_word' id='word_1_50' title='bbox 2194 1061 2399 1137; x_wconf 85' lang='lat' dir='ltr'><strong><em>caput,</em></strong></span> 
     </span>
     <span class='ocr_line' id='line_1_9' title="bbox 453 1138 2401 1223; baseline 0.002 -19"><span class='ocrx_word' id='word_1_51' title='bbox 453 1145 507 1204; x_wconf 86' lang='lat' dir='ltr'><strong><em>et</em></strong></span> <span class='ocrx_word' id='word_1_52' title='bbox 545 1140 760 1222; x_wconf 78' lang='lat' dir='ltr'><strong><em>frusta</em></strong></span> <span class='ocrx_word' id='word_1_53' title='bbox 802 1146 861 1204; x_wconf 90' lang='lat' dir='ltr'><strong><em>et</em></strong></span> <span class='ocrx_word' id='word_1_54' title='bbox 892 1141 1159 1223; x_wconf 79' lang='lat' dir='ltr'><strong><em>adipem.</em></strong></span> <span class='ocrx_word' id='word_1_55' title='bbox 1229 1141 1334 1206; x_wconf 91' lang='grc'><strong><em>21.</em></strong></span> <span class='ocrx_word' id='word_1_56' title='bbox 1381 1138 1691 1206; x_wconf 87' lang='lat' dir='ltr'><strong><em>Intestina</em></strong></span> <span class='ocrx_word' id='word_1_57' title='bbox 1734 1161 1873 1207; x_wconf 85' lang='lat' dir='ltr'><strong><em>vero</em></strong></span> <span class='ocrx_word' id='word_1_58' title='bbox 1916 1146 1972 1206; x_wconf 85' lang='lat' dir='ltr'><strong><em>et</em></strong></span> <span class='ocrx_word' id='word_1_59' title='bbox 2012 1161 2204 1207; x_wconf 86' lang='lat' dir='ltr'><strong><em>crura</em></strong></span> <span class='ocrx_word' id='word_1_60' title='bbox 2247 1142 2401 1207; x_wconf 85' lang='lat' dir='ltr'><strong><em>lavit</em></strong></span> 
     </span>
     <span class='ocr_line' id='line_1_10' title="bbox 453 1225 2401 1309; baseline 0.001 -19"><span class='ocrx_word' id='word_1_61' title='bbox 453 1246 626 1308; x_wconf 90' lang='lat' dir='ltr'><strong><em>aqua</em></strong></span> <span class='ocrx_word' id='word_1_62' title='bbox 639 1276 654 1305; x_wconf 92' lang='lat'><strong><em>,</em></strong></span> <span class='ocrx_word' id='word_1_63' title='bbox 711 1230 765 1291; x_wconf 89' lang='lat' dir='ltr'><strong><em>et</em></strong></span> <span class='ocrx_word' id='word_1_64' title='bbox 818 1226 1084 1293; x_wconf 78' lang='lat' dir='ltr'><strong><em>adolevit</em></strong></span> <span class='ocrx_word' id='word_1_65' title='bbox 1130 1225 1336 1292; x_wconf 85' lang='lat' dir='ltr'><strong><em>Moses</em></strong></span> <span class='ocrx_word' id='word_1_66' title='bbox 1376 1231 1571 1291; x_wconf 78' lang='lat' dir='ltr'><strong><em>totum</em></strong></span> <span class='ocrx_word' id='word_1_67' title='bbox 1614 1228 1869 1291; x_wconf 87' lang='lat' dir='ltr'><strong><em>arietem</em></strong></span> <span class='ocrx_word' id='word_1_68' title='bbox 1924 1246 2116 1309; x_wconf 87' lang='lat' dir='ltr'><strong><em>super</em></strong></span> <span class='ocrx_word' id='word_1_69' title='bbox 2172 1228 2401 1292; x_wconf 86' lang='lat' dir='ltr'><strong><em>altare:</em></strong></span> 
     </span>
     <span class='ocr_line' id='line_1_11' title="bbox 453 1310 2402 1395; baseline 0.001 -19"><span class='ocrx_word' id='word_1_70' title='bbox 453 1310 876 1376; x_wconf 72' lang='lat' dir='ltr'><strong><em>holocaustum</em></strong></span> <span class='ocrx_word' id='word_1_71' title='bbox 920 1316 1008 1377; x_wconf 88' lang='lat' dir='ltr'><strong><em>est</em></strong></span> <span class='ocrx_word' id='word_1_72' title='bbox 1050 1311 1121 1375; x_wconf 86' lang='lat' dir='ltr'><strong><em>in</em></strong></span> <span class='ocrx_word' id='word_1_73' title='bbox 1170 1313 1415 1378; x_wconf 90' lang='lat' dir='ltr'><strong><em>odorem</em></strong></span> <span class='ocrx_word' id='word_1_74' title='bbox 1470 1314 1725 1394; x_wconf 85' lang='lat' dir='ltr'><strong><em>quietis.-</em></strong></span> <span class='ocrx_word' id='word_1_75' title='bbox 1780 1311 2000 1377; x_wconf 85' lang='lat' dir='ltr'><strong><em>oblatio</em></strong></span> <span class='ocrx_word' id='word_1_76' title='bbox 2055 1318 2144 1379; x_wconf 86' lang='lat' dir='ltr'><strong><em>est</em></strong></span> <span class='ocrx_word' id='word_1_77' title='bbox 2198 1314 2402 1395; x_wconf 79' lang='lat' dir='ltr'><strong><em>iquita</em></strong></span> 
     </span>
     <span class='ocr_line' id='line_1_12' title="bbox 455 1396 2398 1480; baseline 0.001 -19"><span class='ocrx_word' id='word_1_78' title='bbox 455 1396 720 1462; x_wconf 73' lang='lat' dir='ltr'><strong><em>Iehovae</em></strong></span> <span class='ocrx_word' id='word_1_79' title='bbox 742 1446 758 1477; x_wconf 92' lang='lat'><strong><em>,</em></strong></span> <span class='ocrx_word' id='word_1_80' title='bbox 1248 1418 1357 1462; x_wconf 89' lang='lat' dir='ltr'><strong><em>um</em></strong></span> <span class='ocrx_word' id='word_1_81' title='bbox 1431 1404 1831 1480; x_wconf 77' lang='lat' dir='ltr'><strong><em>praeceperat</em></strong></span> <span class='ocrx_word' id='word_1_82' title='bbox 1910 1398 2139 1464; x_wconf 75' lang='lat' dir='ltr'><strong><em>Iehova</em></strong></span> <span class='ocrx_word' id='word_1_83' title='bbox 2206 1399 2398 1464; x_wconf 87' lang='lat' dir='ltr'><strong><em>Mosi.</em></strong></span> 
     </span>
     <span class='ocr_line' id='line_1_13' title="bbox 452 1482 2402 1565; baseline 0.001 -17"><span class='ocrx_word' id='word_1_84' title='bbox 452 1482 557 1548; x_wconf 87' lang='grc'><strong><em>22.</em></strong></span> <span class='ocrx_word' id='word_1_85' title='bbox 604 1483 910 1548; x_wconf 78' lang='lat' dir='ltr'><strong><em>Accedere</em></strong></span> <span class='ocrx_word' id='word_1_86' title='bbox 947 1482 1092 1565; x_wconf 81' lang='lat' dir='ltr'><strong><em>fecit</em></strong></span> <span class='ocrx_word' id='word_1_87' title='bbox 1131 1488 1190 1549; x_wconf 88' lang='lat' dir='ltr'><strong><em>et</em></strong></span> <span class='ocrx_word' id='word_1_88' title='bbox 1222 1485 1479 1549; x_wconf 88' lang='lat' dir='ltr'><strong><em>arietem</em></strong></span> <span class='ocrx_word' id='word_1_89' title='bbox 1512 1483 1866 1558; x_wconf 75' lang='lat' dir='ltr'><strong><em>secuudum,</em></strong></span> <span class='ocrx_word' id='word_1_90' title='bbox 1908 1486 2163 1550; x_wconf 90' lang='lat' dir='ltr'><strong><em>arietem</em></strong></span> <span class='ocrx_word' id='word_1_91' title='bbox 2202 1504 2402 1550; x_wconf 89' lang='lat' dir='ltr'><strong><em>conse-</em></strong></span> 
     </span>
     <span class='ocr_line' id='line_1_14' title="bbox 452 1569 2400 1651; baseline 0.001 -17"><span class='ocrx_word' id='word_1_92' title='bbox 452 1571 809 1634; x_wconf 87' lang='lat' dir='ltr'><strong><em>crationum</em></strong></span> <span class='ocrx_word' id='word_1_93' title='bbox 822 1591 841 1633; x_wconf 93' lang='lat'><em>:</em></span> <span class='ocrx_word' id='word_1_94' title='bbox 886 1575 1355 1651; x_wconf 74' lang='lat' dir='ltr'><strong><em>posueruntque</em></strong></span> <span class='ocrx_word' id='word_1_95' title='bbox 1397 1570 1662 1635; x_wconf 79' lang='lat' dir='ltr'><strong><em>Aharon</em></strong></span> <span class='ocrx_word' id='word_1_96' title='bbox 1704 1576 1759 1636; x_wconf 87' lang='lat' dir='ltr'><strong><em>et</em></strong></span> <span class='ocrx_word' id='word_1_97' title='bbox 1810 1569 1939 1651; x_wconf 74' lang='lat' dir='ltr'><strong><em>filii</em></strong></span> <span class='ocrx_word' id='word_1_98' title='bbox 1994 1573 2131 1636; x_wconf 87' lang='lat' dir='ltr'><strong><em>eius</em></strong></span> <span class='ocrx_word' id='word_1_99' title='bbox 2172 1590 2400 1635; x_wconf 87' lang='lat' dir='ltr'><strong><em>manus</em></strong></span> 
     </span>
     <span class='ocr_line' id='line_1_15' title="bbox 452 1654 2404 1739; baseline 0.001 -19"><span class='ocrx_word' id='word_1_100' title='bbox 452 1674 651 1736; x_wconf 88' lang='lat' dir='ltr'><strong><em>super</em></strong></span> <span class='ocrx_word' id='word_1_101' title='bbox 693 1659 879 1737; x_wconf 82' lang='lat' dir='ltr'><strong><em>caput</em></strong></span> <span class='ocrx_word' id='word_1_102' title='bbox 922 1654 1159 1721; x_wconf 89' lang='lat' dir='ltr'><strong><em>arietis.</em></strong></span> <span class='ocrx_word' id='word_1_103' title='bbox 1248 1656 1349 1721; x_wconf 82' lang='lat'><strong><em>23.</em></strong></span> <span class='ocrx_word' id='word_1_104' title='bbox 1398 1654 1486 1720; x_wconf 85' lang='lat' dir='ltr'><strong><em>Et</em></strong></span> <span class='ocrx_word' id='word_1_105' title='bbox 1526 1657 1848 1733; x_wconf 81' lang='lat' dir='ltr'><strong><em>mactavit,</em></strong></span> <span class='ocrx_word' id='word_1_106' title='bbox 1888 1657 2148 1739; x_wconf 88' lang='lat' dir='ltr'><strong><em>tulitque</em></strong></span> <span class='ocrx_word' id='word_1_107' title='bbox 2193 1654 2404 1722; x_wconf 83' lang='lat' dir='ltr'><strong><em>Moses</em></strong></span> 
     </span>
     <span class='ocr_line' id='line_1_16' title="bbox 451 1741 2403 1824; baseline 0 -18"><span class='ocrx_word' id='word_1_108' title='bbox 451 1742 531 1806; x_wconf 88' lang='lat' dir='ltr'><strong><em>de</em></strong></span> <span class='ocrx_word' id='word_1_109' title='bbox 570 1742 881 1824; x_wconf 72' lang='lat' dir='ltr'><strong><em>sanquine</em></strong></span> <span class='ocrx_word' id='word_1_110' title='bbox 922 1741 1076 1820; x_wconf 89' lang='lat' dir='ltr'><strong><em>eius,</em></strong></span> <span class='ocrx_word' id='word_1_111' title='bbox 1116 1747 1175 1806; x_wconf 88' lang='lat' dir='ltr'><strong><em>et</em></strong></span> <span class='ocrx_word' id='word_1_112' title='bbox 1205 1743 1427 1824; x_wconf 90' lang='lat' dir='ltr'><strong><em>posuit</em></strong></span> <span class='ocrx_word' id='word_1_113' title='bbox 1467 1762 1655 1823; x_wconf 89' lang='lat' dir='ltr'><strong><em>super</em></strong></span> <span class='ocrx_word' id='word_1_114' title='bbox 1697 1747 1978 1807; x_wconf 90' lang='lat' dir='ltr'><strong><em>tenerum</em></strong></span> <span class='ocrx_word' id='word_1_115' title='bbox 2019 1744 2203 1807; x_wconf 88' lang='lat' dir='ltr'><strong><em>auris</em></strong></span> <span class='ocrx_word' id='word_1_116' title='bbox 2226 1742 2403 1806; x_wconf 79' lang='lat' dir='ltr'><strong><em>Aha-</em></strong></span> 
     </span>
     <span class='ocr_line' id='line_1_17' title="bbox 450 1827 2400 1910; baseline 0.001 -18"><span class='ocrx_word' id='word_1_117' title='bbox 450 1846 572 1892; x_wconf 88' lang='lat' dir='ltr'><strong><em>ron</em></strong></span> <span class='ocrx_word' id='word_1_118' title='bbox 614 1828 890 1903; x_wconf 53' lang='lat' dir='ltr'><strong><em>decenae,</em></strong></span> <span class='ocrx_word' id='word_1_119' title='bbox 934 1831 990 1891; x_wconf 91' lang='lat' dir='ltr'><strong><em>et</em></strong></span> <span class='ocrx_word' id='word_1_120' title='bbox 1029 1846 1220 1910; x_wconf 86' lang='lat' dir='ltr'><strong><em>super</em></strong></span> <span class='ocrx_word' id='word_1_121' title='bbox 1253 1827 1546 1909; x_wconf 86' lang='lat' dir='ltr'><strong><em>pollicem</em></strong></span> <span class='ocrx_word' id='word_1_122' title='bbox 1588 1846 1817 1892; x_wconf 86' lang='lat' dir='ltr'><strong><em>manus</em></strong></span> <span class='ocrx_word' id='word_1_123' title='bbox 1857 1829 1995 1892; x_wconf 90' lang='lat' dir='ltr'><strong><em>eius</em></strong></span> <span class='ocrx_word' id='word_1_124' title='bbox 2025 1829 2296 1907; x_wconf 73' lang='lat' dir='ltr'><strong><em>dectrae,</em></strong></span> <span class='ocrx_word' id='word_1_125' title='bbox 2340 1833 2400 1894; x_wconf 88' lang='lat' dir='ltr'><strong><em>et</em></strong></span> 
     </span>
     <span class='ocr_line' id='line_1_18' title="bbox 450 1912 2404 1995; baseline 0.001 -19"><span class='ocrx_word' id='word_1_126' title='bbox 450 1931 645 1993; x_wconf 86' lang='lat' dir='ltr'><strong><em>super</em></strong></span> <span class='ocrx_word' id='word_1_127' title='bbox 699 1912 989 1995; x_wconf 75' lang='lat' dir='ltr'><strong><em>pollicem</em></strong></span> <span class='ocrx_word' id='word_1_128' title='bbox 1039 1914 1231 1994; x_wconf 86' lang='lat' dir='ltr'><strong><em>pedis</em></strong></span> <span class='ocrx_word' id='word_1_129' title='bbox 1294 1913 1431 1978; x_wconf 88' lang='lat' dir='ltr'><strong><em>eius</em></strong></span> <span class='ocrx_word' id='word_1_130' title='bbox 1492 1914 1717 1978; x_wconf 75' lang='lat' dir='ltr'><strong><em>dextri.</em></strong></span> <span class='ocrx_word' id='word_1_131' title='bbox 1827 1913 1928 1978; x_wconf 90' lang='grc'><strong><em>24.</em></strong></span> <span class='ocrx_word' id='word_1_132' title='bbox 1998 1915 2292 1979; x_wconf 72' lang='lat' dir='ltr'><strong><em>Adduxit</em></strong></span> <span class='ocrx_word' id='word_1_133' title='bbox 2346 1918 2404 1978; x_wconf 88' lang='lat' dir='ltr'><strong><em>et</em></strong></span> 
     </span>
     <span class='ocr_line' id='line_1_19' title="bbox 448 1997 2395 2082; baseline 0.001 -19"><span class='ocrx_word' id='word_1_134' title='bbox 448 1998 621 2079; x_wconf 70' lang='lat' dir='ltr'><strong><em>filios</em></strong></span> <span class='ocrx_word' id='word_1_135' title='bbox 676 1997 972 2076; x_wconf 76' lang='lat' dir='ltr'><strong><em>Aharon,</em></strong></span> <span class='ocrx_word' id='word_1_136' title='bbox 1029 2000 1365 2080; x_wconf 77' lang='lat' dir='ltr'><strong><em>posuitque</em></strong></span> <span class='ocrx_word' id='word_1_137' title='bbox 1421 1998 1632 2064; x_wconf 87' lang='lat' dir='ltr'><strong><em>Moses</em></strong></span> <span class='ocrx_word' id='word_1_138' title='bbox 1694 1999 1770 2064; x_wconf 89' lang='lat' dir='ltr'><strong><em>de</em></strong></span> <span class='ocrx_word' id='word_1_139' title='bbox 1825 2001 2133 2082; x_wconf 79' lang='lat' dir='ltr'><strong><em>sanquine</em></strong></span> <span class='ocrx_word' id='word_1_140' title='bbox 2196 2019 2395 2082; x_wconf 89' lang='lat' dir='ltr'><strong><em>super</em></strong></span> 
     </span>
     <span class='ocr_line' id='line_1_20' title="bbox 450 2084 2402 2168; baseline 0.001 -19"><span class='ocrx_word' id='word_1_141' title='bbox 450 2089 731 2149; x_wconf 86' lang='lat' dir='ltr'><strong><em>tenerum</em></strong></span> <span class='ocrx_word' id='word_1_142' title='bbox 764 2084 950 2149; x_wconf 88' lang='lat' dir='ltr'><strong><em>auris</em></strong></span> <span class='ocrx_word' id='word_1_143' title='bbox 983 2103 1201 2149; x_wconf 89' lang='lat' dir='ltr'><strong><em>eorum</em></strong></span> <span class='ocrx_word' id='word_1_144' title='bbox 1233 2084 1504 2164; x_wconf 68' lang='lat' dir='ltr'><strong><em>dextrae,</em></strong></span> <span class='ocrx_word' id='word_1_145' title='bbox 1541 2090 1601 2149; x_wconf 90' lang='lat' dir='ltr'><strong><em>et</em></strong></span> <span class='ocrx_word' id='word_1_146' title='bbox 1630 2104 1822 2168; x_wconf 78' lang='lat' dir='ltr'><strong><em>super</em></strong></span> <span class='ocrx_word' id='word_1_147' title='bbox 1843 2085 2138 2166; x_wconf 79' lang='lat' dir='ltr'><strong><em>pollicem</em></strong></span> <span class='ocrx_word' id='word_1_148' title='bbox 2173 2106 2402 2150; x_wconf 88' lang='lat' dir='ltr'><strong><em>manus</em></strong></span> 
     </span>
     <span class='ocr_line' id='line_1_21' title="bbox 450 2168 2401 2252; baseline 0.001 -18"><span class='ocrx_word' id='word_1_149' title='bbox 450 2189 666 2234; x_wconf 88' lang='lat' dir='ltr'><strong><em>eorum</em></strong></span> <span class='ocrx_word' id='word_1_150' title='bbox 707 2168 994 2249; x_wconf 77' lang='lat' dir='ltr'><strong><em>dextrae,</em></strong></span> <span class='ocrx_word' id='word_1_151' title='bbox 1038 2175 1094 2235; x_wconf 90' lang='lat' dir='ltr'><strong><em>et</em></strong></span> <span class='ocrx_word' id='word_1_152' title='bbox 1135 2189 1326 2251; x_wconf 83' lang='lat' dir='ltr'><strong><em>super</em></strong></span> <span class='ocrx_word' id='word_1_153' title='bbox 1357 2170 1649 2252; x_wconf 87' lang='lat' dir='ltr'><strong><em>pollicem</em></strong></span> <span class='ocrx_word' id='word_1_154' title='bbox 1680 2170 1870 2252; x_wconf 87' lang='lat' dir='ltr'><strong><em>pedis</em></strong></span> <span class='ocrx_word' id='word_1_155' title='bbox 1908 2191 2119 2236; x_wconf 89' lang='lat' dir='ltr'><strong><em>eorum</em></strong></span> <span class='ocrx_word' id='word_1_156' title='bbox 2165 2172 2401 2237; x_wconf 71' lang='lat' dir='ltr'><strong><em>dextri:</em></strong></span> 
     </span>
     <span class='ocr_line' id='line_1_22' title="bbox 450 2254 2398 2339; baseline 0.002 -20"><span class='ocrx_word' id='word_1_157' title='bbox 450 2255 811 2336; x_wconf 77' lang='lat' dir='ltr'><strong><em>sparsitque</em></strong></span> <span class='ocrx_word' id='word_1_158' title='bbox 854 2254 1066 2321; x_wconf 82' lang='lat' dir='ltr'><strong><em>Moses</em></strong></span> <span class='ocrx_word' id='word_1_159' title='bbox 1120 2257 1491 2339; x_wconf 79' lang='lat' dir='ltr'><strong><em>sanquinem</em></strong></span> <span class='ocrx_word' id='word_1_160' title='bbox 1543 2276 1733 2339; x_wconf 79' lang='lat' dir='ltr'><strong><em>super</em></strong></span> <span class='ocrx_word' id='word_1_161' title='bbox 1775 2258 1978 2323; x_wconf 89' lang='lat' dir='ltr'><strong><em>altare</em></strong></span> <span class='ocrx_word' id='word_1_162' title='bbox 2012 2278 2131 2339; x_wconf 88' lang='lat' dir='ltr'><strong><em>per</em></strong></span> <span class='ocrx_word' id='word_1_163' title='bbox 2173 2258 2398 2322; x_wconf 87' lang='lat' dir='ltr'><strong><em>circui-</em></strong></span> 
     </span>
     <span class='ocr_line' id='line_1_23' title="bbox 449 2341 2402 2424; baseline 0.001 -19"><span class='ocrx_word' id='word_1_164' title='bbox 449 2345 601 2405; x_wconf 83' lang='lat' dir='ltr'><strong><em>tum.</em></strong></span> <span class='ocrx_word' id='word_1_165' title='bbox 692 2341 795 2406; x_wconf 83' lang='grc'><strong><em>25.</em></strong></span> <span class='ocrx_word' id='word_1_166' title='bbox 847 2341 1020 2405; x_wconf 84' lang='lat' dir='ltr'><strong><em>Tulit</em></strong></span> <span class='ocrx_word' id='word_1_167' title='bbox 1059 2342 1281 2407; x_wconf 85' lang='lat' dir='ltr'><strong><em>deinde</em></strong></span> <span class='ocrx_word' id='word_1_168' title='bbox 1321 2343 1601 2423; x_wconf 83' lang='lat' dir='ltr'><strong><em>adipem,</em></strong></span> <span class='ocrx_word' id='word_1_169' title='bbox 1645 2347 1700 2406; x_wconf 87' lang='lat' dir='ltr'><strong><em>et</em></strong></span> <span class='ocrx_word' id='word_1_170' title='bbox 1739 2344 2042 2408; x_wconf 84' lang='lat' dir='ltr'><strong><em>caudam:</em></strong></span> <span class='ocrx_word' id='word_1_171' title='bbox 2098 2348 2402 2424; x_wconf 89' lang='lat' dir='ltr'><strong><em>totumque</em></strong></span> 
     </span>
     <span class='ocr_line' id='line_1_24' title="bbox 449 2427 2397 2509; baseline 0.002 -18"><span class='ocrx_word' id='word_1_172' title='bbox 449 2427 706 2507; x_wconf 87' lang='lat' dir='ltr'><strong><em>adipem</em></strong></span> <span class='ocrx_word' id='word_1_173' title='bbox 762 2427 875 2509; x_wconf 91' lang='lat' dir='ltr'><strong><em>qui</em></strong></span> <span class='ocrx_word' id='word_1_174' title='bbox 931 2432 1065 2492; x_wconf 85' lang='lat' dir='ltr'><strong><em>erat</em></strong></span> <span class='ocrx_word' id='word_1_175' title='bbox 1119 2448 1310 2509; x_wconf 87' lang='lat' dir='ltr'><strong><em>super</em></strong></span> <span class='ocrx_word' id='word_1_176' title='bbox 1368 2429 1666 2492; x_wconf 85' lang='lat' dir='ltr'><strong><em>intestina</em></strong></span> <span class='ocrx_word' id='word_1_177' title='bbox 1683 2480 1697 2504; x_wconf 88' lang='lat'>‚</span> <span class='ocrx_word' id='word_1_178' title='bbox 1762 2433 1817 2494; x_wconf 90' lang='lat' dir='ltr'><strong><em>et</em></strong></span> <span class='ocrx_word' id='word_1_179' title='bbox 1875 2428 2103 2508; x_wconf 70' lang='lat' dir='ltr'><strong><em>fibram</em></strong></span> <span class='ocrx_word' id='word_1_180' title='bbox 2154 2431 2397 2505; x_wconf 89' lang='lat' dir='ltr'><strong><em>iecoris,</em></strong></span> 
     </span>
     <span class='ocr_line' id='line_1_25' title="bbox 451 2514 2397 2594; baseline 0.002 -17"><span class='ocrx_word' id='word_1_181' title='bbox 451 2514 728 2594; x_wconf 88' lang='lat' dir='ltr'><strong><em>duosque</em></strong></span> <span class='ocrx_word' id='word_1_182' title='bbox 769 2533 974 2591; x_wconf 89' lang='lat' dir='ltr'><strong><em>renes,</em></strong></span> <span class='ocrx_word' id='word_1_183' title='bbox 1019 2519 1074 2578; x_wconf 90' lang='lat' dir='ltr'><strong><em>et</em></strong></span> <span class='ocrx_word' id='word_1_184' title='bbox 1114 2514 1365 2594; x_wconf 82' lang='lat' dir='ltr'><strong><em>adipem</em></strong></span> <span class='ocrx_word' id='word_1_185' title='bbox 1407 2534 1618 2578; x_wconf 88' lang='lat' dir='ltr'><strong><em>eorum</em></strong></span> <span class='ocrx_word' id='word_1_186' title='bbox 1634 2563 1649 2592; x_wconf 94' lang='lat'><strong><em>,</em></strong></span> <span class='ocrx_word' id='word_1_187' title='bbox 1706 2519 1762 2579; x_wconf 89' lang='lat' dir='ltr'><strong><em>et</em></strong></span> <span class='ocrx_word' id='word_1_188' title='bbox 1802 2534 2052 2579; x_wconf 86' lang='lat' dir='ltr'><strong><em>armum</em></strong></span> <span class='ocrx_word' id='word_1_189' title='bbox 2092 2515 2397 2580; x_wconf 63' lang='lat' dir='ltr'><strong><em>dextrum.</em></strong></span> 
     </span>
     <span class='ocr_line' id='line_1_26' title="bbox 452 2597 2401 2682; baseline 0.002 -20"><span class='ocrx_word' id='word_1_190' title='bbox 452 2599 559 2663; x_wconf 90' lang='grc'><strong><em>26.</em></strong></span> <span class='ocrx_word' id='word_1_191' title='bbox 629 2597 729 2663; x_wconf 90' lang='lat' dir='ltr'><strong><em>De</em></strong></span> <span class='ocrx_word' id='word_1_192' title='bbox 774 2599 1045 2665; x_wconf 82' lang='lat' dir='ltr'><strong><em>canistro</em></strong></span> <span class='ocrx_word' id='word_1_193' title='bbox 1100 2619 1335 2681; x_wconf 89' lang='lat' dir='ltr'><strong><em>quoque</em></strong></span> <span class='ocrx_word' id='word_1_194' title='bbox 1398 2599 1977 2681; x_wconf 74' lang='lat' dir='ltr'><strong><em>insementatorum</em></strong></span> <span class='ocrx_word' id='word_1_195' title='bbox 2023 2621 2181 2682; x_wconf 90' lang='lat' dir='ltr'><strong><em>quae</em></strong></span> <span class='ocrx_word' id='word_1_196' title='bbox 2222 2605 2401 2666; x_wconf 85' lang='lat' dir='ltr'><strong><em>erant</em></strong></span> 
     </span>
     <span class='ocr_line' id='line_1_27' title="bbox 452 2683 2401 2767; baseline 0.001 -17"><span class='ocrx_word' id='word_1_197' title='bbox 452 2704 670 2750; x_wconf 87' lang='lat' dir='ltr'><strong><em>coram</em></strong></span> <span class='ocrx_word' id='word_1_198' title='bbox 714 2683 972 2760; x_wconf 76' lang='lat' dir='ltr'><strong><em>Iehova,</em></strong></span> <span class='ocrx_word' id='word_1_199' title='bbox 1033 2685 1175 2749; x_wconf 89' lang='lat' dir='ltr'><strong><em>tulit</em></strong></span> <span class='ocrx_word' id='word_1_200' title='bbox 1227 2690 1452 2750; x_wconf 89' lang='lat' dir='ltr'><strong><em>tortam</em></strong></span> <span class='ocrx_word' id='word_1_201' title='bbox 1508 2687 2013 2767; x_wconf 75' lang='lat' dir='ltr'><strong><em>infermentatum</em></strong></span> <span class='ocrx_word' id='word_1_202' title='bbox 2066 2707 2262 2752; x_wconf 88' lang='lat' dir='ltr'><strong><em>unam</em></strong></span> <span class='ocrx_word' id='word_1_203' title='bbox 2279 2736 2294 2765; x_wconf 92' lang='lat'><strong><em>,</em></strong></span> <span class='ocrx_word' id='word_1_204' title='bbox 2345 2691 2401 2751; x_wconf 89' lang='lat' dir='ltr'><strong><em>et</em></strong></span> 
     </span>
     <span class='ocr_line' id='line_1_28' title="bbox 450 2771 2400 2856; baseline 0.001 -21"><span class='ocrx_word' id='word_1_205' title='bbox 450 2775 679 2835; x_wconf 87' lang='lat' dir='ltr'><strong><em>tortam</em></strong></span> <span class='ocrx_word' id='word_1_206' title='bbox 705 2771 902 2851; x_wconf 87' lang='lat' dir='ltr'><strong><em>panis</em></strong></span> <span class='ocrx_word' id='word_1_207' title='bbox 936 2772 1119 2836; x_wconf 86' lang='lat' dir='ltr'><strong><em>oleati</em></strong></span> <span class='ocrx_word' id='word_1_208' title='bbox 1151 2790 1364 2847; x_wconf 85' lang='lat' dir='ltr'><strong><em>unam,</em></strong></span> <span class='ocrx_word' id='word_1_209' title='bbox 1400 2777 1456 2835; x_wconf 89' lang='lat' dir='ltr'><strong><em>et</em></strong></span> <span class='ocrx_word' id='word_1_210' title='bbox 1487 2771 1788 2855; x_wconf 78' lang='lat' dir='ltr'><strong><em>la9anum</em></strong></span> <span class='ocrx_word' id='word_1_211' title='bbox 1818 2791 2034 2853; x_wconf 84' lang='lat' dir='ltr'><strong><em>unum,</em></strong></span> <span class='ocrx_word' id='word_1_212' title='bbox 2069 2774 2400 2856; x_wconf 80' lang='lat' dir='ltr'><strong><em>posuitque</em></strong></span> 
     </span>
     <span class='ocr_line' id='line_1_29' title="bbox 477 2856 2400 2940; baseline 0.001 -18"><span class='ocrx_word' id='word_1_213' title='bbox 477 2876 622 2922; x_wconf 87' lang='lat' dir='ltr'><strong><em>cum</em></strong></span> <span class='ocrx_word' id='word_1_214' title='bbox 633 2856 822 2940; x_wconf 90' lang='lat' dir='ltr'><strong><em>adipe</em></strong></span> <span class='ocrx_word' id='word_1_215' title='bbox 864 2861 921 2920; x_wconf 87' lang='lat' dir='ltr'><strong><em>et</em></strong></span> <span class='ocrx_word' id='word_1_216' title='bbox 964 2876 1103 2922; x_wconf 87' lang='lat' dir='ltr'><strong><em>cum</em></strong></span> <span class='ocrx_word' id='word_1_217' title='bbox 1147 2876 1324 2923; x_wconf 91' lang='lat' dir='ltr'><strong><em>armo</em></strong></span> <span class='ocrx_word' id='word_1_218' title='bbox 1367 2858 1599 2923; x_wconf 77' lang='lat' dir='ltr'><strong><em>dextro.</em></strong></span> <span class='ocrx_word' id='word_1_219' title='bbox 1668 2858 1772 2922; x_wconf 80' lang='lat'><strong><em>27.</em></strong></span> <span class='ocrx_word' id='word_1_220' title='bbox 1819 2858 1909 2922; x_wconf 86' lang='lat' dir='ltr'><strong><em>Et</em></strong></span> <span class='ocrx_word' id='word_1_221' title='bbox 1939 2860 2157 2940; x_wconf 85' lang='lat' dir='ltr'><strong><em>posuit</em></strong></span> <span class='ocrx_word' id='word_1_222' title='bbox 2189 2860 2400 2923; x_wconf 84' lang='lat' dir='ltr'><strong><em>omnia</em></strong></span> 
     </span>
     <span class='ocr_line' id='line_1_30' title="bbox 453 2940 2397 3025; baseline 0.001 -18"><span class='ocrx_word' id='word_1_223' title='bbox 453 2940 606 3007; x_wconf 76' lang='lat' dir='ltr'><strong><em>haec</em></strong></span> <span class='ocrx_word' id='word_1_224' title='bbox 647 2943 718 3005; x_wconf 89' lang='lat' dir='ltr'><strong><em>in</em></strong></span> <span class='ocrx_word' id='word_1_225' title='bbox 751 2942 1045 3008; x_wconf 82' lang='lat' dir='ltr'><strong><em>manibus</em></strong></span> <span class='ocrx_word' id='word_1_226' title='bbox 1065 2942 1349 3019; x_wconf 78' lang='lat' dir='ltr'><strong><em>Aharon,</em></strong></span> <span class='ocrx_word' id='word_1_227' title='bbox 1394 2948 1451 3008; x_wconf 89' lang='lat' dir='ltr'><strong><em>et</em></strong></span> <span class='ocrx_word' id='word_1_228' title='bbox 1490 2944 1561 3008; x_wconf 87' lang='lat' dir='ltr'><strong><em>in</em></strong></span> <span class='ocrx_word' id='word_1_229' title='bbox 1602 2943 1893 3008; x_wconf 80' lang='lat' dir='ltr'><strong><em>manibus</em></strong></span> <span class='ocrx_word' id='word_1_230' title='bbox 1930 2944 2207 3025; x_wconf 71' lang='lat' dir='ltr'><strong><em>filiorum</em></strong></span> <span class='ocrx_word' id='word_1_231' title='bbox 2245 2946 2397 3024; x_wconf 86' lang='lat' dir='ltr'><strong><em>eius,</em></strong></span> 
     </span>
     <span class='ocr_line' id='line_1_31' title="bbox 453 3029 2400 3113; baseline 0.001 -21"><span class='ocrx_word' id='word_1_232' title='bbox 453 3032 512 3093; x_wconf 86' lang='lat' dir='ltr'><strong><em>et</em></strong></span> <span class='ocrx_word' id='word_1_233' title='bbox 550 3048 627 3093; x_wconf 87' lang='lat' dir='ltr'><strong><em>ea</em></strong></span> <span class='ocrx_word' id='word_1_234' title='bbox 669 3029 912 3111; x_wconf 82' lang='lat' dir='ltr'><strong><em>aqitare</em></strong></span> <span class='ocrx_word' id='word_1_235' title='bbox 949 3029 1097 3111; x_wconf 74' lang='lat' dir='ltr'><strong><em>fecit</em></strong></span> <span class='ocrx_word' id='word_1_236' title='bbox 1141 3029 1476 3113; x_wconf 81' lang='lat' dir='ltr'><strong><em>aqitatione</em></strong></span> <span class='ocrx_word' id='word_1_237' title='bbox 1516 3048 1727 3095; x_wconf 88' lang='lat' dir='ltr'><strong><em>coram</em></strong></span> <span class='ocrx_word' id='word_1_238' title='bbox 1764 3029 2012 3096; x_wconf 70' lang='lat' dir='ltr'><strong><em>lehova.</em></strong></span> <span class='ocrx_word' id='word_1_239' title='bbox 2078 3030 2180 3095; x_wconf 83' lang='lat'><strong><em>28.</em></strong></span> <span class='ocrx_word' id='word_1_240' title='bbox 2227 3029 2400 3095; x_wconf 88' lang='lat' dir='ltr'><strong><em>Dein</em></strong></span> 
     </span>
     <span class='ocr_line' id='line_1_32' title="bbox 453 3113 2400 3199; baseline 0.002 -20"><span class='ocrx_word' id='word_1_241' title='bbox 453 3114 685 3196; x_wconf 87' lang='lat' dir='ltr'><strong><em>accepit</em></strong></span> <span class='ocrx_word' id='word_1_242' title='bbox 1021 3113 1140 3179; x_wconf 87' lang='lat' dir='ltr'><strong><em>illa</em></strong></span> <span class='ocrx_word' id='word_1_243' title='bbox 1203 3135 1281 3180; x_wconf 80' lang='lat' dir='ltr'><strong><em>ecc</em></strong></span> <span class='ocrx_word' id='word_1_244' title='bbox 1345 3114 1638 3180; x_wconf 79' lang='lat' dir='ltr'><strong><em>manibus</em></strong></span> <span class='ocrx_word' id='word_1_245' title='bbox 1699 3135 1910 3181; x_wconf 85' lang='lat' dir='ltr'><strong><em>eorum</em></strong></span> <span class='ocrx_word' id='word_1_246' title='bbox 1928 3167 1942 3195; x_wconf 88' lang='lat'><strong><em>,</em></strong></span> <span class='ocrx_word' id='word_1_247' title='bbox 2016 3116 2400 3199; x_wconf 86' lang='lat' dir='ltr'><strong><em>adolevitque</em></strong></span> 
     </span>
     <span class='ocr_line' id='line_1_33' title="bbox 452 3200 2400 3283; baseline 0.001 -18"><span class='ocrx_word' id='word_1_248' title='bbox 452 3220 645 3283; x_wconf 81' lang='lat' dir='ltr'><strong><em>super</em></strong></span> <span class='ocrx_word' id='word_1_249' title='bbox 686 3201 886 3265; x_wconf 86' lang='lat' dir='ltr'><strong><em>altare</em></strong></span> <span class='ocrx_word' id='word_1_250' title='bbox 928 3202 995 3264; x_wconf 90' lang='lat' dir='ltr'><strong><em>in</em></strong></span> <span class='ocrx_word' id='word_1_251' title='bbox 1039 3200 1487 3277; x_wconf 78' lang='lat' dir='ltr'><strong><em>holocaustum,</em></strong></span> <span class='ocrx_word' id='word_1_252' title='bbox 1530 3202 2011 3267; x_wconf 80' lang='lat' dir='ltr'><strong><em>consecrationes</em></strong></span> <span class='ocrx_word' id='word_1_253' title='bbox 2053 3203 2218 3266; x_wconf 86' lang='lat' dir='ltr'><strong><em>enim</em></strong></span> <span class='ocrx_word' id='word_1_254' title='bbox 2253 3207 2400 3267; x_wconf 89' lang='lat' dir='ltr'><strong><em>sunt</em></strong></span> 
     </span>
     <span class='ocr_line' id='line_1_34' title="bbox 453 3285 2402 3369; baseline 0.001 -18"><span class='ocrx_word' id='word_1_255' title='bbox 453 3286 525 3351; x_wconf 85' lang='lat' dir='ltr'><strong><em>in</em></strong></span> <span class='ocrx_word' id='word_1_256' title='bbox 567 3286 811 3351; x_wconf 87' lang='lat' dir='ltr'><strong><em>odorem</em></strong></span> <span class='ocrx_word' id='word_1_257' title='bbox 854 3287 1098 3369; x_wconf 86' lang='lat' dir='ltr'><strong><em>quietis,</em></strong></span> <span class='ocrx_word' id='word_1_258' title='bbox 1141 3285 1368 3351; x_wconf 78' lang='lat' dir='ltr'><strong><em>oblatio</em></strong></span> <span class='ocrx_word' id='word_1_259' title='bbox 1411 3288 1611 3369; x_wconf 83' lang='lat' dir='ltr'><strong><em>iqnita</em></strong></span> <span class='ocrx_word' id='word_1_260' title='bbox 1654 3293 1744 3353; x_wconf 89' lang='lat' dir='ltr'><strong><em>est</em></strong></span> <span class='ocrx_word' id='word_1_261' title='bbox 1776 3287 2053 3354; x_wconf 77' lang='lat' dir='ltr'><strong><em>lehovae.</em></strong></span> <span class='ocrx_word' id='word_1_262' title='bbox 2121 3288 2223 3353; x_wconf 86' lang='grc'><strong><em>29.</em></strong></span> <span class='ocrx_word' id='word_1_263' title='bbox 2277 3288 2402 3353; x_wconf 81' lang='lat' dir='ltr'><strong><em>Tu-</em></strong></span> 
     </span>
     <span class='ocr_line' id='line_1_35' title="bbox 454 3371 2398 3458; baseline 0.002 -22"><span class='ocrx_word' id='word_1_264' title='bbox 454 3372 646 3455; x_wconf 90' lang='lat' dir='ltr'><strong><em>litque</em></strong></span> <span class='ocrx_word' id='word_1_265' title='bbox 688 3371 901 3438; x_wconf 87' lang='lat' dir='ltr'><strong><em>Moses</em></strong></span> <span class='ocrx_word' id='word_1_266' title='bbox 934 3378 1152 3454; x_wconf 83' lang='lat' dir='ltr'><strong><em>pectus</em></strong></span> <span class='ocrx_word' id='word_1_267' title='bbox 1193 3377 1249 3437; x_wconf 89' lang='lat' dir='ltr'><strong><em>et</em></strong></span> <span class='ocrx_word' id='word_1_268' title='bbox 1292 3372 1556 3456; x_wconf 82' lang='lat' dir='ltr'><strong><em>aqitavit</em></strong></span> <span class='ocrx_word' id='word_1_269' title='bbox 1614 3373 1777 3440; x_wconf 88' lang='lat' dir='ltr'><strong><em>illud</em></strong></span> <span class='ocrx_word' id='word_1_270' title='bbox 1819 3374 2152 3458; x_wconf 86' lang='lat' dir='ltr'><strong><em>aqitatione</em></strong></span> <span class='ocrx_word' id='word_1_271' title='bbox 2194 3394 2398 3440; x_wconf 89' lang='lat' dir='ltr'><strong><em>coram</em></strong></span> 
     </span>
     <span class='ocr_line' id='line_1_36' title="bbox 456 3457 2400 3542; baseline 0.002 -20"><span class='ocrx_word' id='word_1_272' title='bbox 456 3457 721 3522; x_wconf 68' lang='lat' dir='ltr'><strong><em>Ieloova:</em></strong></span> <span class='ocrx_word' id='word_1_273' title='bbox 762 3464 820 3523; x_wconf 88' lang='lat' dir='ltr'><strong><em>et</em></strong></span> <span class='ocrx_word' id='word_1_274' title='bbox 863 3478 939 3522; x_wconf 71' lang='lat' dir='ltr'><strong><em>esc</em></strong></span> <span class='ocrx_word' id='word_1_275' title='bbox 979 3459 1174 3523; x_wconf 88' lang='lat' dir='ltr'><strong><em>ariete</em></strong></span> <span class='ocrx_word' id='word_1_276' title='bbox 1215 3459 1743 3524; x_wconf 83' lang='lat' dir='ltr'><strong><em>consecrationum</em></strong></span> <span class='ocrx_word' id='word_1_277' title='bbox 1785 3460 1916 3540; x_wconf 89' lang='lat' dir='ltr'><strong><em>ipsi</em></strong></span> <span class='ocrx_word' id='word_1_278' title='bbox 1952 3458 2128 3525; x_wconf 87' lang='lat' dir='ltr'><strong><em>Mosi</em></strong></span> <span class='ocrx_word' id='word_1_279' title='bbox 2167 3460 2297 3542; x_wconf 79' lang='lat' dir='ltr'><strong><em>fuit</em></strong></span> <span class='ocrx_word' id='word_1_280' title='bbox 2329 3462 2400 3526; x_wconf 90' lang='lat' dir='ltr'><strong><em>in</em></strong></span> 
     </span>
     <span class='ocr_line' id='line_1_37' title="bbox 443 3544 2398 3627; baseline 0.002 -19"><span class='ocrx_word' id='word_1_281' title='bbox 443 3549 697 3625; x_wconf 86' lang='lat' dir='ltr'><strong><em>partem</em></strong></span> <span class='ocrx_word' id='word_1_282' title='bbox 714 3593 729 3622; x_wconf 92' lang='lat'>‚</span> <span class='ocrx_word' id='word_1_283' title='bbox 769 3545 1283 3625; x_wconf 87' lang='lat' dir='ltr'><strong><em>quemadmodum</em></strong></span> <span class='ocrx_word' id='word_1_284' title='bbox 1313 3550 1718 3625; x_wconf 84' lang='lat' dir='ltr'><strong><em>praeceperat</em></strong></span> <span class='ocrx_word' id='word_1_285' title='bbox 1760 3544 1991 3612; x_wconf 74' lang='lat' dir='ltr'><strong><em>Ich-ova</em></strong></span> <span class='ocrx_word' id='word_1_286' title='bbox 2035 3547 2166 3627; x_wconf 91' lang='lat' dir='ltr'><strong><em>ipsi</em></strong></span> <span class='ocrx_word' id='word_1_287' title='bbox 2208 3544 2398 3612; x_wconf 87' lang='lat' dir='ltr'><strong><em>Mosi.</em></strong></span> 
     </span>
     <span class='ocr_line' id='line_1_38' title="bbox 454 3629 2396 3711; baseline 0.001 -16"><span class='ocrx_word' id='word_1_288' title='bbox 454 3630 558 3695; x_wconf 87' lang='lat'><strong><em>30.</em></strong></span> <span class='ocrx_word' id='word_1_289' title='bbox 613 3629 791 3696; x_wconf 84' lang='lat' dir='ltr'><strong><em>Tulit</em></strong></span> <span class='ocrx_word' id='word_1_290' title='bbox 834 3632 1024 3696; x_wconf 82' lang='lat' dir='ltr'><strong><em>etiam</em></strong></span> <span class='ocrx_word' id='word_1_291' title='bbox 1070 3629 1281 3695; x_wconf 87' lang='lat' dir='ltr'><strong><em>Moses</em></strong></span> <span class='ocrx_word' id='word_1_292' title='bbox 1323 3650 1398 3695; x_wconf 73' lang='lat' dir='ltr'><strong><em>ex</em></strong></span> <span class='ocrx_word' id='word_1_293' title='bbox 1443 3629 1566 3695; x_wconf 89' lang='lat' dir='ltr'><strong><em>oleo</em></strong></span> <span class='ocrx_word' id='word_1_294' title='bbox 1609 3632 1919 3697; x_wconf 87' lang='lat' dir='ltr'><strong><em>unctionis</em></strong></span> <span class='ocrx_word' id='word_1_295' title='bbox 1936 3682 1951 3711; x_wconf 92' lang='lat'><strong><em>,</em></strong></span> <span class='ocrx_word' id='word_1_296' title='bbox 2008 3636 2065 3696; x_wconf 91' lang='lat' dir='ltr'><strong><em>et</em></strong></span> <span class='ocrx_word' id='word_1_297' title='bbox 2118 3633 2194 3698; x_wconf 88' lang='lat' dir='ltr'><strong><em>de</em></strong></span> <span class='ocrx_word' id='word_1_298' title='bbox 2246 3652 2396 3697; x_wconf 86' lang='lat' dir='ltr'><strong><em>san-</em></strong></span> 
     </span>
     <span class='ocr_line' id='line_1_39' title="bbox 448 3716 2396 3801; baseline 0.001 -20"><span class='ocrx_word' id='word_1_299' title='bbox 448 3719 640 3801; x_wconf 86' lang='lat' dir='ltr'><strong><em>quine</em></strong></span> <span class='ocrx_word' id='word_1_300' title='bbox 682 3716 796 3797; x_wconf 90' lang='lat' dir='ltr'><strong><em>qui</em></strong></span> <span class='ocrx_word' id='word_1_301' title='bbox 832 3722 966 3781; x_wconf 87' lang='lat' dir='ltr'><strong><em>erat</em></strong></span> <span class='ocrx_word' id='word_1_302' title='bbox 998 3736 1192 3797; x_wconf 89' lang='lat' dir='ltr'><strong><em>super</em></strong></span> <span class='ocrx_word' id='word_1_303' title='bbox 1227 3716 1446 3794; x_wconf 90' lang='lat' dir='ltr'><strong><em>altare,</em></strong></span> <span class='ocrx_word' id='word_1_304' title='bbox 1483 3718 1871 3799; x_wconf 66' lang='lat' dir='ltr'><strong><em>aspersitqw</em></strong></span> <span class='ocrx_word' id='word_1_305' title='bbox 1905 3738 2094 3800; x_wconf 88' lang='lat' dir='ltr'><strong><em>super</em></strong></span> <span class='ocrx_word' id='word_1_306' title='bbox 2115 3716 2396 3797; x_wconf 76' lang='lat' dir='ltr'><strong><em>Aharon,</em></strong></span> 
     </span>
     <span class='ocr_line' id='line_1_40' title="bbox 450 3801 2399 3884; baseline 0.002 -17"><span class='ocrx_word' id='word_1_307' title='bbox 450 3822 647 3883; x_wconf 87' lang='lat' dir='ltr'><strong><em>super</em></strong></span> <span class='ocrx_word' id='word_1_308' title='bbox 685 3807 882 3867; x_wconf 87' lang='lat' dir='ltr'><strong><em>vestes</em></strong></span> <span class='ocrx_word' id='word_1_309' title='bbox 926 3803 1090 3882; x_wconf 86' lang='lat' dir='ltr'><strong><em>eius,</em></strong></span> <span class='ocrx_word' id='word_1_310' title='bbox 1135 3807 1191 3867; x_wconf 88' lang='lat' dir='ltr'><strong><em>et</em></strong></span> <span class='ocrx_word' id='word_1_311' title='bbox 1231 3821 1422 3882; x_wconf 89' lang='lat' dir='ltr'><strong><em>super</em></strong></span> <span class='ocrx_word' id='word_1_312' title='bbox 1457 3801 1623 3882; x_wconf 71' lang='lat' dir='ltr'><strong><em>filios</em></strong></span> <span class='ocrx_word' id='word_1_313' title='bbox 1666 3804 1803 3867; x_wconf 87' lang='lat' dir='ltr'><strong><em>eius</em></strong></span> <span class='ocrx_word' id='word_1_314' title='bbox 1820 3851 1834 3879; x_wconf 89' lang='lat'><strong>‚</strong></span> <span class='ocrx_word' id='word_1_315' title='bbox 1879 3808 1936 3870; x_wconf 89' lang='lat' dir='ltr'><strong><em>et</em></strong></span> <span class='ocrx_word' id='word_1_316' title='bbox 1975 3823 2168 3884; x_wconf 84' lang='lat' dir='ltr'><strong><em>super</em></strong></span> <span class='ocrx_word' id='word_1_317' title='bbox 2207 3808 2399 3870; x_wconf 85' lang='lat' dir='ltr'><strong><em>vestes</em></strong></span> 
     </span>
     <span class='ocr_line' id='line_1_41' title="bbox 446 3888 2399 3970; baseline 0.001 -17"><span class='ocrx_word' id='word_1_318' title='bbox 446 3889 730 3970; x_wconf 69' lang='lat' dir='ltr'><strong><em>filiorum</em></strong></span> <span class='ocrx_word' id='word_1_319' title='bbox 795 3888 934 3954; x_wconf 86' lang='lat' dir='ltr'><strong><em>eius</em></strong></span> <span class='ocrx_word' id='word_1_320' title='bbox 997 3907 1138 3953; x_wconf 87' lang='lat' dir='ltr'><strong><em>cum</em></strong></span> <span class='ocrx_word' id='word_1_321' title='bbox 1200 3908 1296 3953; x_wconf 85' lang='lat' dir='ltr'><strong><em>eo:</em></strong></span> <span class='ocrx_word' id='word_1_322' title='bbox 1365 3890 1855 3970; x_wconf 76' lang='lat' dir='ltr'><strong><em>consecravitque</em></strong></span> <span class='ocrx_word' id='word_1_323' title='bbox 1918 3888 2280 3955; x_wconf 77' lang='lat' dir='ltr'><strong><em>Aharonem</em></strong></span> <span class='ocrx_word' id='word_1_324' title='bbox 2343 3895 2399 3955; x_wconf 89' lang='lat' dir='ltr'><strong><em>et</em></strong></span> 
     </span>
     <span class='ocr_line' id='line_1_42' title="bbox 450 3973 2399 4057; baseline -0.001 -17"><span class='ocrx_word' id='word_1_325' title='bbox 450 3978 645 4040; x_wconf 83' lang='lat' dir='ltr'><strong><em>vestes</em></strong></span> <span class='ocrx_word' id='word_1_326' title='bbox 687 3973 855 4048; x_wconf 84' lang='lat' dir='ltr'><strong><em>eius,</em></strong></span> <span class='ocrx_word' id='word_1_327' title='bbox 899 3978 955 4038; x_wconf 88' lang='lat' dir='ltr'><strong><em>et</em></strong></span> <span class='ocrx_word' id='word_1_328' title='bbox 991 3974 1165 4056; x_wconf 71' lang='lat' dir='ltr'><strong><em>fili-os</em></strong></span> <span class='ocrx_word' id='word_1_329' title='bbox 1207 3974 1374 4052; x_wconf 75' lang='lat' dir='ltr'><strong><em>eius,</em></strong></span> <span class='ocrx_word' id='word_1_330' title='bbox 1433 3978 1489 4039; x_wconf 87' lang='lat' dir='ltr'><strong><em>et</em></strong></span> <span class='ocrx_word' id='word_1_331' title='bbox 1530 3981 1722 4041; x_wconf 84' lang='lat' dir='ltr'><strong><em>vestes</em></strong></span> <span class='ocrx_word' id='word_1_332' title='bbox 1759 3976 2036 4057; x_wconf 76' lang='lat' dir='ltr'><strong><em>filiorum</em></strong></span> <span class='ocrx_word' id='word_1_333' title='bbox 2080 3976 2217 4041; x_wconf 88' lang='lat' dir='ltr'><strong><em>eius</em></strong></span> <span class='ocrx_word' id='word_1_334' title='bbox 2260 3995 2399 4040; x_wconf 91' lang='lat' dir='ltr'><strong><em>cum</em></strong></span> 
     </span>
     <span class='ocr_line' id='line_1_43' title="bbox 452 4057 2400 4141; baseline 0.001 -17"><span class='ocrx_word' id='word_1_335' title='bbox 452 4079 536 4124; x_wconf 91' lang='lat' dir='ltr'><strong><em>eo.</em></strong></span> <span class='ocrx_word' id='word_1_336' title='bbox 625 4059 732 4125; x_wconf 85' lang='lat'><strong><em>31.</em></strong></span> <span class='ocrx_word' id='word_1_337' title='bbox 774 4057 863 4124; x_wconf 82' lang='lat' dir='ltr'><strong><em>Et</em></strong></span> <span class='ocrx_word' id='word_1_338' title='bbox 903 4060 1071 4125; x_wconf 74' lang='lat' dir='ltr'><strong><em>dixit</em></strong></span> <span class='ocrx_word' id='word_1_339' title='bbox 1115 4058 1326 4125; x_wconf 84' lang='lat' dir='ltr'><strong><em>Moses</em></strong></span> <span class='ocrx_word' id='word_1_340' title='bbox 1367 4060 1454 4125; x_wconf 92' lang='lat' dir='ltr'><strong><em>ad</em></strong></span> <span class='ocrx_word' id='word_1_341' title='bbox 1489 4060 1752 4126; x_wconf 81' lang='lat' dir='ltr'><strong><em>Aharon</em></strong></span> <span class='ocrx_word' id='word_1_342' title='bbox 1792 4065 1849 4125; x_wconf 89' lang='lat' dir='ltr'><strong><em>et</em></strong></span> <span class='ocrx_word' id='word_1_343' title='bbox 1890 4062 1976 4127; x_wconf 90' lang='lat' dir='ltr'><strong><em>ad</em></strong></span> <span class='ocrx_word' id='word_1_344' title='bbox 2014 4060 2187 4141; x_wconf 78' lang='lat' dir='ltr'><strong><em>filios</em></strong></span> <span class='ocrx_word' id='word_1_345' title='bbox 2227 4062 2400 4126; x_wconf 89' lang='lat' dir='ltr'><strong><em>eius.-</em></strong></span> 
     </span>
     <span class='ocr_line' id='line_1_44' title="bbox 460 4145 2400 4227; baseline 0 -17"><span class='ocrx_word' id='word_1_346' title='bbox 460 4145 712 4227; x_wconf 85' lang='lat' dir='ltr'><strong><em>Goquite</em></strong></span> <span class='ocrx_word' id='word_1_347' title='bbox 754 4165 973 4211; x_wconf 90' lang='lat' dir='ltr'><strong><em>carnes</em></strong></span> <span class='ocrx_word' id='word_1_348' title='bbox 1016 4147 1100 4211; x_wconf 93' lang='lat' dir='ltr'><strong><em>ad</em></strong></span> <span class='ocrx_word' id='word_1_349' title='bbox 1143 4146 1369 4210; x_wconf 85' lang='lat' dir='ltr'><strong><em>ostium</em></strong></span> <span class='ocrx_word' id='word_1_350' title='bbox 1409 4145 1794 4212; x_wconf 80' lang='lat' dir='ltr'><strong><em>tabernaculi</em></strong></span> <span class='ocrx_word' id='word_1_351' title='bbox 1834 4146 2265 4224; x_wconf 83' lang='lat' dir='ltr'><strong><em>conventionis,</em></strong></span> <span class='ocrx_word' id='word_1_352' title='bbox 2309 4146 2400 4211; x_wconf 83' lang='lat' dir='ltr'><strong><em>ibi</em></strong></span> 
     </span>
     <span class='ocr_line' id='line_1_45' title="bbox 455 4232 2398 4314; baseline 0.001 -17"><span class='ocrx_word' id='word_1_353' title='bbox 455 4232 719 4312; x_wconf 83' lang='lat' dir='ltr'><strong><em>denique</em></strong></span> <span class='ocrx_word' id='word_1_354' title='bbox 772 4232 1067 4298; x_wconf 81' lang='lat' dir='ltr'><strong><em>comedite</em></strong></span> <span class='ocrx_word' id='word_1_355' title='bbox 1121 4251 1261 4297; x_wconf 88' lang='lat' dir='ltr'><strong><em>eam</em></strong></span> <span class='ocrx_word' id='word_1_356' title='bbox 1275 4281 1290 4311; x_wconf 90' lang='lat'><strong><em>,</em></strong></span> <span class='ocrx_word' id='word_1_357' title='bbox 1344 4237 1402 4297; x_wconf 87' lang='lat' dir='ltr'><strong><em>et</em></strong></span> <span class='ocrx_word' id='word_1_358' title='bbox 1446 4252 1680 4314; x_wconf 87' lang='lat' dir='ltr'><strong><em>panem</em></strong></span> <span class='ocrx_word' id='word_1_359' title='bbox 1717 4233 1829 4314; x_wconf 86' lang='lat' dir='ltr'><strong><em>qui</em></strong></span> <span class='ocrx_word' id='word_1_360' title='bbox 1884 4237 1975 4297; x_wconf 88' lang='lat' dir='ltr'><strong><em>est</em></strong></span> <span class='ocrx_word' id='word_1_361' title='bbox 2013 4235 2083 4298; x_wconf 89' lang='lat' dir='ltr'><strong><em>in</em></strong></span> <span class='ocrx_word' id='word_1_362' title='bbox 2126 4233 2398 4298; x_wconf 77' lang='lat' dir='ltr'><strong><em>canistro</em></strong></span> 
     </span>
     <span class='ocr_line' id='line_1_46' title="bbox 455 4318 2398 4399; baseline 0.001 -16"><span class='ocrx_word' id='word_1_363' title='bbox 455 4320 982 4384; x_wconf 83' lang='lat' dir='ltr'><strong><em>consecrationum</em></strong></span> <span class='ocrx_word' id='word_1_364' title='bbox 1005 4368 1020 4395; x_wconf 89' lang='lat'><strong><em>,</em></strong></span> <span class='ocrx_word' id='word_1_365' title='bbox 1108 4318 1623 4399; x_wconf 84' lang='lat' dir='ltr'><strong><em>quemadmodum</em></strong></span> <span class='ocrx_word' id='word_1_366' title='bbox 1703 4320 2024 4399; x_wconf 85' lang='lat' dir='ltr'><strong><em>praecepi,</em></strong></span> <span class='ocrx_word' id='word_1_367' title='bbox 2109 4319 2398 4384; x_wconf 88' lang='lat' dir='ltr'><strong><em>dicendo:</em></strong></span> 
     </span>
     <span class='ocr_line' id='line_1_47' title="bbox 456 4402 2396 4487; baseline 0 -19"><span class='ocrx_word' id='word_1_368' title='bbox 456 4402 719 4468; x_wconf 80' lang='lat' dir='ltr'><strong><em>Aharon</em></strong></span> <span class='ocrx_word' id='word_1_369' title='bbox 770 4408 828 4469; x_wconf 78' lang='lat' dir='ltr'><strong><em>ct</em></strong></span> <span class='ocrx_word' id='word_1_370' title='bbox 876 4404 1006 4481; x_wconf 77' lang='lat' dir='ltr'><strong><em>filii</em></strong></span> <span class='ocrx_word' id='word_1_371' title='bbox 1057 4406 1196 4469; x_wconf 87' lang='lat' dir='ltr'><strong><em>eius</em></strong></span> <span class='ocrx_word' id='word_1_372' title='bbox 1248 4403 1552 4469; x_wconf 84' lang='lat' dir='ltr'><strong><em>comedent</em></strong></span> <span class='ocrx_word' id='word_1_373' title='bbox 1603 4425 1758 4469; x_wconf 89' lang='lat' dir='ltr'><strong><em>eam.</em></strong></span> <span class='ocrx_word' id='word_1_374' title='bbox 1860 4405 1964 4469; x_wconf 82' lang='lat'><strong><em>32.</em></strong></span> <span class='ocrx_word' id='word_1_375' title='bbox 2027 4405 2202 4487; x_wconf 78' lang='lat' dir='ltr'><strong><em>Quod</em></strong></span> <span class='ocrx_word' id='word_1_376' title='bbox 2252 4423 2396 4470; x_wconf 86' lang='lat' dir='ltr'><strong><em>vero</em></strong></span> 
     </span>
     <span class='ocr_line' id='line_1_48' title="bbox 454 4487 2398 4574; baseline 0.001 -20"><span class='ocrx_word' id='word_1_377' title='bbox 454 4489 840 4570; x_wconf 81' lang='lat' dir='ltr'><strong><em>superfuerit</em></strong></span> <span class='ocrx_word' id='word_1_378' title='bbox 881 4491 958 4555; x_wconf 91' lang='lat' dir='ltr'><strong><em>de</em></strong></span> <span class='ocrx_word' id='word_1_379' title='bbox 997 4510 1184 4555; x_wconf 86' lang='lat' dir='ltr'><strong><em>carne</em></strong></span> <span class='ocrx_word' id='word_1_380' title='bbox 1226 4494 1282 4553; x_wconf 87' lang='lat' dir='ltr'><strong><em>et</em></strong></span> <span class='ocrx_word' id='word_1_381' title='bbox 1313 4510 1499 4572; x_wconf 85' lang='lat' dir='ltr'><strong><em>pane,</em></strong></span> <span class='ocrx_word' id='word_1_382' title='bbox 1518 4492 1682 4574; x_wconf 66' lang='lat' dir='ltr'><strong><em>”iqui</em></strong></span> <span class='ocrx_word' id='word_1_383' title='bbox 1722 4491 2101 4557; x_wconf 82' lang='lat' dir='ltr'><strong><em>comburetis.</em></strong></span> <span class='ocrx_word' id='word_1_384' title='bbox 2170 4490 2272 4556; x_wconf 87' lang='grc'><strong><em>33.</em></strong></span> <span class='ocrx_word' id='word_1_385' title='bbox 2308 4487 2398 4555; x_wconf 83' lang='lat' dir='ltr'><strong><em>Et</em></strong></span> 
     </span>
     <span class='ocr_line' id='line_1_49' title="bbox 456 4576 2394 4659; baseline 0.001 -20"><span class='ocrx_word' id='word_1_386' title='bbox 456 4595 534 4640; x_wconf 73' lang='lat' dir='ltr'><strong><em>ecc</em></strong></span> <span class='ocrx_word' id='word_1_387' title='bbox 575 4576 732 4641; x_wconf 87' lang='lat' dir='ltr'><strong><em>ostio</em></strong></span> <span class='ocrx_word' id='word_1_388' title='bbox 773 4576 1157 4642; x_wconf 82' lang='lat' dir='ltr'><strong><em>tabernaculi</em></strong></span> <span class='ocrx_word' id='word_1_389' title='bbox 1198 4576 1607 4643; x_wconf 86' lang='lat' dir='ltr'><strong><em>conventionis</em></strong></span> <span class='ocrx_word' id='word_1_390' title='bbox 1649 4597 1772 4642; x_wconf 89' lang='lat' dir='ltr'><strong><em>non</em></strong></span> <span class='ocrx_word' id='word_1_391' title='bbox 1814 4576 2212 4659; x_wconf 85' lang='lat' dir='ltr'><strong><em>eqrediemini</em></strong></span> <span class='ocrx_word' id='word_1_392' title='bbox 2254 4597 2394 4657; x_wconf 93' lang='lat' dir='ltr'><strong><em>sep·</em></strong></span> 
     </span>
     <span class='ocr_line' id='line_1_50' title="bbox 455 4661 2398 4744; baseline 0.002 -19"><span class='ocrx_word' id='word_1_393' title='bbox 455 4665 573 4725; x_wconf 85' lang='lat' dir='ltr'><strong><em>tem</em></strong></span> <span class='ocrx_word' id='word_1_394' title='bbox 614 4661 857 4741; x_wconf 82' lang='lat' dir='ltr'><strong><em>diebus,</em></strong></span> <span class='ocrx_word' id='word_1_395' title='bbox 912 4681 1107 4742; x_wconf 87' lang='lat' dir='ltr'><strong><em>usque</em></strong></span> <span class='ocrx_word' id='word_1_396' title='bbox 1161 4662 1245 4726; x_wconf 93' lang='lat' dir='ltr'><strong><em>ad</em></strong></span> <span class='ocrx_word' id='word_1_397' title='bbox 1286 4662 1453 4727; x_wconf 86' lang='lat' dir='ltr'><strong><em>diem</em></strong></span> <span class='ocrx_word' id='word_1_398' title='bbox 1494 4683 1621 4743; x_wconf 89' lang='lat' dir='ltr'><strong><em>qua</em></strong></span> <span class='ocrx_word' id='word_1_399' title='bbox 1659 4663 1940 4744; x_wconf 80' lang='lat' dir='ltr'><strong><em>completi</em></strong></span> <span class='ocrx_word' id='word_1_400' title='bbox 1978 4663 2218 4743; x_wconf 84' lang='lat' dir='ltr'><strong><em>fuerint</em></strong></span> <span class='ocrx_word' id='word_1_401' title='bbox 2258 4663 2398 4728; x_wconf 86' lang='lat' dir='ltr'><strong><em>dies</em></strong></span> 
     </span>
     <span class='ocr_line' id='line_1_51' title="bbox 454 4748 2398 4830; baseline 0.001 -18"><span class='ocrx_word' id='word_1_402' title='bbox 454 4748 977 4813; x_wconf 84' lang='lat' dir='ltr'><strong><em>consecrationum</em></strong></span> <span class='ocrx_word' id='word_1_403' title='bbox 1017 4753 1398 4814; x_wconf 84' lang='lat' dir='ltr'><strong><em>vestrarum.-</em></strong></span> <span class='ocrx_word' id='word_1_404' title='bbox 1451 4753 1680 4830; x_wconf 88' lang='lat' dir='ltr'><strong><em>septem</em></strong></span> <span class='ocrx_word' id='word_1_405' title='bbox 1733 4749 1900 4813; x_wconf 88' lang='lat' dir='ltr'><strong><em>enim</em></strong></span> <span class='ocrx_word' id='word_1_406' title='bbox 1939 4748 2156 4813; x_wconf 84' lang='lat' dir='ltr'><strong><em>diebus</em></strong></span> <span class='ocrx_word' id='word_1_407' title='bbox 2195 4768 2398 4814; x_wconf 88' lang='lat' dir='ltr'><strong><em>conse-</em></strong></span> 
     </span>
     <span class='ocr_line' id='line_1_52' title="bbox 453 4832 2396 4916; baseline -0.001 -18"><span class='ocrx_word' id='word_1_408' title='bbox 453 4833 654 4899; x_wconf 85' lang='lat' dir='ltr'><strong><em>crabit</em></strong></span> <span class='ocrx_word' id='word_1_409' title='bbox 691 4853 951 4898; x_wconf 86' lang='lat' dir='ltr'><strong><em>manum</em></strong></span> <span class='ocrx_word' id='word_1_410' title='bbox 1004 4839 1289 4900; x_wconf 84' lang='lat' dir='ltr'><strong><em>vestram.</em></strong></span> <span class='ocrx_word' id='word_1_411' title='bbox 1376 4832 1479 4898; x_wconf 87' lang='grc'><strong><em>34.</em></strong></span> <span class='ocrx_word' id='word_1_412' title='bbox 1547 4834 2073 4915; x_wconf 78' lang='lat' dir='ltr'><strong><em>Quemadmodum</em></strong></span> <span class='ocrx_word' id='word_1_413' title='bbox 2124 4834 2272 4916; x_wconf 80' lang='lat' dir='ltr'><strong><em>fecit</em></strong></span> <span class='ocrx_word' id='word_1_414' title='bbox 2326 4835 2396 4898; x_wconf 84' lang='lat' dir='ltr'><strong><em>iu</em></strong></span> 
     </span>
     <span class='ocr_line' id='line_1_53' title="bbox 456 4919 2391 5002; baseline 0 -19"><span class='ocrx_word' id='word_1_415' title='bbox 456 4919 557 4983; x_wconf 90' lang='lat' dir='ltr'><strong><em>die</em></strong></span> <span class='ocrx_word' id='word_1_416' title='bbox 596 4919 715 4984; x_wconf 76' lang='lat' dir='ltr'><strong><em>hac</em></strong></span> <span class='ocrx_word' id='word_1_417' title='bbox 730 4970 744 4999; x_wconf 91' lang='lat'><strong><em>,</em></strong></span> <span class='ocrx_word' id='word_1_418' title='bbox 792 4922 1109 5002; x_wconf 77' lang='lat' dir='ltr'><strong><em>praecepit</em></strong></span> <span class='ocrx_word' id='word_1_419' title='bbox 1152 4919 1385 4985; x_wconf 77' lang='lat' dir='ltr'><strong><em>Iehova</em></strong></span> <span class='ocrx_word' id='word_1_420' title='bbox 1444 4919 1650 5001; x_wconf 80' lang='lat' dir='ltr'><strong><em>facere</em></strong></span> <span class='ocrx_word' id='word_1_421' title='bbox 1702 4920 1788 4985; x_wconf 85' lang='lat' dir='ltr'><strong><em>ad</em></strong></span> <span class='ocrx_word' id='word_1_422' title='bbox 1845 4919 2227 5000; x_wconf 78' lang='lat' dir='ltr'><strong><em>expiandum</em></strong></span> <span class='ocrx_word' id='word_1_423' title='bbox 2267 4940 2391 4984; x_wconf 88' lang='lat' dir='ltr'><strong><em>vos.</em></strong></span> 
     </span>
     <span class='ocr_line' id='line_1_54' title="bbox 458 5003 2396 5072; baseline 0 -3"><span class='ocrx_word' id='word_1_424' title='bbox 458 5003 560 5069; x_wconf 84' lang='lat'><strong><em>35.</em></strong></span> <span class='ocrx_word' id='word_1_425' title='bbox 616 5004 708 5070; x_wconf 80' lang='lat' dir='ltr'><strong><em>Et</em></strong></span> <span class='ocrx_word' id='word_1_426' title='bbox 758 5006 845 5071; x_wconf 87' lang='lat' dir='ltr'><strong><em>ad</em></strong></span> <span class='ocrx_word' id='word_1_427' title='bbox 901 5008 1126 5071; x_wconf 88' lang='lat' dir='ltr'><strong><em>ostium</em></strong></span> <span class='ocrx_word' id='word_1_428' title='bbox 1181 5005 1563 5072; x_wconf 83' lang='lat' dir='ltr'><strong><em>tabernaculi</em></strong></span> <span class='ocrx_word' id='word_1_429' title='bbox 1617 5006 2025 5070; x_wconf 83' lang='lat' dir='ltr'><strong><em>conventionis</em></strong></span> <span class='ocrx_word' id='word_1_430' title='bbox 2066 5006 2396 5071; x_wconf 83' lang='lat' dir='ltr'><strong><em>manebitis</em></strong></span> 
     </span>
     <span class='ocr_line' id='line_1_55' title="bbox 457 5090 2397 5174; baseline 0.001 -19"><span class='ocrx_word' id='word_1_431' title='bbox 457 5091 556 5156; x_wconf 88' lang='lat' dir='ltr'><strong><em>die</em></strong></span> <span class='ocrx_word' id='word_1_432' title='bbox 588 5096 644 5157; x_wconf 82' lang='lat' dir='ltr'><strong><em>et</em></strong></span> <span class='ocrx_word' id='word_1_433' title='bbox 686 5098 877 5169; x_wconf 87' lang='lat' dir='ltr'><strong><em>nocte,</em></strong></span> <span class='ocrx_word' id='word_1_434' title='bbox 921 5097 1150 5174; x_wconf 88' lang='lat' dir='ltr'><strong><em>septem</em></strong></span> <span class='ocrx_word' id='word_1_435' title='bbox 1191 5090 1409 5157; x_wconf 86' lang='lat' dir='ltr'><strong><em>diebus</em></strong></span> <span class='ocrx_word' id='word_1_436' title='bbox 1422 5141 1437 5171; x_wconf 91' lang='lat'><strong><em>,</em></strong></span> <span class='ocrx_word' id='word_1_437' title='bbox 1482 5090 1997 5173; x_wconf 81' lang='lat' dir='ltr'><strong><em>observabitisque</em></strong></span> <span class='ocrx_word' id='word_1_438' title='bbox 2038 5092 2397 5157; x_wconf 85' lang='lat' dir='ltr'><strong><em>observatio-</em></strong></span> 
     </span>
     <span class='ocr_line' id='line_1_56' title="bbox 457 5177 2395 5256; baseline 0.001 -15"><span class='ocrx_word' id='word_1_439' title='bbox 457 5197 593 5241; x_wconf 88' lang='lat' dir='ltr'><strong><em>nem</em></strong></span> <span class='ocrx_word' id='word_1_440' title='bbox 624 5198 836 5243; x_wconf 87' lang='lat' dir='ltr'><strong><em>coram</em></strong></span> <span class='ocrx_word' id='word_1_441' title='bbox 858 5179 1106 5256; x_wconf 80' lang='lat' dir='ltr'><strong><em>Iehova,</em></strong></span> <span class='ocrx_word' id='word_1_442' title='bbox 1152 5184 1209 5242; x_wconf 91' lang='lat' dir='ltr'><strong><em>et</em></strong></span> <span class='ocrx_word' id='word_1_443' title='bbox 1240 5198 1365 5243; x_wconf 86' lang='lat' dir='ltr'><strong><em>non</em></strong></span> <span class='ocrx_word' id='word_1_444' title='bbox 1405 5177 1791 5241; x_wconf 85' lang='lat' dir='ltr'><strong><em>moriemini:</em></strong></span> <span class='ocrx_word' id='word_1_445' title='bbox 1833 5178 1927 5243; x_wconf 85' lang='lat' dir='ltr'><strong><em>sic</em></strong></span> <span class='ocrx_word' id='word_1_446' title='bbox 1969 5180 2135 5243; x_wconf 86' lang='lat' dir='ltr'><strong><em>enim</em></strong></span> <span class='ocrx_word' id='word_1_447' title='bbox 2176 5179 2395 5243; x_wconf 86' lang='lat' dir='ltr'><strong><em>iussus</em></strong></span> 
     </span>
     <span class='ocr_line' id='line_1_57' title="bbox 456 5262 2394 5344; baseline -0.001 -16"><span class='ocrx_word' id='word_1_448' title='bbox 456 5282 615 5329; x_wconf 86' lang='lat' dir='ltr'><strong><em>sum.</em></strong></span> <span class='ocrx_word' id='word_1_449' title='bbox 704 5265 805 5330; x_wconf 87' lang='grc'><strong><em>36.</em></strong></span> <span class='ocrx_word' id='word_1_450' title='bbox 869 5263 1045 5331; x_wconf 86' lang='lat' dir='ltr'><strong><em>Fecit</em></strong></span> <span class='ocrx_word' id='word_1_451' title='bbox 1100 5265 1310 5344; x_wconf 87' lang='lat' dir='ltr'><strong><em>itaque</em></strong></span> <span class='ocrx_word' id='word_1_452' title='bbox 1369 5262 1635 5328; x_wconf 79' lang='lat' dir='ltr'><strong><em>Aharon</em></strong></span> <span class='ocrx_word' id='word_1_453' title='bbox 1693 5267 1749 5327; x_wconf 88' lang='lat' dir='ltr'><strong><em>et</em></strong></span> <span class='ocrx_word' id='word_1_454' title='bbox 1797 5263 1923 5343; x_wconf 75' lang='lat' dir='ltr'><strong><em>filii</em></strong></span> <span class='ocrx_word' id='word_1_455' title='bbox 1987 5264 2124 5329; x_wconf 85' lang='lat' dir='ltr'><strong><em>eius</em></strong></span> <span class='ocrx_word' id='word_1_456' title='bbox 2183 5266 2394 5329; x_wconf 88' lang='lat' dir='ltr'><strong><em>omnia</em></strong></span> 
     </span>
     <span class='ocr_line' id='line_1_58' title="bbox 458 5347 2272 5433; baseline -0.001 -17"><span class='ocrx_word' id='word_1_457' title='bbox 458 5351 642 5417; x_wconf 82' lang='lat' dir='ltr'><strong><em>verba</em></strong></span> <span class='ocrx_word' id='word_1_458' title='bbox 683 5369 843 5433; x_wconf 89' lang='lat' dir='ltr'><strong><em>quae</em></strong></span> <span class='ocrx_word' id='word_1_459' title='bbox 872 5354 1278 5433; x_wconf 87' lang='lat' dir='ltr'><strong><em>praeceperat</em></strong></span> <span class='ocrx_word' id='word_1_460' title='bbox 1322 5347 1553 5415; x_wconf 75' lang='lat' dir='ltr'><strong><em>Iehova</em></strong></span> <span class='ocrx_word' id='word_1_461' title='bbox 1584 5368 1707 5432; x_wconf 90' lang='lat' dir='ltr'><strong><em>per</em></strong></span> <span class='ocrx_word' id='word_1_462' title='bbox 1747 5369 2003 5414; x_wconf 88' lang='lat' dir='ltr'><strong><em>manum</em></strong></span> <span class='ocrx_word' id='word_1_463' title='bbox 2048 5349 2272 5415; x_wconf 85' lang='lat' dir='ltr'><strong><em>Mosis.</em></strong></span> 
     </span>
    </p>
   </div>
   <div class='ocr_carea' id='block_1_4' title="bbox 1869 434 3046 505">
    <p class='ocr_par' dir='ltr' id='par_1_4' title="bbox 1869 434 3046 505">
     <span class='ocr_line' id='line_1_59' title="bbox 1869 434 3046 505; baseline 0 -2"><span class='ocrx_word' id='word_1_464' title='bbox 1869 434 2276 504; x_wconf 71' lang='lat' dir='ltr'>REDIOEUS</span> <span class='ocrx_word' id='word_1_465' title='bbox 2323 436 2454 502; x_wconf 87' lang='lat' dir='ltr'><strong><em>AD</em></strong></span> <span class='ocrx_word' id='word_1_466' title='bbox 2498 436 3046 505; x_wconf 75' lang='lat' dir='ltr'><strong>HISTORIAM.</strong></span> 
     </span>
    </p>
   </div>
   <div class='ocr_carea' id='block_1_5' title="bbox 2443 637 2458 5407">
    <p class='ocr_par' dir='ltr' id='par_1_5' title="bbox 2443 637 2458 5407">
     <span class='ocr_line' id='line_1_60' title="bbox 2443 637 2458 5407; baseline 0 0"><span class='ocrx_word' id='word_1_467' title='bbox 2443 637 2458 5407; x_wconf 95' lang='lat' dir='ltr'><strong><em> </em></strong></span> 
     </span>
    </p>
   </div>
   <div class='ocr_carea' id='block_1_6' title="bbox 4327 438 4457 504">
    <p class='ocr_par' dir='ltr' id='par_1_6' title="bbox 4327 438 4457 504">
     <span class='ocr_line' id='line_1_61' title="bbox 4327 438 4457 504; baseline 0 0"><span class='ocrx_word' id='word_1_468' title='bbox 4327 438 4457 504; x_wconf 82' lang='lat'><strong><em>134</em></strong></span> 
     </span>
    </p>
   </div>
   <div class='ocr_carea' id='block_1_7' title="bbox 2493 624 4457 5501">
    <p class='ocr_par' dir='ltr' id='par_1_7' title="bbox 2501 624 4452 2686">
     <span class='ocr_line' id='line_1_62' title="bbox 2675 624 4451 708; baseline 0.003 -18"><span class='ocrx_word' id='word_1_469' title='bbox 2675 626 2734 691; x_wconf 90' lang='lat'><strong><em>4.</em></strong></span> <span class='ocrx_word' id='word_1_470' title='bbox 2782 624 2872 691; x_wconf 83' lang='lat' dir='ltr'><strong><em>Et</em></strong></span> <span class='ocrx_word' id='word_1_471' title='bbox 2909 626 3057 708; x_wconf 80' lang='lat' dir='ltr'><strong><em>fecit</em></strong></span> <span class='ocrx_word' id='word_1_472' title='bbox 3092 624 3304 692; x_wconf 80' lang='lat' dir='ltr'><strong><em>Moses</em></strong></span> <span class='ocrx_word' id='word_1_473' title='bbox 3346 626 3882 708; x_wconf 77' lang='lat' dir='ltr'><strong><em>quemadmodum.</em></strong></span> <span class='ocrx_word' id='word_1_474' title='bbox 3952 626 4136 695; x_wconf 86' lang='lat' dir='ltr'><strong><em>Haec</em></strong></span> <span class='ocrx_word' id='word_1_475' title='bbox 4181 629 4451 695; x_wconf 80' lang='lat' dir='ltr'><strong><em>tametsi</em></strong></span> 
     </span>
     <span class='ocr_line' id='line_1_63' title="bbox 2503 710 4444 795; baseline 0.002 -18"><span class='ocrx_word' id='word_1_476' title='bbox 2503 710 2586 777; x_wconf 91' lang='lat' dir='ltr'><strong><em>ad</em></strong></span> <span class='ocrx_word' id='word_1_477' title='bbox 2642 711 3079 778; x_wconf 77' lang='lat' dir='ltr'><strong><em>sacerdotium</em></strong></span> <span class='ocrx_word' id='word_1_478' title='bbox 3137 711 3503 795; x_wconf 88' lang='lat' dir='ltr'><strong><em>pertinent,</em></strong></span> <span class='ocrx_word' id='word_1_479' title='bbox 3577 713 3763 778; x_wconf 89' lang='grc'><strong>6111116</strong></span> <span class='ocrx_word' id='word_1_480' title='bbox 3817 713 3956 779; x_wconf 79' lang='lat' dir='ltr'><strong><em>vim</em></strong></span> <span class='ocrx_word' id='word_1_481' title='bbox 4015 720 4080 778; x_wconf 88' lang='lat' dir='ltr'><strong><em>et</em></strong></span> <span class='ocrx_word' id='word_1_482' title='bbox 4137 723 4444 780; x_wconf 89' lang='lat' dir='ltr'><strong><em>naturam</em></strong></span> 
     </span>
     <span class='ocr_line' id='line_1_64' title="bbox 2501 797 4446 882; baseline 0.001 -19"><span class='ocrx_word' id='word_1_483' title='bbox 2501 799 2771 880; x_wconf 80' lang='lat' dir='ltr'><strong><em>exposui</em></strong></span> <span class='ocrx_word' id='word_1_484' title='bbox 2837 799 2906 862; x_wconf 89' lang='lat' dir='ltr'><strong><em>in</em></strong></span> <span class='ocrx_word' id='word_1_485' title='bbox 2974 797 3259 864; x_wconf 86' lang='lat' dir='ltr'><strong><em>secundo</em></strong></span> <span class='ocrx_word' id='word_1_486' title='bbox 3324 797 3489 882; x_wconf 91' lang='lat' dir='ltr'><strong><em>legis</em></strong></span> <span class='ocrx_word' id='word_1_487' title='bbox 3554 807 3931 882; x_wconf 87' lang='lat' dir='ltr'><strong><em>praecepto:</em></strong></span> <span class='ocrx_word' id='word_1_488' title='bbox 4006 800 4159 882; x_wconf 90' lang='lat' dir='ltr'><strong><em>quia</em></strong></span> <span class='ocrx_word' id='word_1_489' title='bbox 4223 808 4446 866; x_wconf 88' lang='lat' dir='ltr'><strong><em>tamen</em></strong></span> 
     </span>
     <span class='ocr_line' id='line_1_65' title="bbox 2503 883 4450 963; baseline 0.003 -15"><span class='ocrx_word' id='word_1_490' title='bbox 2503 883 2813 949; x_wconf 88' lang='lat' dir='ltr'><strong><em>historica</em></strong></span> <span class='ocrx_word' id='word_1_491' title='bbox 2856 892 3045 963; x_wconf 88' lang='lat' dir='ltr'><strong><em>sunt,</em></strong></span> <span class='ocrx_word' id='word_1_492' title='bbox 3103 884 3178 948; x_wconf 90' lang='lat' dir='ltr'><strong><em>in</em></strong></span> <span class='ocrx_word' id='word_1_493' title='bbox 3222 883 3398 949; x_wconf 90' lang='lat' dir='ltr'><strong><em>hunc</em></strong></span> <span class='ocrx_word' id='word_1_494' title='bbox 3441 884 3657 949; x_wconf 90' lang='lat' dir='ltr'><strong><em>locum</em></strong></span> <span class='ocrx_word' id='word_1_495' title='bbox 3699 905 3830 948; x_wconf 90' lang='lat' dir='ltr'><strong><em>nou</em></strong></span> <span class='ocrx_word' id='word_1_496' title='bbox 3875 892 4124 951; x_wconf 89' lang='lat' dir='ltr'><strong><em>temere</em></strong></span> <span class='ocrx_word' id='word_1_497' title='bbox 4184 886 4450 953; x_wconf 86' lang='lat' dir='ltr'><strong><em>differre</em></strong></span> 
     </span>
     <span class='ocr_line' id='line_1_66' title="bbox 2501 968 4446 1052; baseline 0.003 -19"><span class='ocrx_word' id='word_1_498' title='bbox 2501 970 2719 1035; x_wconf 84' lang='lat' dir='ltr'><strong><em>visum</em></strong></span> <span class='ocrx_word' id='word_1_499' title='bbox 2765 977 2885 1036; x_wconf 87' lang='lat' dir='ltr'><strong><em>cst.</em></strong></span> <span class='ocrx_word' id='word_1_500' title='bbox 2972 969 3145 1036; x_wconf 87' lang='lat' dir='ltr'><strong><em>Nam</em></strong></span> <span class='ocrx_word' id='word_1_501' title='bbox 3191 971 3246 1035; x_wconf 90' lang='lat' dir='ltr'><strong><em>si</em></strong></span> <span class='ocrx_word' id='word_1_502' title='bbox 3293 968 3660 1035; x_wconf 89' lang='lat' dir='ltr'><strong><em>retulissem</em></strong></span> <span class='ocrx_word' id='word_1_503' title='bbox 3706 970 3878 1034; x_wconf 88' lang='lat' dir='ltr'><strong><em>inter</em></strong></span> <span class='ocrx_word' id='word_1_504' title='bbox 3919 971 4265 1052; x_wconf 83' lang='lat' dir='ltr'><strong><em>mandata,</em></strong></span> <span class='ocrx_word' id='word_1_505' title='bbox 4313 992 4446 1039; x_wconf 89' lang='lat' dir='ltr'><strong><em>non</em></strong></span> 
     </span>
     <span class='ocr_line' id='line_1_67' title="bbox 2501 1054 4448 1140; baseline 0.004 -22"><span class='ocrx_word' id='word_1_506' title='bbox 2501 1054 2695 1121; x_wconf 86' lang='lat' dir='ltr'><strong><em>facile</em></strong></span> <span class='ocrx_word' id='word_1_507' title='bbox 2752 1064 3009 1140; x_wconf 89' lang='lat' dir='ltr'><strong><em>tempus</em></strong></span> <span class='ocrx_word' id='word_1_508' title='bbox 3064 1063 3404 1121; x_wconf 76' lang='lat' dir='ltr'><strong><em>notassent</em></strong></span> <span class='ocrx_word' id='word_1_509' title='bbox 3455 1055 3728 1121; x_wconf 87' lang='lat' dir='ltr'><strong><em>lectores</em></strong></span> <span class='ocrx_word' id='word_1_510' title='bbox 3791 1076 4027 1139; x_wconf 85' lang='lat' dir='ltr'><strong><em>parum</em></strong></span> <span class='ocrx_word' id='word_1_511' title='bbox 4085 1058 4448 1126; x_wconf 86' lang='lat' dir='ltr'><strong><em>exercitati.</em></strong></span> 
     </span>
     <span class='ocr_line' id='line_1_68' title="bbox 2502 1140 4448 1229; baseline 0.002 -23"><span class='ocrx_word' id='word_1_512' title='bbox 2502 1140 2688 1206; x_wconf 89' lang='lat' dir='ltr'><strong><em>Haec</em></strong></span> <span class='ocrx_word' id='word_1_513' title='bbox 2732 1152 2949 1206; x_wconf 87' lang='lat' dir='ltr'><strong><em>autem</em></strong></span> <span class='ocrx_word' id='word_1_514' title='bbox 2996 1141 3323 1208; x_wconf 88' lang='lat' dir='ltr'><strong><em>distinctio</em></strong></span> <span class='ocrx_word' id='word_1_515' title='bbox 3369 1141 3568 1224; x_wconf 88' lang='lat' dir='ltr'><strong><em>probe</em></strong></span> <span class='ocrx_word' id='word_1_516' title='bbox 3613 1162 3720 1207; x_wconf 89' lang='grc'><strong><em>606</em></strong></span> <span class='ocrx_word' id='word_1_517' title='bbox 3763 1141 4054 1220; x_wconf 86' lang='lat' dir='ltr'><strong><em>iuvabit,</em></strong></span> <span class='ocrx_word' id='word_1_518' title='bbox 4112 1144 4224 1209; x_wconf 90' lang='lat' dir='ltr'><strong><em>ubi</em></strong></span> <span class='ocrx_word' id='word_1_519' title='bbox 4269 1151 4448 1229; x_wconf 71' lang='lat' dir='ltr'><strong><em>post-</em></strong></span> 
     </span>
     <span class='ocr_line' id='line_1_69' title="bbox 2503 1227 4449 1310; baseline 0.003 -19"><span class='ocrx_word' id='word_1_520' title='bbox 2503 1247 2697 1309; x_wconf 88' lang='lat' dir='ltr'><strong><em>quam</em></strong></span> <span class='ocrx_word' id='word_1_521' title='bbox 2754 1227 3052 1310; x_wconf 88' lang='lat' dir='ltr'><strong><em>exposita</em></strong></span> <span class='ocrx_word' id='word_1_522' title='bbox 3106 1228 3234 1292; x_wconf 90' lang='lat' dir='ltr'><strong><em>fuit</em></strong></span> <span class='ocrx_word' id='word_1_523' title='bbox 3291 1227 3586 1292; x_wconf 88' lang='lat' dir='ltr'><strong><em>doctrina</em></strong></span> <span class='ocrx_word' id='word_1_524' title='bbox 3639 1247 3803 1310; x_wconf 91' lang='lat' dir='ltr'><strong><em>quae</em></strong></span> <span class='ocrx_word' id='word_1_525' title='bbox 3847 1228 4108 1310; x_wconf 88' lang='lat' dir='ltr'><strong><em>proprie</em></strong></span> <span class='ocrx_word' id='word_1_526' title='bbox 4151 1230 4449 1296; x_wconf 90' lang='lat' dir='ltr'><strong><em>contine-</em></strong></span> 
     </span>
     <span class='ocr_line' id='line_1_70' title="bbox 2504 1312 4450 1397; baseline 0.003 -21"><span class='ocrx_word' id='word_1_527' title='bbox 2504 1314 2698 1377; x_wconf 88' lang='lat' dir='ltr'><strong><em>batur</em></strong></span> <span class='ocrx_word' id='word_1_528' title='bbox 2739 1314 2860 1379; x_wconf 88' lang='lat' dir='ltr'><strong><em>sub</em></strong></span> <span class='ocrx_word' id='word_1_529' title='bbox 2905 1312 3128 1380; x_wconf 89' lang='lat' dir='ltr'><strong><em>decem</em></strong></span> <span class='ocrx_word' id='word_1_530' title='bbox 3174 1314 3421 1392; x_wconf 84' lang='lat' dir='ltr'><strong><em>verbis,</em></strong></span> <span class='ocrx_word' id='word_1_531' title='bbox 3468 1334 3644 1378; x_wconf 89' lang='lat' dir='ltr'><strong><em>nunc</em></strong></span> <span class='ocrx_word' id='word_1_532' title='bbox 3690 1312 4005 1379; x_wconf 85' lang='lat' dir='ltr'><strong><em>videbunt</em></strong></span> <span class='ocrx_word' id='word_1_533' title='bbox 4047 1335 4239 1397; x_wconf 90' lang='lat' dir='ltr'><strong><em>quam</em></strong></span> <span class='ocrx_word' id='word_1_534' title='bbox 4284 1314 4450 1381; x_wconf 89' lang='lat' dir='ltr'><strong><em>fide-</em></strong></span> 
     </span>
     <span class='ocr_line' id='line_1_71' title="bbox 2502 1398 4448 1482; baseline 0.002 -20"><span class='ocrx_word' id='word_1_535' title='bbox 2502 1398 2657 1463; x_wconf 82' lang='lat' dir='ltr'><strong><em>liter</em></strong></span> <span class='ocrx_word' id='word_1_536' title='bbox 2714 1398 3085 1482; x_wconf 84' lang='lat' dir='ltr'><strong><em>impleverit</em></strong></span> <span class='ocrx_word' id='word_1_537' title='bbox 3131 1399 3351 1464; x_wconf 87' lang='lat' dir='ltr'><strong><em>Moses</em></strong></span> <span class='ocrx_word' id='word_1_538' title='bbox 3408 1398 3579 1481; x_wconf 90' lang='lat' dir='ltr'><strong><em>quod</em></strong></span> <span class='ocrx_word' id='word_1_539' title='bbox 3638 1401 3855 1464; x_wconf 90' lang='lat' dir='ltr'><strong><em>iussus</em></strong></span> <span class='ocrx_word' id='word_1_540' title='bbox 3913 1409 4084 1478; x_wconf 89' lang='lat' dir='ltr'><strong><em>erat,</em></strong></span> <span class='ocrx_word' id='word_1_541' title='bbox 4140 1411 4208 1465; x_wconf 90' lang='lat' dir='ltr'><strong><em>et</em></strong></span> <span class='ocrx_word' id='word_1_542' title='bbox 4262 1402 4448 1468; x_wconf 89' lang='lat' dir='ltr'><strong><em>obse-</em></strong></span> 
     </span>
     <span class='ocr_line' id='line_1_72' title="bbox 2502 1483 4447 1566; baseline 0.002 -17"><span class='ocrx_word' id='word_1_543' title='bbox 2502 1486 2765 1566; x_wconf 88' lang='lat' dir='ltr'><strong><em>quium,</em></strong></span> <span class='ocrx_word' id='word_1_544' title='bbox 2825 1486 2992 1550; x_wconf 88' lang='lat' dir='ltr'><strong><em>sicut</em></strong></span> <span class='ocrx_word' id='word_1_545' title='bbox 3046 1485 3114 1549; x_wconf 88' lang='lat' dir='ltr'><strong><em>in</em></strong></span> <span class='ocrx_word' id='word_1_546' title='bbox 3173 1495 3316 1550; x_wconf 88' lang='lat' dir='ltr'><strong><em>tota</em></strong></span> <span class='ocrx_word' id='word_1_547' title='bbox 3372 1485 3614 1550; x_wconf 83' lang='lat' dir='ltr'><strong><em>fabrica</em></strong></span> <span class='ocrx_word' id='word_1_548' title='bbox 3668 1495 3736 1549; x_wconf 87' lang='lat' dir='ltr'><strong><em>et</em></strong></span> <span class='ocrx_word' id='word_1_549' title='bbox 3780 1483 4181 1550; x_wconf 81' lang='lat' dir='ltr'><strong><em>dedicatione</em></strong></span> <span class='ocrx_word' id='word_1_550' title='bbox 4225 1487 4447 1553; x_wconf 89' lang='lat' dir='ltr'><strong><em>taber-</em></strong></span> 
     </span>
     <span class='ocr_line' id='line_1_73' title="bbox 2505 1570 4448 1657; baseline 0.003 -23"><span class='ocrx_word' id='word_1_551' title='bbox 2505 1570 2755 1650; x_wconf 89' lang='lat' dir='ltr'><strong><em>naculi,</em></strong></span> <span class='ocrx_word' id='word_1_552' title='bbox 2811 1590 2961 1636; x_wconf 88' lang='lat' dir='ltr'><strong><em>cum</em></strong></span> <span class='ocrx_word' id='word_1_553' title='bbox 3005 1570 3315 1636; x_wconf 89' lang='lat' dir='ltr'><strong><em>mandato</em></strong></span> <span class='ocrx_word' id='word_1_554' title='bbox 3355 1570 3709 1636; x_wconf 87' lang='lat' dir='ltr'><strong><em>conferent.</em></strong></span> <span class='ocrx_word' id='word_1_555' title='bbox 3801 1571 4005 1635; x_wconf 90' lang='lat' dir='ltr'><strong><em>Porro</em></strong></span> <span class='ocrx_word' id='word_1_556' title='bbox 4065 1572 4448 1657; x_wconf 88' lang='lat' dir='ltr'><strong><em>ambiguum</em></strong></span> 
     </span>
     <span class='ocr_line' id='line_1_74' title="bbox 2503 1655 4448 1741; baseline 0.002 -20"><span class='ocrx_word' id='word_1_557' title='bbox 2503 1677 2633 1721; x_wconf 87' lang='lat' dir='ltr'><strong><em>non</em></strong></span> <span class='ocrx_word' id='word_1_558' title='bbox 2679 1666 2779 1721; x_wconf 90' lang='lat' dir='ltr'><strong><em>cst</em></strong></span> <span class='ocrx_word' id='word_1_559' title='bbox 2820 1658 2980 1739; x_wconf 89' lang='lat' dir='ltr'><strong><em>quin</em></strong></span> <span class='ocrx_word' id='word_1_560' title='bbox 3023 1658 3117 1723; x_wconf 90' lang='grc'><strong><em>616</em></strong></span> <span class='ocrx_word' id='word_1_561' title='bbox 3162 1655 3447 1721; x_wconf 87' lang='lat' dir='ltr'><strong><em>texenda</em></strong></span> <span class='ocrx_word' id='word_1_562' title='bbox 3502 1656 3698 1721; x_wconf 87' lang='lat' dir='ltr'><strong><em>fuerit</em></strong></span> <span class='ocrx_word' id='word_1_563' title='bbox 3759 1657 4076 1721; x_wconf 89' lang='lat' dir='ltr'><strong><em>narratio:</em></strong></span> <span class='ocrx_word' id='word_1_564' title='bbox 4138 1658 4448 1741; x_wconf 88' lang='lat' dir='ltr'><strong><em>quoniam</em></strong></span> 
     </span>
     <span class='ocr_line' id='line_1_75' title="bbox 2501 1742 4446 1826; baseline 0.002 -19"><span class='ocrx_word' id='word_1_565' title='bbox 2501 1762 2588 1807; x_wconf 87' lang='lat' dir='ltr'><strong><em>ex</em></strong></span> <span class='ocrx_word' id='word_1_566' title='bbox 2645 1743 2940 1825; x_wconf 90' lang='lat' dir='ltr'><strong><em>pluribus</em></strong></span> <span class='ocrx_word' id='word_1_567' title='bbox 2999 1742 3157 1808; x_wconf 90' lang='lat' dir='ltr'><strong><em>locis</em></strong></span> <span class='ocrx_word' id='word_1_568' title='bbox 3212 1743 3521 1825; x_wconf 84' lang='lat' dir='ltr'><strong><em>colligere</em></strong></span> <span class='ocrx_word' id='word_1_569' title='bbox 3579 1753 3957 1826; x_wconf 88' lang='lat' dir='ltr'><strong><em>promptum</em></strong></span> <span class='ocrx_word' id='word_1_570' title='bbox 4016 1753 4149 1823; x_wconf 88' lang='lat' dir='ltr'><strong><em>est,</em></strong></span> <span class='ocrx_word' id='word_1_571' title='bbox 4215 1744 4446 1810; x_wconf 90' lang='lat' dir='ltr'><strong><em>eodem</em></strong></span> 
     </span>
     <span class='ocr_line' id='line_1_76' title="bbox 2503 1827 4446 1910; baseline 0.002 -17"><span class='ocrx_word' id='word_1_572' title='bbox 2503 1849 2631 1910; x_wconf 91' lang='lat' dir='ltr'><strong><em>quo</em></strong></span> <span class='ocrx_word' id='word_1_573' title='bbox 2675 1827 3040 1894; x_wconf 88' lang='lat' dir='ltr'><strong><em>sacerdotes</em></strong></span> <span class='ocrx_word' id='word_1_574' title='bbox 3085 1829 3268 1895; x_wconf 88' lang='lat' dir='ltr'><strong><em>uncti</em></strong></span> <span class='ocrx_word' id='word_1_575' title='bbox 3312 1829 3579 1893; x_wconf 87' lang='lat' dir='ltr'><strong><em>fuerunt</em></strong></span> <span class='ocrx_word' id='word_1_576' title='bbox 3623 1828 3761 1904; x_wconf 91' lang='lat' dir='ltr'><strong><em>die,</em></strong></span> <span class='ocrx_word' id='word_1_577' title='bbox 3821 1829 4309 1895; x_wconf 89' lang='lat' dir='ltr'><strong><em>tabernaculum</em></strong></span> <span class='ocrx_word' id='word_1_578' title='bbox 4355 1832 4446 1896; x_wconf 90' lang='lat' dir='ltr'><strong><em>si-</em></strong></span> 
     </span>
     <span class='ocr_line' id='line_1_77' title="bbox 2503 1913 4443 1998; baseline 0.002 -20"><span class='ocrx_word' id='word_1_579' title='bbox 2503 1913 2642 1979; x_wconf 87' lang='lat' dir='ltr'><strong><em>mul</em></strong></span> <span class='ocrx_word' id='word_1_580' title='bbox 2699 1915 2898 1979; x_wconf 85' lang='lat' dir='ltr'><strong><em>fuisse</em></strong></span> <span class='ocrx_word' id='word_1_581' title='bbox 2955 1924 3427 1980; x_wconf 85' lang='lat' dir='ltr'><strong><em>consecratum.</em></strong></span> <span class='ocrx_word' id='word_1_582' title='bbox 3532 1914 3723 1979; x_wconf 88' lang='lat' dir='ltr'><strong><em>Nunc</em></strong></span> <span class='ocrx_word' id='word_1_583' title='bbox 3780 1913 3979 1979; x_wconf 88' lang='lat' dir='ltr'><strong><em>verba</em></strong></span> <span class='ocrx_word' id='word_1_584' title='bbox 4043 1935 4443 1998; x_wconf 81' lang='lat' dir='ltr'><strong><em>percurram.</em></strong></span> 
     </span>
     <span class='ocr_line' id='line_1_78' title="bbox 2505 1998 4450 2084; baseline 0.003 -22"><span class='ocrx_word' id='word_1_585' title='bbox 2505 1998 2685 2065; x_wconf 84' lang='lat' dir='ltr'><strong><em>Dicit</em></strong></span> <span class='ocrx_word' id='word_1_586' title='bbox 2749 2001 2968 2066; x_wconf 85' lang='lat' dir='ltr'><strong><em>Moses</em></strong></span> <span class='ocrx_word' id='word_1_587' title='bbox 3026 2020 3096 2065; x_wconf 87' lang='lat' dir='ltr'><strong><em>se</em></strong></span> <span class='ocrx_word' id='word_1_588' title='bbox 3153 2000 3545 2084; x_wconf 82' lang='lat' dir='ltr'><strong><em>applicuisse</em></strong></span> <span class='ocrx_word' id='word_1_589' title='bbox 3606 1999 3876 2064; x_wconf 86' lang='lat' dir='ltr'><strong><em>Aharcn</em></strong></span> <span class='ocrx_word' id='word_1_590' title='bbox 3934 2009 3999 2064; x_wconf 89' lang='lat' dir='ltr'><strong><em>et</em></strong></span> <span class='ocrx_word' id='word_1_591' title='bbox 4056 2001 4225 2067; x_wconf 88' lang='lat' dir='ltr'><strong><em>filios</em></strong></span> <span class='ocrx_word' id='word_1_592' title='bbox 4284 2002 4450 2081; x_wconf 90' lang='lat' dir='ltr'><strong><em>eius,</em></strong></span> 
     </span>
     <span class='ocr_line' id='line_1_79' title="bbox 2505 2083 4449 2168; baseline 0.002 -19"><span class='ocrx_word' id='word_1_593' title='bbox 2505 2106 2743 2168; x_wconf 89' lang='lat' dir='ltr'><strong><em>nempe</em></strong></span> <span class='ocrx_word' id='word_1_594' title='bbox 2807 2096 2882 2151; x_wconf 90' lang='lat' dir='ltr'><strong><em>ut</em></strong></span> <span class='ocrx_word' id='word_1_595' title='bbox 2946 2088 3209 2152; x_wconf 82' lang='lat' dir='ltr'><strong><em>sisteret</em></strong></span> <span class='ocrx_word' id='word_1_596' title='bbox 3273 2106 3488 2150; x_wconf 88' lang='lat' dir='ltr'><strong><em>coram</em></strong></span> <span class='ocrx_word' id='word_1_597' title='bbox 3551 2083 3693 2149; x_wconf 90' lang='lat' dir='ltr'><strong><em>Deo</em></strong></span> <span class='ocrx_word' id='word_1_598' title='bbox 3754 2093 3822 2149; x_wconf 92' lang='lat' dir='ltr'><strong><em>et</em></strong></span> <span class='ocrx_word' id='word_1_599' title='bbox 3874 2086 4147 2168; x_wconf 86' lang='lat' dir='ltr'><strong><em>populo:</em></strong></span> <span class='ocrx_word' id='word_1_600' title='bbox 4214 2086 4449 2152; x_wconf 89' lang='lat' dir='ltr'><strong><em>deinde</em></strong></span> 
     </span>
     <span class='ocr_line' id='line_1_80' title="bbox 2504 2170 4449 2255; baseline 0.002 -20"><span class='ocrx_word' id='word_1_601' title='bbox 2504 2191 2674 2255; x_wconf 89' lang='lat' dir='ltr'><strong><em>aqua</em></strong></span> <span class='ocrx_word' id='word_1_602' title='bbox 2717 2171 2989 2249; x_wconf 86' lang='lat' dir='ltr'><strong><em>lavisse,</em></strong></span> <span class='ocrx_word' id='word_1_603' title='bbox 3034 2181 3110 2236; x_wconf 91' lang='lat' dir='ltr'><strong><em>ut</em></strong></span> <span class='ocrx_word' id='word_1_604' title='bbox 3153 2171 3366 2254; x_wconf 89' lang='lat' dir='ltr'><strong><em>palam</em></strong></span> <span class='ocrx_word' id='word_1_605' title='bbox 3411 2172 3598 2235; x_wconf 85' lang='lat' dir='ltr'><strong><em>fieret</em></strong></span> <span class='ocrx_word' id='word_1_606' title='bbox 3641 2190 3750 2234; x_wconf 89' lang='lat' dir='ltr'><strong><em>eos</em></strong></span> <span class='ocrx_word' id='word_1_607' title='bbox 3795 2170 3989 2235; x_wconf 88' lang='lat' dir='ltr'><strong><em>domo</em></strong></span> <span class='ocrx_word' id='word_1_608' title='bbox 4032 2193 4166 2236; x_wconf 91' lang='lat' dir='ltr'><strong><em>non</em></strong></span> <span class='ocrx_word' id='word_1_609' title='bbox 4211 2172 4449 2239; x_wconf 85' lang='lat' dir='ltr'><strong><em>afferre</em></strong></span> 
     </span>
     <span class='ocr_line' id='line_1_81' title="bbox 2504 2256 4452 2342; baseline 0.002 -20"><span class='ocrx_word' id='word_1_610' title='bbox 2504 2256 2893 2322; x_wconf 87' lang='lat' dir='ltr'><strong><em>munditiem</em></strong></span> <span class='ocrx_word' id='word_1_611' title='bbox 2941 2257 3209 2342; x_wconf 88' lang='lat' dir='ltr'><strong><em>dignam</em></strong></span> <span class='ocrx_word' id='word_1_612' title='bbox 3254 2257 3448 2321; x_wconf 82' lang='lat' dir='ltr'><strong><em>officii</em></strong></span> <span class='ocrx_word' id='word_1_613' title='bbox 3492 2256 3871 2320; x_wconf 78' lang='lat' dir='ltr'><strong><em>sanctitate:</em></strong></span> <span class='ocrx_word' id='word_1_614' title='bbox 3922 2264 3991 2320; x_wconf 90' lang='lat' dir='ltr'><strong><em>et</em></strong></span> <span class='ocrx_word' id='word_1_615' title='bbox 4033 2259 4187 2340; x_wconf 88' lang='lat' dir='ltr'><strong><em>quia</em></strong></span> <span class='ocrx_word' id='word_1_616' title='bbox 4230 2268 4452 2325; x_wconf 86' lang='lat' dir='ltr'><strong><em>essent</em></strong></span> 
     </span>
     <span class='ocr_line' id='line_1_82' title="bbox 2504 2341 4450 2420; baseline 0.001 -12"><span class='ocrx_word' id='word_1_617' title='bbox 2504 2364 2588 2408; x_wconf 89' lang='lat' dir='ltr'><strong><em>ex</em></strong></span> <span class='ocrx_word' id='word_1_618' title='bbox 2644 2343 2980 2408; x_wconf 89' lang='lat' dir='ltr'><strong><em>hominum</em></strong></span> <span class='ocrx_word' id='word_1_619' title='bbox 3039 2364 3347 2420; x_wconf 83' lang='lat' dir='ltr'><strong><em>numere,</em></strong></span> <span class='ocrx_word' id='word_1_620' title='bbox 3408 2363 3535 2407; x_wconf 91' lang='lat' dir='ltr'><strong><em>non</em></strong></span> <span class='ocrx_word' id='word_1_621' title='bbox 3597 2341 3788 2406; x_wconf 87' lang='lat' dir='ltr'><strong><em>aliter</em></strong></span> <span class='ocrx_word' id='word_1_622' title='bbox 3841 2362 4060 2407; x_wconf 91' lang='lat' dir='ltr'><strong><em>coram</em></strong></span> <span class='ocrx_word' id='word_1_623' title='bbox 4104 2344 4249 2410; x_wconf 92' lang='lat' dir='ltr'><strong><em>Deo</em></strong></span> <span class='ocrx_word' id='word_1_624' title='bbox 4307 2366 4450 2412; x_wconf 89' lang='grc'><strong>6666</strong></span> 
     </span>
     <span class='ocr_line' id='line_1_83' title="bbox 2504 2428 4448 2512; baseline 0.002 -19"><span class='ocrx_word' id='word_1_625' title='bbox 2504 2428 2782 2494; x_wconf 88' lang='lat' dir='ltr'><strong><em>mundos</em></strong></span> <span class='ocrx_word' id='word_1_626' title='bbox 2861 2450 3056 2512; x_wconf 88' lang='lat' dir='ltr'><strong><em>quam</em></strong></span> <span class='ocrx_word' id='word_1_627' title='bbox 3126 2431 3181 2493; x_wconf 92' lang='lat' dir='ltr'><strong><em>si</em></strong></span> <span class='ocrx_word' id='word_1_628' title='bbox 3262 2428 3522 2494; x_wconf 88' lang='lat' dir='ltr'><strong><em>ablutae</em></strong></span> <span class='ocrx_word' id='word_1_629' title='bbox 3599 2436 3820 2492; x_wconf 90' lang='lat' dir='ltr'><strong><em>essent</em></strong></span> <span class='ocrx_word' id='word_1_630' title='bbox 3895 2447 4122 2492; x_wconf 89' lang='lat' dir='ltr'><strong><em>eorum</em></strong></span> <span class='ocrx_word' id='word_1_631' title='bbox 4203 2430 4448 2497; x_wconf 88' lang='lat' dir='ltr'><strong><em>sordes.</em></strong></span> 
     </span>
     <span class='ocr_line' id='line_1_84' title="bbox 2505 2513 4448 2598; baseline 0 -16"><span class='ocrx_word' id='word_1_632' title='bbox 2505 2513 2824 2598; x_wconf 85' lang='lat' dir='ltr'><strong><em>Sequitur</em></strong></span> <span class='ocrx_word' id='word_1_633' title='bbox 2867 2524 3091 2598; x_wconf 89' lang='lat' dir='ltr'><strong><em>postea</em></strong></span> <span class='ocrx_word' id='word_1_634' title='bbox 3132 2514 3478 2596; x_wconf 87' lang='lat' dir='ltr'><strong><em>descriptio</em></strong></span> <span class='ocrx_word' id='word_1_635' title='bbox 3518 2523 3807 2590; x_wconf 88' lang='lat' dir='ltr'><strong><em>ornatus,</em></strong></span> <span class='ocrx_word' id='word_1_636' title='bbox 3854 2534 4046 2595; x_wconf 86' lang='lat' dir='ltr'><strong><em>quam</em></strong></span> <span class='ocrx_word' id='word_1_637' title='bbox 4094 2525 4448 2598; x_wconf 89' lang='lat' dir='ltr'><strong><em>praetereo,</em></strong></span> 
     </span>
     <span class='ocr_line' id='line_1_85' title="bbox 2507 2598 4283 2686; baseline 0.001 -21"><span class='ocrx_word' id='word_1_638' title='bbox 2507 2622 2589 2665; x_wconf 90' lang='grc'><strong><em>116</em></strong></span> <span class='ocrx_word' id='word_1_639' title='bbox 2634 2600 2734 2667; x_wconf 89' lang='lat' dir='ltr'><strong><em>bis</em></strong></span> <span class='ocrx_word' id='word_1_640' title='bbox 2778 2600 2952 2666; x_wconf 90' lang='lat' dir='ltr'><strong><em>idem</em></strong></span> <span class='ocrx_word' id='word_1_641' title='bbox 2998 2602 3348 2686; x_wconf 86' lang='lat' dir='ltr'><strong><em>repetendo</em></strong></span> <span class='ocrx_word' id='word_1_642' title='bbox 3393 2600 3705 2664; x_wconf 88' lang='lat' dir='ltr'><strong><em>molestus</em></strong></span> <span class='ocrx_word' id='word_1_643' title='bbox 3748 2599 3871 2662; x_wconf 87' lang='lat' dir='ltr'><strong><em>sim</em></strong></span> <span class='ocrx_word' id='word_1_644' title='bbox 3917 2598 4283 2666; x_wconf 88' lang='lat' dir='ltr'><strong><em>lectoribus.</em></strong></span> 
     </span>
    </p>

    <p class='ocr_par' dir='ltr' id='par_1_8' title="bbox 2493 2686 4457 4983">
     <span class='ocr_line' id='line_1_86' title="bbox 2681 2686 4447 2769; baseline 0.001 -18"><span class='ocrx_word' id='word_1_645' title='bbox 2681 2687 2781 2752; x_wconf 88' lang='grc'><strong><em>10.</em></strong></span> <span class='ocrx_word' id='word_1_646' title='bbox 2820 2688 3074 2769; x_wconf 85' lang='lat' dir='ltr'><strong><em>Accepit</em></strong></span> <span class='ocrx_word' id='word_1_647' title='bbox 3106 2686 3321 2753; x_wconf 89' lang='lat' dir='ltr'><strong><em>oleum.</em></strong></span> <span class='ocrx_word' id='word_1_648' title='bbox 3376 2686 3685 2751; x_wconf 84' lang='lat' dir='ltr'><strong><em>Diximus</em></strong></span> <span class='ocrx_word' id='word_1_649' title='bbox 3719 2706 3839 2749; x_wconf 87' lang='lat' dir='ltr'><strong><em>cur</em></strong></span> <span class='ocrx_word' id='word_1_650' title='bbox 3873 2693 4010 2748; x_wconf 87' lang='lat' dir='ltr'><strong><em>tam</em></strong></span> <span class='ocrx_word' id='word_1_651' title='bbox 4045 2686 4447 2752; x_wconf 83' lang='lat' dir='ltr'><strong><em>sacerdotem</em></strong></span> 
     </span>
     <span class='ocr_line' id='line_1_87' title="bbox 2501 2770 4447 2855; baseline 0.002 -20"><span class='ocrx_word' id='word_1_652' title='bbox 2501 2772 2719 2855; x_wconf 87' lang='lat' dir='ltr'><strong><em>ipsum</em></strong></span> <span class='ocrx_word' id='word_1_653' title='bbox 2766 2793 2965 2855; x_wconf 91' lang='lat' dir='ltr'><strong><em>quam</em></strong></span> <span class='ocrx_word' id='word_1_654' title='bbox 3009 2794 3170 2839; x_wconf 86' lang='lat' dir='ltr'><strong><em>vasa</em></strong></span> <span class='ocrx_word' id='word_1_655' title='bbox 3225 2773 3445 2839; x_wconf 90' lang='lat' dir='ltr'><strong><em>omnia</em></strong></span> <span class='ocrx_word' id='word_1_656' title='bbox 3488 2770 3629 2836; x_wconf 89' lang='lat' dir='ltr'><strong><em>oleo</em></strong></span> <span class='ocrx_word' id='word_1_657' title='bbox 3671 2771 4040 2835; x_wconf 86' lang='lat' dir='ltr'><strong><em>consecrari</em></strong></span> <span class='ocrx_word' id='word_1_658' title='bbox 4083 2770 4269 2837; x_wconf 88' lang='lat' dir='ltr'><strong><em>Deus</em></strong></span> <span class='ocrx_word' id='word_1_659' title='bbox 4313 2774 4447 2839; x_wconf 89' lang='lat' dir='ltr'><strong><em>ius-</em></strong></span> 
     </span>
     <span class='ocr_line' id='line_1_88' title="bbox 2504 2856 4448 2941; baseline 0 -17"><span class='ocrx_word' id='word_1_660' title='bbox 2504 2861 2693 2924; x_wconf 89' lang='lat' dir='ltr'><strong><em>serit:</em></strong></span> <span class='ocrx_word' id='word_1_661' title='bbox 2750 2859 2906 2941; x_wconf 90' lang='lat' dir='ltr'><strong><em>quia</em></strong></span> <span class='ocrx_word' id='word_1_662' title='bbox 2959 2859 3204 2925; x_wconf 87' lang='lat' dir='ltr'><strong><em>scilicet</em></strong></span> <span class='ocrx_word' id='word_1_663' title='bbox 3265 2860 3507 2940; x_wconf 89' lang='lat' dir='ltr'><strong><em>absque</em></strong></span> <span class='ocrx_word' id='word_1_664' title='bbox 3561 2857 3829 2940; x_wconf 88' lang='lat' dir='ltr'><strong><em>spiritus</em></strong></span> <span class='ocrx_word' id='word_1_665' title='bbox 3873 2856 4120 2924; x_wconf 82' lang='lat' dir='ltr'><strong><em>virtute</em></strong></span> <span class='ocrx_word' id='word_1_666' title='bbox 4162 2857 4448 2941; x_wconf 87' lang='lat' dir='ltr'><strong><em>insipida</em></strong></span> 
     </span>
     <span class='ocr_line' id='line_1_89' title="bbox 2505 2942 4448 3028; baseline 0 -19"><span class='ocrx_word' id='word_1_667' title='bbox 2505 2954 2725 3010; x_wconf 91' lang='lat' dir='ltr'><strong><em>essent</em></strong></span> <span class='ocrx_word' id='word_1_668' title='bbox 2759 2945 2980 3010; x_wconf 89' lang='lat' dir='ltr'><strong><em>omnia</em></strong></span> <span class='ocrx_word' id='word_1_669' title='bbox 3029 2944 3366 3010; x_wconf 87' lang='lat' dir='ltr'><strong><em>sacrificia.</em></strong></span> <span class='ocrx_word' id='word_1_670' title='bbox 3457 2944 3547 3008; x_wconf 83' lang='lat' dir='ltr'><strong><em>Et</em></strong></span> <span class='ocrx_word' id='word_1_671' title='bbox 3581 2942 3810 3008; x_wconf 88' lang='lat' dir='ltr'><strong><em>eodem</em></strong></span> <span class='ocrx_word' id='word_1_672' title='bbox 3855 2942 4092 3025; x_wconf 88' lang='lat' dir='ltr'><strong><em>spiritu</em></strong></span> <span class='ocrx_word' id='word_1_673' title='bbox 4136 2952 4448 3028; x_wconf 80' lang='lat' dir='ltr'><strong><em>operante</em></strong></span> 
     </span>
     <span class='ocr_line' id='line_1_90' title="bbox 2503 3028 4447 3115; baseline 0 -20"><span class='ocrx_word' id='word_1_674' title='bbox 2503 3031 2713 3096; x_wconf 87' lang='lat' dir='ltr'><strong><em>factus</em></strong></span> <span class='ocrx_word' id='word_1_675' title='bbox 2770 3040 2872 3096; x_wconf 89' lang='lat' dir='ltr'><strong><em>est</em></strong></span> <span class='ocrx_word' id='word_1_676' title='bbox 2913 3030 3221 3097; x_wconf 86' lang='lat' dir='ltr'><strong><em>Ohristus</em></strong></span> <span class='ocrx_word' id='word_1_677' title='bbox 3277 3030 3653 3115; x_wconf 85' lang='lat' dir='ltr'><strong><em>pacificator</em></strong></span> <span class='ocrx_word' id='word_1_678' title='bbox 3707 3029 3884 3093; x_wconf 89' lang='lat' dir='ltr'><strong><em>inter</em></strong></span> <span class='ocrx_word' id='word_1_679' title='bbox 3928 3028 4143 3094; x_wconf 90' lang='lat' dir='ltr'><strong><em>Deum</em></strong></span> <span class='ocrx_word' id='word_1_680' title='bbox 4207 3037 4273 3095; x_wconf 88' lang='lat' dir='ltr'><strong><em>et</em></strong></span> <span class='ocrx_word' id='word_1_681' title='bbox 4328 3030 4447 3095; x_wconf 90' lang='lat' dir='ltr'><strong><em>ho-</em></strong></span> 
     </span>
     <span class='ocr_line' id='line_1_91' title="bbox 2503 3115 4445 3201; baseline 0.001 -21"><span class='ocrx_word' id='word_1_682' title='bbox 2503 3117 2747 3182; x_wconf 88' lang='lat' dir='ltr'><strong><em>mines:</em></strong></span> <span class='ocrx_word' id='word_1_683' title='bbox 2807 3118 2958 3200; x_wconf 86' lang='lat' dir='ltr'><strong><em>quia</em></strong></span> <span class='ocrx_word' id='word_1_684' title='bbox 3015 3117 3176 3182; x_wconf 90' lang='lat' dir='ltr'><strong><em>haec</em></strong></span> <span class='ocrx_word' id='word_1_685' title='bbox 3231 3117 3517 3201; x_wconf 87' lang='lat' dir='ltr'><strong><em>dignitas</em></strong></span> <span class='ocrx_word' id='word_1_686' title='bbox 3568 3115 3637 3179; x_wconf 91' lang='lat' dir='ltr'><strong><em>in</em></strong></span> <span class='ocrx_word' id='word_1_687' title='bbox 3695 3134 3960 3181; x_wconf 88' lang='lat' dir='ltr'><strong><em>carnem</em></strong></span> <span class='ocrx_word' id='word_1_688' title='bbox 4018 3123 4086 3180; x_wconf 90' lang='lat' dir='ltr'><strong><em>et</em></strong></span> <span class='ocrx_word' id='word_1_689' title='bbox 4143 3124 4445 3181; x_wconf 84' lang='lat' dir='ltr'><strong><em>naturam</em></strong></span> 
     </span>
     <span class='ocr_line' id='line_1_92' title="bbox 2504 3200 4448 3286; baseline -0.001 -19"><span class='ocrx_word' id='word_1_690' title='bbox 2504 3203 2860 3267; x_wconf 86' lang='lat' dir='ltr'><strong><em>humanam</em></strong></span> <span class='ocrx_word' id='word_1_691' title='bbox 2941 3203 3184 3286; x_wconf 89' lang='lat' dir='ltr'><strong><em>alioqui</em></strong></span> <span class='ocrx_word' id='word_1_692' title='bbox 3249 3224 3379 3267; x_wconf 90' lang='lat' dir='ltr'><strong><em>non</em></strong></span> <span class='ocrx_word' id='word_1_693' title='bbox 3444 3208 3858 3286; x_wconf 88' lang='lat' dir='ltr'><strong><em>competeret.</em></strong></span> <span class='ocrx_word' id='word_1_694' title='bbox 3968 3200 4226 3267; x_wconf 90' lang='lat' dir='ltr'><strong><em>Unctus</em></strong></span> <span class='ocrx_word' id='word_1_695' title='bbox 4291 3222 4448 3286; x_wconf 88' lang='lat' dir='ltr'><strong><em>ergo</em></strong></span> 
     </span>
     <span class='ocr_line' id='line_1_93' title="bbox 2502 3286 4446 3370; baseline 0.001 -19"><span class='ocrx_word' id='word_1_696' title='bbox 2502 3288 2630 3352; x_wconf 85' lang='lat' dir='ltr'><strong><em>fuit</em></strong></span> <span class='ocrx_word' id='word_1_697' title='bbox 2673 3309 2809 3353; x_wconf 88' lang='lat' dir='ltr'><strong><em>una</em></strong></span> <span class='ocrx_word' id='word_1_698' title='bbox 2852 3310 2996 3354; x_wconf 90' lang='grc'><strong>611111</strong></span> <span class='ocrx_word' id='word_1_699' title='bbox 3043 3290 3195 3362; x_wconf 88' lang='lat' dir='ltr'><strong><em>filiis</em></strong></span> <span class='ocrx_word' id='word_1_700' title='bbox 3240 3296 3587 3370; x_wconf 89' lang='lat' dir='ltr'><strong><em>autequam</em></strong></span> <span class='ocrx_word' id='word_1_701' title='bbox 3630 3286 4053 3351; x_wconf 87' lang='lat' dir='ltr'><strong><em>initiarentur</em></strong></span> <span class='ocrx_word' id='word_1_702' title='bbox 4088 3286 4170 3353; x_wconf 90' lang='lat' dir='ltr'><strong><em>ad</em></strong></span> <span class='ocrx_word' id='word_1_703' title='bbox 4207 3308 4446 3353; x_wconf 91' lang='lat' dir='ltr'><strong><em>munus</em></strong></span> 
     </span>
     <span class='ocr_line' id='line_1_94' title="bbox 2502 3369 4447 3458; baseline 0 -18"><span class='ocrx_word' id='word_1_704' title='bbox 2502 3373 2936 3440; x_wconf 84' lang='lat' dir='ltr'><strong><em>sacerdotale:</em></strong></span> <span class='ocrx_word' id='word_1_705' title='bbox 2990 3395 3143 3439; x_wconf 90' lang='lat' dir='ltr'><strong><em>nam</em></strong></span> <span class='ocrx_word' id='word_1_706' title='bbox 3187 3382 3417 3458; x_wconf 89' lang='lat' dir='ltr'><strong><em>postea</em></strong></span> <span class='ocrx_word' id='word_1_707' title='bbox 3458 3373 3785 3455; x_wconf 88' lang='lat' dir='ltr'><strong><em>sequitur,</em></strong></span> <span class='ocrx_word' id='word_1_708' title='bbox 3845 3369 4201 3438; x_wconf 89' lang='lat' dir='ltr'><strong><em>adductum</em></strong></span> <span class='ocrx_word' id='word_1_709' title='bbox 4246 3374 4447 3440; x_wconf 82' lang='lat' dir='ltr'><strong><em>fuisse</em></strong></span> 
     </span>
     <span class='ocr_line' id='line_1_95' title="bbox 2500 3458 4443 3544; baseline 0.001 -20"><span class='ocrx_word' id='word_1_710' title='bbox 2500 3460 2854 3526; x_wconf 79' lang='lat' dir='ltr'><strong><em>iuvencum</em></strong></span> <span class='ocrx_word' id='word_1_711' title='bbox 2900 3481 3018 3544; x_wconf 89' lang='lat' dir='ltr'><strong><em>pro</em></strong></span> <span class='ocrx_word' id='word_1_712' title='bbox 3063 3468 3346 3543; x_wconf 85' lang='lat' dir='ltr'><strong><em>peccate,</em></strong></span> <span class='ocrx_word' id='word_1_713' title='bbox 3389 3459 3496 3525; x_wconf 90' lang='grc'><strong>6111</strong></span> <span class='ocrx_word' id='word_1_714' title='bbox 3523 3458 3797 3524; x_wconf 90' lang='lat' dir='ltr'><strong><em>Aharon</em></strong></span> <span class='ocrx_word' id='word_1_715' title='bbox 3843 3476 4076 3524; x_wconf 89' lang='lat' dir='ltr'><strong><em>manus</em></strong></span> <span class='ocrx_word' id='word_1_716' title='bbox 4117 3459 4443 3542; x_wconf 89' lang='lat' dir='ltr'><strong><em>imposuit.</em></strong></span> 
     </span>
     <span class='ocr_line' id='line_1_96' title="bbox 2501 3544 4444 3628; baseline 0.001 -18"><span class='ocrx_word' id='word_1_717' title='bbox 2501 3546 2648 3611; x_wconf 85' lang='lat' dir='ltr'><strong><em>Etsi</em></strong></span> <span class='ocrx_word' id='word_1_718' title='bbox 2718 3555 2937 3611; x_wconf 91' lang='lat' dir='ltr'><strong><em>autem</em></strong></span> <span class='ocrx_word' id='word_1_719' title='bbox 3000 3547 3131 3610; x_wconf 91' lang='lat' dir='ltr'><strong><em>iam</em></strong></span> <span class='ocrx_word' id='word_1_720' title='bbox 3197 3556 3353 3611; x_wconf 89' lang='lat' dir='ltr'><strong><em>tunc</em></strong></span> <span class='ocrx_word' id='word_1_721' title='bbox 3421 3544 3690 3628; x_wconf 86' lang='lat' dir='ltr'><strong><em>defungi</em></strong></span> <span class='ocrx_word' id='word_1_722' title='bbox 3753 3544 3963 3609; x_wconf 89' lang='lat' dir='ltr'><strong><em>officio</em></strong></span> <span class='ocrx_word' id='word_1_723' title='bbox 4029 3565 4147 3610; x_wconf 87' lang='grc'><strong>6110</strong></span> <span class='ocrx_word' id='word_1_724' title='bbox 4212 3547 4444 3628; x_wconf 90' lang='lat' dir='ltr'><strong><em>coepit,</em></strong></span> 
     </span>
     <span class='ocr_line' id='line_1_97' title="bbox 2500 3628 4442 3716; baseline 0.001 -21"><span class='ocrx_word' id='word_1_725' title='bbox 2500 3632 2749 3715; x_wconf 88' lang='lat' dir='ltr'><strong><em>primas</em></strong></span> <span class='ocrx_word' id='word_1_726' title='bbox 2793 3643 3010 3697; x_wconf 87' lang='lat' dir='ltr'><strong><em>tamen</em></strong></span> <span class='ocrx_word' id='word_1_727' title='bbox 3058 3644 3277 3716; x_wconf 90' lang='lat' dir='ltr'><strong><em>partes</em></strong></span> <span class='ocrx_word' id='word_1_728' title='bbox 3320 3630 3533 3696; x_wconf 90' lang='lat' dir='ltr'><strong><em>adhuc</em></strong></span> <span class='ocrx_word' id='word_1_729' title='bbox 3568 3629 3855 3695; x_wconf 87' lang='lat' dir='ltr'><strong><em>obtinuit</em></strong></span> <span class='ocrx_word' id='word_1_730' title='bbox 3876 3628 4112 3709; x_wconf 87' lang='lat' dir='ltr'><strong><em>Moses,</em></strong></span> <span class='ocrx_word' id='word_1_731' title='bbox 4159 3638 4226 3695; x_wconf 89' lang='lat' dir='ltr'><strong><em>et</em></strong></span> <span class='ocrx_word' id='word_1_732' title='bbox 4260 3633 4442 3715; x_wconf 88' lang='lat' dir='ltr'><strong><em>quasi</em></strong></span> 
     </span>
     <span class='ocr_line' id='line_1_98' title="bbox 2499 3716 4448 3802; baseline -0.001 -20"><span class='ocrx_word' id='word_1_733' title='bbox 2499 3728 2865 3783; x_wconf 87' lang='lat' dir='ltr'><strong><em>extremum</em></strong></span> <span class='ocrx_word' id='word_1_734' title='bbox 2913 3727 3132 3784; x_wconf 85' lang='lat' dir='ltr'><strong><em>actum</em></strong></span> <span class='ocrx_word' id='word_1_735' title='bbox 3171 3718 3439 3802; x_wconf 86' lang='lat' dir='ltr'><strong><em>peregit.</em></strong></span> <span class='ocrx_word' id='word_1_736' title='bbox 3529 3717 3708 3782; x_wconf 89' lang='lat' dir='ltr'><strong><em>Hinc</em></strong></span> <span class='ocrx_word' id='word_1_737' title='bbox 3752 3716 3994 3780; x_wconf 85' lang='lat' dir='ltr'><strong><em>factum</em></strong></span> <span class='ocrx_word' id='word_1_738' title='bbox 4041 3722 4141 3781; x_wconf 85' lang='lat' dir='ltr'><strong><em>est</em></strong></span> <span class='ocrx_word' id='word_1_739' title='bbox 4183 3726 4258 3781; x_wconf 90' lang='lat' dir='ltr'><strong><em>ut</em></strong></span> <span class='ocrx_word' id='word_1_740' title='bbox 4301 3737 4448 3782; x_wconf 88' lang='lat' dir='ltr'><strong><em>san-</em></strong></span> 
     </span>
     <span class='ocr_line' id='line_1_99' title="bbox 2499 3800 4442 3887; baseline 0 -19"><span class='ocrx_word' id='word_1_741' title='bbox 2499 3804 2700 3887; x_wconf 90' lang='lat' dir='ltr'><strong><em>guine</em></strong></span> <span class='ocrx_word' id='word_1_742' title='bbox 2745 3814 3120 3887; x_wconf 83' lang='lat' dir='ltr'><strong><em>aspergeret</em></strong></span> <span class='ocrx_word' id='word_1_743' title='bbox 3161 3824 3405 3869; x_wconf 89' lang='lat' dir='ltr'><strong><em>cornua</em></strong></span> <span class='ocrx_word' id='word_1_744' title='bbox 3449 3802 3692 3880; x_wconf 86' lang='lat' dir='ltr'><strong><em>altaris,</em></strong></span> <span class='ocrx_word' id='word_1_745' title='bbox 3738 3800 4072 3866; x_wconf 86' lang='lat' dir='ltr'><strong><em>residuum</em></strong></span> <span class='ocrx_word' id='word_1_746' title='bbox 4117 3801 4199 3867; x_wconf 89' lang='lat' dir='ltr'><strong><em>ad</em></strong></span> <span class='ocrx_word' id='word_1_747' title='bbox 4233 3801 4442 3869; x_wconf 85' lang='lat' dir='ltr'><strong><em>basim</em></strong></span> 
     </span>
     <span class='ocr_line' id='line_1_100' title="bbox 2497 3888 4444 3974; baseline 0.001 -21"><span class='ocrx_word' id='word_1_748' title='bbox 2497 3890 2803 3955; x_wconf 82' lang='lat' dir='ltr'><strong><em>funderet</em></strong></span> <span class='ocrx_word' id='word_1_749' title='bbox 2824 3891 3216 3974; x_wconf 84' lang='lat' dir='ltr'><strong><em>expiationis</em></strong></span> <span class='ocrx_word' id='word_1_750' title='bbox 3239 3911 3453 3967; x_wconf 88' lang='lat' dir='ltr'><strong><em>causa,</em></strong></span> <span class='ocrx_word' id='word_1_751' title='bbox 3491 3889 3780 3955; x_wconf 88' lang='lat' dir='ltr'><strong><em>adoleret</em></strong></span> <span class='ocrx_word' id='word_1_752' title='bbox 3821 3888 4208 3954; x_wconf 86' lang='lat' dir='ltr'><strong><em>sacrificium</em></strong></span> <span class='ocrx_word' id='word_1_753' title='bbox 4247 3910 4444 3973; x_wconf 88' lang='lat' dir='ltr'><strong><em>super</em></strong></span> 
     </span>
     <span class='ocr_line' id='line_1_101' title="bbox 2498 3972 4457 4058; baseline -0.001 -17"><span class='ocrx_word' id='word_1_754' title='bbox 2498 3976 2724 4041; x_wconf 88' lang='lat' dir='ltr'><strong><em>altare.</em></strong></span> <span class='ocrx_word' id='word_1_755' title='bbox 2811 3976 3017 4041; x_wconf 90' lang='lat' dir='ltr'><strong><em>Porro</em></strong></span> <span class='ocrx_word' id='word_1_756' title='bbox 3061 3997 3374 4041; x_wconf 88' lang='lat' dir='ltr'><strong><em>manuum</em></strong></span> <span class='ocrx_word' id='word_1_757' title='bbox 3436 3975 3763 4058; x_wconf 89' lang='lat' dir='ltr'><strong><em>impositio</em></strong></span> <span class='ocrx_word' id='word_1_758' title='bbox 3808 3972 3879 4036; x_wconf 90' lang='lat' dir='ltr'><strong><em>in</em></strong></span> <span class='ocrx_word' id='word_1_759' title='bbox 3936 3973 4266 4039; x_wconf 88' lang='lat' dir='ltr'><strong><em>sacrificiis</em></strong></span> <span class='ocrx_word' id='word_1_760' title='bbox 4311 3997 4457 4040; x_wconf 51' lang='grc' dir='ltr'><strong><em>11011ν</em></strong></span> 
     </span>
     <span class='ocr_line' id='line_1_102' title="bbox 2498 4057 4440 4146; baseline -0.001 -19"><span class='ocrx_word' id='word_1_761' title='bbox 2498 4060 2693 4127; x_wconf 89' lang='lat' dir='ltr'><strong><em>modo</em></strong></span> <span class='ocrx_word' id='word_1_762' title='bbox 2750 4061 3116 4146; x_wconf 81' lang='lat' dir='ltr'><strong><em>symbolum</em></strong></span> <span class='ocrx_word' id='word_1_763' title='bbox 3186 4061 3532 4127; x_wconf 88' lang='lat' dir='ltr'><strong><em>oblationis</em></strong></span> <span class='ocrx_word' id='word_1_764' title='bbox 3595 4060 3752 4135; x_wconf 86' lang='lat' dir='ltr'><strong><em>fuit,</em></strong></span> <span class='ocrx_word' id='word_1_765' title='bbox 3819 4057 3933 4123; x_wconf 89' lang='lat' dir='ltr'><strong><em>sed</em></strong></span> <span class='ocrx_word' id='word_1_766' title='bbox 3999 4060 4440 4125; x_wconf 85' lang='lat' dir='ltr'><strong><em>testimonium</em></strong></span> 
     </span>
     <span class='ocr_line' id='line_1_103' title="bbox 2498 4144 4440 4227; baseline -0.001 -14"><span class='ocrx_word' id='word_1_767' title='bbox 2498 4156 2723 4213; x_wconf 89' lang='lat' dir='ltr'><strong><em>reatus</em></strong></span> <span class='ocrx_word' id='word_1_768' title='bbox 2777 4149 2851 4212; x_wconf 92' lang='lat' dir='ltr'><strong><em>in</em></strong></span> <span class='ocrx_word' id='word_1_769' title='bbox 2918 4148 3198 4213; x_wconf 87' lang='lat' dir='ltr'><strong><em>hostiam</em></strong></span> <span class='ocrx_word' id='word_1_770' title='bbox 3267 4147 3589 4212; x_wconf 88' lang='lat' dir='ltr'><strong><em>translati.</em></strong></span> <span class='ocrx_word' id='word_1_771' title='bbox 3689 4144 3865 4226; x_wconf 76' lang='lat' dir='ltr'><strong><em>Quia</em></strong></span> <span class='ocrx_word' id='word_1_772' title='bbox 3931 4145 4053 4209; x_wconf 91' lang='lat' dir='ltr'><strong><em>hoc</em></strong></span> <span class='ocrx_word' id='word_1_773' title='bbox 4117 4147 4440 4227; x_wconf 88' lang='lat' dir='ltr'><strong><em>posterius</em></strong></span> 
     </span>
     <span class='ocr_line' id='line_1_104' title="bbox 2497 4230 4439 4317; baseline -0.001 -18"><span class='ocrx_word' id='word_1_774' title='bbox 2497 4242 2767 4317; x_wconf 87' lang='lat' dir='ltr'><strong><em>propter</em></strong></span> <span class='ocrx_word' id='word_1_775' title='bbox 2823 4235 3210 4300; x_wconf 84' lang='lat' dir='ltr'><strong><em>brevitatem</em></strong></span> <span class='ocrx_word' id='word_1_776' title='bbox 3257 4235 3603 4300; x_wconf 90' lang='lat' dir='ltr'><strong><em>obscurum</em></strong></span> <span class='ocrx_word' id='word_1_777' title='bbox 3671 4240 3874 4310; x_wconf 89' lang='lat' dir='ltr'><strong><em>esset,</em></strong></span> <span class='ocrx_word' id='word_1_778' title='bbox 3940 4230 4134 4312; x_wconf 85' lang='lat' dir='ltr'><strong><em>paulo</em></strong></span> <span class='ocrx_word' id='word_1_779' title='bbox 4197 4230 4439 4298; x_wconf 87' lang='lat' dir='ltr'><strong><em>clarius</em></strong></span> 
     </span>
     <span class='ocr_line' id='line_1_105' title="bbox 2498 4316 4438 4403; baseline -0.002 -18"><span class='ocrx_word' id='word_1_780' title='bbox 2498 4338 2845 4402; x_wconf 83' lang='lat' dir='ltr'><strong><em>exponam.</em></strong></span> <span class='ocrx_word' id='word_1_781' title='bbox 2936 4320 3012 4384; x_wconf 79' lang='lat' dir='ltr'><strong><em>Si</em></strong></span> <span class='ocrx_word' id='word_1_782' title='bbox 3056 4322 3201 4403; x_wconf 90' lang='lat' dir='ltr'><strong><em>quis</em></strong></span> <span class='ocrx_word' id='word_1_783' title='bbox 3244 4321 3541 4403; x_wconf 89' lang='lat' dir='ltr'><strong><em>privatus</em></strong></span> <span class='ocrx_word' id='word_1_784' title='bbox 3584 4318 3913 4385; x_wconf 87' lang='lat' dir='ltr'><strong><em>victimam</em></strong></span> <span class='ocrx_word' id='word_1_785' title='bbox 3960 4316 4301 4398; x_wconf 87' lang='lat' dir='ltr'><strong><em>offerebat,</em></strong></span> <span class='ocrx_word' id='word_1_786' title='bbox 4355 4317 4438 4383; x_wconf 92' lang='lat' dir='ltr'><strong><em>ad</em></strong></span> 
     </span>
     <span class='ocr_line' id='line_1_106' title="bbox 2497 4402 4436 4487; baseline -0.001 -17"><span class='ocrx_word' id='word_1_787' title='bbox 2497 4405 2622 4470; x_wconf 91' lang='grc'><strong>1106</strong></span> <span class='ocrx_word' id='word_1_788' title='bbox 2664 4406 2929 4471; x_wconf 86' lang='lat' dir='ltr'><strong><em>valebat</em></strong></span> <span class='ocrx_word' id='word_1_789' title='bbox 2979 4426 3297 4471; x_wconf 89' lang='lat' dir='ltr'><strong><em>manuum</em></strong></span> <span class='ocrx_word' id='word_1_790' title='bbox 3359 4405 3718 4487; x_wconf 77' lang='lat' dir='ltr'><strong><em>impositiO,</em></strong></span> <span class='ocrx_word' id='word_1_791' title='bbox 3784 4425 3859 4468; x_wconf 90' lang='lat' dir='ltr'><strong><em>ac</em></strong></span> <span class='ocrx_word' id='word_1_792' title='bbox 3918 4402 3972 4467; x_wconf 88' lang='lat' dir='ltr'><strong><em>si</em></strong></span> <span class='ocrx_word' id='word_1_793' title='bbox 4033 4405 4278 4484; x_wconf 88' lang='lat' dir='ltr'><strong><em>peccati</em></strong></span> <span class='ocrx_word' id='word_1_794' title='bbox 4336 4405 4436 4469; x_wconf 88' lang='lat' dir='ltr'><strong><em>sui</em></strong></span> 
     </span>
     <span class='ocr_line' id='line_1_107' title="bbox 2497 4483 4437 4575; baseline -0.002 -20"><span class='ocrx_word' id='word_1_795' title='bbox 2497 4512 2744 4557; x_wconf 88' lang='lat' dir='ltr'><strong><em>noxam</em></strong></span> <span class='ocrx_word' id='word_1_796' title='bbox 2787 4492 2853 4555; x_wconf 93' lang='grc'><strong><em>111</em></strong></span> <span class='ocrx_word' id='word_1_797' title='bbox 2899 4483 3234 4557; x_wconf 51' lang='grc'><strong>116111116111</strong></span> <span class='ocrx_word' id='word_1_798' title='bbox 3282 4492 3491 4575; x_wconf 90' lang='lat' dir='ltr'><strong><em>ipsam</em></strong></span> <span class='ocrx_word' id='word_1_799' title='bbox 3535 4490 3902 4556; x_wconf 84' lang='lat' dir='ltr'><strong><em>coniiceret.</em></strong></span> <span class='ocrx_word' id='word_1_800' title='bbox 3991 4488 4156 4552; x_wconf 91' lang='lat' dir='ltr'><strong><em>Inde</em></strong></span> <span class='ocrx_word' id='word_1_801' title='bbox 4198 4508 4437 4553; x_wconf 90' lang='lat' dir='ltr'><strong><em>nomen</em></strong></span> 
     </span>
     <span class='ocr_line' id='line_1_108' title="bbox 2496 4572 4436 4662; baseline -0.003 -21"><span class='ocrx_word' id='word_1_802' title='bbox 2496 4575 2769 4662; x_wconf 89' lang='lat' dir='ltr'><strong><em>piaculi:</em></strong></span> <span class='ocrx_word' id='word_1_803' title='bbox 2827 4578 2980 4660; x_wconf 90' lang='lat' dir='ltr'><strong><em>quia</em></strong></span> <span class='ocrx_word' id='word_1_804' title='bbox 3037 4577 3559 4643; x_wconf 87' lang='lat' dir='ltr'><strong><em>maledictionem</em></strong></span> <span class='ocrx_word' id='word_1_805' title='bbox 3621 4576 3745 4641; x_wconf 90' lang='lat' dir='ltr'><strong><em>Dei</em></strong></span> <span class='ocrx_word' id='word_1_806' title='bbox 3803 4573 4115 4654; x_wconf 86' lang='lat' dir='ltr'><strong><em>sustinet,</em></strong></span> <span class='ocrx_word' id='word_1_807' title='bbox 4173 4572 4436 4640; x_wconf 84' lang='lat' dir='ltr'><strong><em>subiici-</em></strong></span> 
     </span>
     <span class='ocr_line' id='line_1_109' title="bbox 2494 4662 4439 4746; baseline -0.003 -18"><span class='ocrx_word' id='word_1_808' title='bbox 2494 4671 2607 4728; x_wconf 90' lang='lat' dir='ltr'><strong><em>tur</em></strong></span> <span class='ocrx_word' id='word_1_809' title='bbox 2652 4683 2736 4726; x_wconf 89' lang='lat' dir='ltr'><strong><em>ue</em></strong></span> <span class='ocrx_word' id='word_1_810' title='bbox 2794 4662 2866 4727; x_wconf 91' lang='lat' dir='ltr'><strong><em>in</em></strong></span> <span class='ocrx_word' id='word_1_811' title='bbox 2927 4664 3138 4729; x_wconf 90' lang='lat' dir='ltr'><strong><em>locum</em></strong></span> <span class='ocrx_word' id='word_1_812' title='bbox 3199 4663 3587 4746; x_wconf 77' lang='lat' dir='ltr'><strong><em>peccatoria,</em></strong></span> <span class='ocrx_word' id='word_1_813' title='bbox 3641 4662 3750 4744; x_wconf 92' lang='lat' dir='ltr'><strong><em>qui</em></strong></span> <span class='ocrx_word' id='word_1_814' title='bbox 3808 4664 3877 4724; x_wconf 90' lang='lat' dir='ltr'><strong><em>in</em></strong></span> <span class='ocrx_word' id='word_1_815' title='bbox 3937 4680 4081 4724; x_wconf 89' lang='lat' dir='ltr'><strong><em>eam</em></strong></span> <span class='ocrx_word' id='word_1_816' title='bbox 4127 4667 4439 4723; x_wconf 83' lang='lat' dir='ltr'><strong><em>exonerat</em></strong></span> 
     </span>
     <span class='ocr_line' id='line_1_110' title="bbox 2495 4683 4436 4833; baseline -0.002 -19"><span class='ocrx_word' id='word_1_817' title='bbox 2495 4683 2807 4833; x_wconf 67' lang='lat' dir='ltr'><strong><em>quidquid</em></strong></span> <span class='ocrx_word' id='word_1_818' title='bbox 2871 4769 3021 4813; x_wconf 87' lang='lat' dir='ltr'><strong><em>eum</em></strong></span> <span class='ocrx_word' id='word_1_819' title='bbox 3080 4749 3206 4815; x_wconf 90' lang='lat' dir='ltr'><strong><em>Dei</em></strong></span> <span class='ocrx_word' id='word_1_820' title='bbox 3259 4749 3499 4816; x_wconf 88' lang='lat' dir='ltr'><strong><em>iudicio</em></strong></span> <span class='ocrx_word' id='word_1_821' title='bbox 3559 4747 3910 4814; x_wconf 87' lang='lat' dir='ltr'><strong><em>obnoxium</em></strong></span> <span class='ocrx_word' id='word_1_822' title='bbox 3978 4743 4211 4809; x_wconf 88' lang='lat' dir='ltr'><strong><em>reddit.</em></strong></span> <span class='ocrx_word' id='word_1_823' title='bbox 4300 4742 4436 4810; x_wconf 83' lang='lat' dir='ltr'><strong><em>Sed</em></strong></span> 
     </span>
     <span class='ocr_line' id='line_1_111' title="bbox 2493 4830 4435 4983; baseline -0.002 -85"><span class='ocrx_word' id='word_1_824' title='bbox 2493 4836 2644 4983; x_wconf 60' lang='grc' dir='ltr'><strong>Ἐ116</strong></span> <span class='ocrx_word' id='word_1_825' title='bbox 2687 4833 2998 4919; x_wconf 89' lang='lat' dir='ltr'><strong><em>indignae</em></strong></span> <span class='ocrx_word' id='word_1_826' title='bbox 3042 4845 3231 4900; x_wconf 88' lang='lat' dir='ltr'><strong><em>erant</em></strong></span> <span class='ocrx_word' id='word_1_827' title='bbox 3275 4836 3582 4919; x_wconf 82' lang='lat' dir='ltr'><strong><em>vulgares</em></strong></span> <span class='ocrx_word' id='word_1_828' title='bbox 3628 4854 3861 4899; x_wconf 88' lang='lat' dir='ltr'><strong><em>manus</em></strong></span> <span class='ocrx_word' id='word_1_829' title='bbox 3903 4852 4066 4914; x_wconf 87' lang='lat' dir='ltr'><strong><em>quae</em></strong></span> <span class='ocrx_word' id='word_1_830' title='bbox 4104 4830 4435 4895; x_wconf 85' lang='lat' dir='ltr'><strong><em>victimam</em></strong></span> 
     </span>
    </p>

    <p class='ocr_par' dir='ltr' id='par_1_9' title="bbox 2493 4914 4441 5434">
     <span class='ocr_line' id='line_1_112' title="bbox 2564 4914 4434 5001; baseline -0.001 -17"><span class='ocrx_word' id='word_1_831' title='bbox 2564 4940 2639 4985; x_wconf 90' lang='grc'><strong><em>60</em></strong></span> <span class='ocrx_word' id='word_1_832' title='bbox 2674 4929 3152 5001; x_wconf 87' lang='lat' dir='ltr'><strong><em>consecrarent,</em></strong></span> <span class='ocrx_word' id='word_1_833' title='bbox 3191 4923 3459 4987; x_wconf 86' lang='lat' dir='ltr'><strong><em>accessit</em></strong></span> <span class='ocrx_word' id='word_1_834' title='bbox 3499 4942 3739 4986; x_wconf 89' lang='lat' dir='ltr'><strong><em>munus</em></strong></span> <span class='ocrx_word' id='word_1_835' title='bbox 3775 4916 4188 4983; x_wconf 88' lang='lat' dir='ltr'><strong><em>sacerdotale.</em></strong></span> <span class='ocrx_word' id='word_1_836' title='bbox 4246 4914 4434 4983; x_wconf 83' lang='lat' dir='ltr'><strong><em>Haec</em></strong></span> 
     </span>
     <span class='ocr_line' id='line_1_113' title="bbox 2494 5002 4434 5091; baseline -0.001 -22"><span class='ocrx_word' id='word_1_837' title='bbox 2494 5007 2662 5071; x_wconf 89' lang='lat' dir='ltr'><strong><em>ratio</em></strong></span> <span class='ocrx_word' id='word_1_838' title='bbox 2708 5016 2809 5070; x_wconf 88' lang='lat' dir='ltr'><strong><em>est</em></strong></span> <span class='ocrx_word' id='word_1_839' title='bbox 2851 5027 2967 5072; x_wconf 89' lang='lat' dir='ltr'><strong><em>cur</em></strong></span> <span class='ocrx_word' id='word_1_840' title='bbox 3011 5008 3290 5091; x_wconf 90' lang='lat' dir='ltr'><strong><em>singulis</em></strong></span> <span class='ocrx_word' id='word_1_841' title='bbox 3337 5008 3672 5074; x_wconf 86' lang='lat' dir='ltr'><strong><em>sacrificiis</em></strong></span> <span class='ocrx_word' id='word_1_842' title='bbox 3718 5025 3950 5069; x_wconf 86' lang='lat' dir='ltr'><strong><em>manus</em></strong></span> <span class='ocrx_word' id='word_1_843' title='bbox 4000 5002 4434 5081; x_wconf 88' lang='lat' dir='ltr'><strong><em>imposuerint</em></strong></span> 
     </span>
     <span class='ocr_line' id='line_1_114' title="bbox 2496 5087 4441 5176; baseline -0.002 -19"><span class='ocrx_word' id='word_1_844' title='bbox 2496 5090 2769 5157; x_wconf 89' lang='lat' dir='ltr'><strong><em>Aharon</em></strong></span> <span class='ocrx_word' id='word_1_845' title='bbox 2811 5100 2879 5157; x_wconf 91' lang='lat' dir='ltr'><strong><em>et</em></strong></span> <span class='ocrx_word' id='word_1_846' title='bbox 2921 5092 3067 5171; x_wconf 90' lang='lat' dir='ltr'><strong><em>filii,</em></strong></span> <span class='ocrx_word' id='word_1_847' title='bbox 3129 5102 3207 5157; x_wconf 90' lang='lat' dir='ltr'><strong><em>ut</em></strong></span> <span class='ocrx_word' id='word_1_848' title='bbox 3258 5092 3380 5158; x_wconf 90' lang='lat' dir='ltr'><strong><em>hoc</em></strong></span> <span class='ocrx_word' id='word_1_849' title='bbox 3423 5092 3660 5176; x_wconf 87' lang='lat' dir='ltr'><strong><em>piaculi</em></strong></span> <span class='ocrx_word' id='word_1_850' title='bbox 3707 5110 3911 5174; x_wconf 88' lang='lat' dir='ltr'><strong><em>genus</em></strong></span> <span class='ocrx_word' id='word_1_851' title='bbox 3955 5087 4215 5151; x_wconf 86' lang='lat' dir='ltr'><strong><em>initium</em></strong></span> <span class='ocrx_word' id='word_1_852' title='bbox 4262 5096 4441 5154; x_wconf 87' lang='lat' dir='ltr'><strong><em>esset</em></strong></span> 
     </span>
     <span class='ocr_line' id='line_1_115' title="bbox 2494 5173 4434 5262; baseline -0.003 -17"><span class='ocrx_word' id='word_1_853' title='bbox 2494 5178 2999 5245; x_wconf 89' lang='lat' dir='ltr'><strong><em>consecrationis</em></strong></span> <span class='ocrx_word' id='word_1_854' title='bbox 3043 5199 3207 5262; x_wconf 89' lang='lat' dir='ltr'><strong><em>quae</em></strong></span> <span class='ocrx_word' id='word_1_855' title='bbox 3251 5179 3514 5244; x_wconf 87' lang='lat' dir='ltr'><strong><em>tandem</em></strong></span> <span class='ocrx_word' id='word_1_856' title='bbox 3575 5179 3745 5242; x_wconf 85' lang='lat' dir='ltr'><strong><em>facta</em></strong></span> <span class='ocrx_word' id='word_1_857' title='bbox 3800 5183 3901 5240; x_wconf 87' lang='lat' dir='ltr'><strong><em>est</em></strong></span> <span class='ocrx_word' id='word_1_858' title='bbox 3954 5173 4027 5236; x_wconf 91' lang='lat' dir='ltr'><strong><em>in</em></strong></span> <span class='ocrx_word' id='word_1_859' title='bbox 4085 5173 4287 5238; x_wconf 89' lang='lat' dir='ltr'><strong><em>ariete</em></strong></span> <span class='ocrx_word' id='word_1_860' title='bbox 4331 5195 4434 5239; x_wconf 91' lang='lat' dir='ltr'><strong><em>se-</em></strong></span> 
     </span>
     <span class='ocr_line' id='line_1_116' title="bbox 2493 5258 4432 5350; baseline -0.002 -21"><span class='ocrx_word' id='word_1_861' title='bbox 2493 5262 2727 5344; x_wconf 84' lang='lat' dir='ltr'><strong><em>cunde,</em></strong></span> <span class='ocrx_word' id='word_1_862' title='bbox 2768 5265 2956 5331; x_wconf 86' lang='lat' dir='ltr'><strong><em>cuius</em></strong></span> <span class='ocrx_word' id='word_1_863' title='bbox 2999 5266 3320 5350; x_wconf 90' lang='lat' dir='ltr'><strong><em>sanguine</em></strong></span> <span class='ocrx_word' id='word_1_864' title='bbox 3356 5265 3556 5329; x_wconf 89' lang='lat' dir='ltr'><strong><em>tinxit</em></strong></span> <span class='ocrx_word' id='word_1_865' title='bbox 3577 5263 3795 5328; x_wconf 83' lang='lat' dir='ltr'><strong><em>Moses</em></strong></span> <span class='ocrx_word' id='word_1_866' title='bbox 3839 5258 4162 5325; x_wconf 86' lang='lat' dir='ltr'><strong><em>auriculas</em></strong></span> <span class='ocrx_word' id='word_1_867' title='bbox 4201 5280 4432 5326; x_wconf 87' lang='lat' dir='ltr'><strong><em>eorum</em></strong></span> 
     </span>
     <span class='ocr_line' id='line_1_117' title="bbox 2495 5343 4430 5434; baseline -0.001 -19"><span class='ocrx_word' id='word_1_868' title='bbox 2495 5350 2796 5429; x_wconf 89' lang='lat' dir='ltr'><strong><em>dextras,</em></strong></span> <span class='ocrx_word' id='word_1_869' title='bbox 2863 5351 3129 5434; x_wconf 88' lang='lat' dir='ltr'><strong><em>pollices</em></strong></span> <span class='ocrx_word' id='word_1_870' title='bbox 3185 5373 3422 5418; x_wconf 88' lang='lat' dir='ltr'><strong><em>manus</em></strong></span> <span class='ocrx_word' id='word_1_871' title='bbox 3478 5351 3777 5425; x_wconf 85' lang='lat' dir='ltr'><strong><em>dextrae,</em></strong></span> <span class='ocrx_word' id='word_1_872' title='bbox 3834 5353 3899 5411; x_wconf 87' lang='lat' dir='ltr'><strong><em>et</em></strong></span> <span class='ocrx_word' id='word_1_873' title='bbox 3954 5343 4138 5428; x_wconf 90' lang='lat' dir='ltr'><strong><em>pedis</em></strong></span> <span class='ocrx_word' id='word_1_874' title='bbox 4195 5346 4430 5414; x_wconf 87' lang='lat' dir='ltr'><strong><em>dextri.</em></strong></span> 
     </span>
    </p>

    <p class='ocr_par' dir='ltr' id='par_1_10' title="bbox 3958 5446 4026 5501">
     <span class='ocr_line' id='line_1_118' title="bbox 3958 5446 4026 5501; baseline 0 -24"><span class='ocrx_word' id='word_1_875' title='bbox 3958 5446 4026 5501; x_wconf 61' lang='grc'><strong><em>9*</em></strong></span> 
     </span>
    </p>
   </div>
  </div>
 </body>
</html>
