5017 6142
996 1730 1795 1828 SANCTIONES
1861 1733 1955 1826 A
2018 1729 3101 1828 PROMISSIONIBUS
3168 1731 3332 1825 ET
3393 1727 3792 1827 MINIS.
3832 1726 3887 1829 1)

993 2034 1127 2101 EX
1167 2032 1475 2101 LEVI'D.
1520 2032 1788 2100 XVIII.

618 2207 680 2276 5.
743 2206 2374 2289 Custoditestatutamea,etiudiciamea,quae

410 2291 1505 2378 homosifaciat,vivetiuipsis.

994 2634 1127 2701 EX
1169 2633 1440 2702 DEUT.
1485 2633 1787 2701 XXVII.

591 2807 689 2873 11.
742 2804 1185 2889 Praecepitque
1244 2803 1454 2872 Moses
1498 2806 1737 2889 populo
1778 2826 1846 2872 eo
1891 2805 1998 2873 die
2013 2857 2028 2886 ,
2085 2782 2374 2873 diceudo⁴s

414 2895 515 2961 12.
554 2893 652 2959 Hi
686 2893 934 2959 stabunt
968 2892 1055 2960 ad
1096 2891 1570 2958 benedicendum
1602 2893 1839 2975 populo
1881 2912 2071 2976 super
2111 2895 2373 2958 montem

416 2980 729 3059 Garieim,
764 2978 1013 3061 quando
1046 2978 1381 3045 transieris
1415 2978 1773 3058 Iordanem,
1826 2977 2062 3060 Simon,
2105 2983 2164 3044 et
2197 2977 2371 3057 Levi,

407 3073 464 3134 et
499 3066 692 3143 Iuda,
736 3069 793 3130 et
828 3063 1149 3139 Issachar,
1190 3069 1247 3129 et
1269 3062 1519 3149 Ioseph,
1564 3069 1622 3130 et
1663 3063 2040 3131 Beniamin.-
2105 3063 2206 3129 13.
2245 3062 2374 3130 Isti

407 3174 550 3219 vero
605 3152 855 3219 stabunt
898 3150 985 3218 ad
1027 3150 1515 3217 maledictionem
1556 3150 1627 3216 iu
1660 3155 1860 3217 monte
1900 3149 2085 3230 Ebal,
2134 3150 2372 3228 Ruben,

416 3239 585 3319 Gad,
629 3243 687 3304 et
725 3236 913 3316 Aser,
957 3241 1014 3301 et
1055 3235 1345 3314 Zabulon,
1390 3240 1445 3301 et
1488 3235 1849 3318 Nephthali.
1941 3236 2041 3303 14.
2089 3236 2373 3318 Loquen-

408 3323 1086 3401 turautemLevitae,
1147 3321 2378 3389 acdicentadomnemvirumlsrael

409 3432 549 3479 voce
581 3410 857 3477 excelsa.-
929 3407 1030 3475 15.
1077 3406 1457 3475 Maledictus
1487 3408 1591 3474 vir
1624 3407 1731 3475 ille
1763 3409 1875 3492 qui
1913 3408 2130 3493 fecerit
2168 3409 2374 3492 sculp-

409 3498 538 3572 tile,
573 3502 630 3562 et
661 3495 979 3576 conflatile,
1014 3494 1534 3561 abominationem
1555 3492 1839 3572 Iehovae,
1875 3514 2033 3577 opus
2073 3515 2378 3561 mortuum

409 3583 707 3665 artificis,
773 3585 827 3647 et
878 3581 1166 3663 posuerit
1228 3581 1300 3646 iu
1367 3579 1749 3648 abscondito.-
1810 3584 1868 3647 et
1929 3581 2379 3664 respondebunt

409 3670 746 3735 universus
785 3667 1083 3754 populus,
1141 3687 1216 3734 ac
1255 3666 1487 3743 dicent,
1543 3665 1768 3733 Amen.
1854 3667 1955 3733 16.
2001 3665 2380 3733 Maledictus

410 3755 522 3838 qui
573 3753 979 3835 vilipenderit
1019 3757 1270 3834 patrem
1323 3773 1516 3820 suum
1531 3803 1547 3831 ,
1608 3757 1722 3820 aut
1761 3757 2023 3819 matrem
2062 3772 2280 3818 suam:
2323 3758 2382 3818 et

412 3840 568 3906 dicet
622 3839 958 3906 universus
989 3839 1305 3921 populus,
1374 3839 1601 3905 Amen.
1692 3839 1794 3906 17.
1841 3838 2223 3907 Maledictus
2263 3839 2377 3922 qui

412 3924 713 4008 transfert
750 3924 1085 3990 terminum
1115 3925 1406 4007 proximi
1431 3926 1569 3991 sui.-
1610 3929 1667 3989 et
1705 3925 1864 3992 dicet
1897 3924 2232 3991 universus
2260 3944 2377 4006 po-

401 4011 621 4093 pulus,
669 4011 895 4077 Amen.
982 4009 1087 4075 18.
1134 4009 1516 4077 Maledictus
1558 4010 1671 4093 qui
1712 4011 2007 4077 aberrare
2044 4010 2204 4094 facit
2243 4030 2379 4078 cae-

412 4117 555 4165 cum
630 4098 702 4162 iu
780 4097 920 4162 via:
996 4101 1054 4161 et
1124 4095 1285 4162 dicet
1359 4098 1694 4163 universus
2050 4148 2065 4178 ,
2143 4095 2371 4163 Amen.

408 4183 508 4250 19.
548 4181 927 4249 Maledictus
945 4182 1059 4265 qui
1080 4184 1385 4263 pervertit
1412 4183 1722 4249 iudicium
1742 4184 2088 4268 peregrini,
2113 4183 2373 4265 pupilli,

406 4275 463 4336 et
503 4269 768 4335 viduae.-
802 4273 858 4334 ct
886 4269 1045 4335 dicet
1075 4269 1409 4334 universus
1432 4269 1728 4352 populus,
1765 4269 1991 4335 Amen.
2077 4268 2182 4334 20.
2219 4267 2372 4334 Μα-

406 4356 665 4422 ledictus
705 4355 815 4437 qui
849 4353 1063 4421 coierit
1104 4373 1245 4420 cum
1285 4374 1482 4420 uxore
1511 4357 1731 4437 patris
1768 4357 1892 4436 sui,
1937 4356 2095 4438 quia
2133 4354 2371 4421 discoo-

400 4441 617 4526 peruit
678 4461 854 4506 oram
904 4441 1114 4523 patris
1177 4440 1315 4506 sui:
1366 4445 1423 4506 et
1478 4441 1638 4507 dicet
1690 4443 2027 4508 universus
2068 4441 2370 4523 populus,

410 4526 635 4594 Amen.
718 4527 821 4592 21.
878 4525 1259 4593 Maledictus
1313 4527 1426 4608 qui
1476 4527 1692 4592 coierit
1744 4546 1887 4593 cum
1941 4527 2161 4611 quovis
2228 4527 2372 4593 aui·

413 4613 603 4680 mali.-
655 4618 711 4679 et
765 4613 923 4679 dicet
978 4612 1312 4678 universus
1343 4612 1652 4693 populus,
1711 4613 1934 4680 Amen.
2020 4612 2125 4678 22.
2169 4610 2373 4679 Male-

413 4700 617 4766 dictus
673 4701 785 4780 qui
825 4698 1041 4765 coierit
1079 4718 1219 4763 cum
1250 4717 1458 4764 sorore
1499 4717 1639 4780 sua,
1676 4699 1820 4781 filia
1853 4698 2067 4782 patris
2108 4699 2232 4777 sui,
2277 4698 2375 4765 vel

409 4786 554 4867 filia
609 4785 838 4851 matris
880 4804 1065 4850 suae.-
1120 4789 1178 4848 et
1218 4784 1375 4851 dicet
1414 4784 1750 4852 universus
1778 4785 2084 4867 populus,
2145 4784 2370 4851 Amen.

414 4871 519 4937 23.
551 4870 930 4936 Maledictus
970 4870 1083 4952 qui
1114 4870 1327 4936 coierit
1355 4889 1492 4935 ciem
1526 4890 1710 4937 socru
1750 4892 1906 4937 sua:
1947 4876 2005 4935 et
2036 4871 2194 4936 dicet
2232 4870 2373 4935 uui-

413 4977 632 5024 versus
678 4955 954 5039 populus
969 5007 984 5037 ,
1028 4958 1252 5021 Amen.
1338 4956 1441 5021 24.
1484 4954 1867 5024 Maledictus
1906 4958 2018 5039 qui
2047 4976 2372 5040 percusse-

414 5044 500 5109 rit
533 5044 899 5127 proximum
940 5062 1127 5108 suum
1170 5041 1552 5109 abscondite.-
1594 5048 1651 5109 et
1690 5042 1852 5109 dicet
1890 5044 2226 5109 universus
2253 5062 2372 5126 po-

404 5130 638 5212 pulus,
694 5130 917 5197 Amen.
1001 5126 1106 5194 25.
1166 5126 1547 5196 Maledictus
1605 5130 1715 5211 qui
1768 5130 2070 5212 acceperit
2124 5149 2370 5210 munus,

561 5333 619 5403 1)
654 5333 760 5387 Les
795 5334 1200 5388 confirmations
1237 5335 1526 5390 tendentes
1562 5334 1596 5387 a
1630 5335 1837 5390 ratifier
1872 5335 1927 5388 la
1958 5335 2073 5404 Loy
2108 5342 2231 5388 tant
2268 5352 2370 5405 par

450 5419 756 5473 promesses
795 5420 898 5472 que
935 5421 1037 5473 par
1072 5420 1335 5457 menaces.

2475 2039 2550 2100 ut
2591 2032 2906 2115 percutiat
2943 2033 3145 2118 playa
3198 2032 3452 2100 animae
3716 2035 3882 2103 inem
3929 2036 4339 2105 innocentem.-
4382 2042 4440 2104 et

2475 2120 2636 2186 dicet
2694 2121 3033 2187 universus
3073 2119 3353 2201 populus
3366 2169 3382 2199 ‚
3438 2120 3660 2187 Amen.
3747 2122 3852 2189 26.
3911 2121 4286 2190 Maledictus
4326 2123 4440 2207 qui

2472 2204 2985 2272 noustabilicrit
3033 2205 3219 2271 verba
3268 2205 3645 2289 leyisistius
3693 2206 3985 2290 faciendo
4039 2209 4189 2277 illa.-
4242 2216 4300 2277 et
4340 2212 4440 2278 di—

2470 2296 2561 2358 cet
2600 2288 2937 2359 universus
2963 2290 3269 2376 populus,
3304 2291 3529 2358 Amen.

2646 2461 2792 2528 Iam
2871 2462 2956 2528 ad
3019 2461 3377 2529 clausulam
3431 2463 3599 2548 legis
3670 2464 4094 2549 exponendae
4162 2475 4436 2533 ventum

2474 2556 2597 2629 est,
2633 2548 2746 2615 ubi
2781 2547 3161 2617 tractandae
3203 2556 3363 2615 sunt
3405 2550 3547 2616 eius
3588 2551 3976 2628 sanctiones,
4023 2561 4159 2617 tam
4205 2574 4245 2618 a
4287 2574 4437 2638 pro-

2475 2634 2900 2702 missionibus
2929 2656 3127 2718 quam
3174 2656 3215 2701 a
3256 2635 3455 2701 minis
3496 2646 3816 2721 sumptae.
3896 2635 4219 2719 Quamvis
4261 2641 4438 2706 enim

2475 2721 2620 2788 iure
2673 2741 2791 2787 suo
2858 2721 3146 2804 praecise
3190 2722 3454 2806 exigere
3511 2722 3722 2805 possit
3765 2721 3947 2788 Deus
3999 2721 4175 2806 quod
4222 2725 4436 2792 visum

2476 2814 2612 2873 est:
2657 2828 2821 2890 quae
2866 2815 3086 2873 tamen
3132 2807 3273 2873 eius
3317 2815 3419 2874 est
3461 2828 3620 2892 erga
3663 2807 3959 2874 homines
4001 2808 4438 2894 indulgentia,

2475 2914 2588 2959 eos
2652 2892 2735 2959 ad
2802 2892 3080 2959 libenter
3142 2892 3511 2977 parendum
3577 2893 3836 2960 allicere
3904 2895 4442 2978 promissionibus

2476 2978 2709 3046 voluit.
2774 2981 2955 3063 Ergo
2992 2978 3147 3062 quia
3179 2979 3570 3045 naturaliter
3605 3000 3722 3062 spe
3757 2980 4079 3046 mercedis
4122 2980 4441 3064 ducimur,

2476 3064 2803 3149 ignaviae
2836 3064 3000 3130 lenti
3022 3085 3268 3147 sumus,
3304 3064 3508 3131 donec
3531 3066 3781 3131 fructus
3804 3075 4134 3152 appareat.
4190 3066 4443 3151 Sponte

2478 3151 2701 3235 itaque
2730 3149 2935 3227 Deus,
2979 3149 3064 3216 ad
3097 3149 3556 3218 excutiendam
3590 3151 3942 3237 pigritiem,
3987 3154 4331 3237 promittit,
4382 3154 4443 3221 si

2477 3237 2611 3322 legi
2653 3257 2809 3303 suae
2851 3235 3164 3303 obediant
3203 3236 3523 3315 homines,
3567 3257 3637 3302 se
3683 3246 4241 3305 remuneratorem
4284 3240 4443 3306 fore.

2479 3323 2624 3389 Iam
2682 3323 2847 3391 haec
2890 3344 3025 3388 non
3071 3323 3368 3408 vulgaris
3404 3330 3505 3389 est
3545 3322 3942 3402 liberalitas,
4002 3324 4178 3408 quod
4221 3325 4443 3393 oblata

2479 3408 2781 3477 mercede
2838 3409 3075 3493 pacisci
3131 3408 3391 3475 mavult
3448 3430 3642 3492 quam
3705 3429 3827 3495 pro
3871 3410 4146 3494 imperio
4191 3413 4444 3498 simpli-

2481 3497 2644 3561 citer
2706 3494 2952 3561 iubere.
3048 3493 3362 3562 Tenenda
3403 3504 3505 3562 est
3557 3497 3731 3561 enim
3792 3494 4041 3562 Christi
4095 3501 4443 3578 sententia,

2482 3580 2595 3647 ubi
2638 3588 2847 3647 totam
2889 3582 3103 3666 legem
3145 3581 3656 3665 impleverimus,
3704 3579 3874 3647 nihil
3918 3604 4037 3649 nos
4080 3585 4443 3666 promereri

2477 3666 2671 3754 (Luc.
2720 3667 2822 3732 17.
2872 3668 2955 3733 1Ο
2993 3688 3007 3731 :
3045 3668 3197 3751 quia
3230 3668 3415 3734 Deus
3452 3675 3681 3735 nostra
3723 3668 3941 3733 omnia
3976 3667 4287 3753 obsequia
4320 3670 4464 3751 sibi,

2478 3753 2802 3820 vendicat.
2990 3766 3274 3837 tcunque
3353 3775 3510 3839 ergo
3590 3774 3792 3839 supra
3871 3754 4046 3822 vires
4113 3776 4444 3837 conemur,

2478 3838 2825 3923 studiaque
2881 3839 3106 3906 omnia
3160 3840 3572 3906 conferamus
3631 3839 3713 3905 ad
3758 3840 4149 3907 servandam
4196 3842 4445 3927 legem:

2477 3925 2661 3992 Deus
2713 3935 2938 3991 tamen
2982 3945 3118 3991 non
3162 3924 3308 3990 ideo
3351 3923 3538 3991 nobis
3580 3926 4058 4011 obstringetur,
4114 3927 4245 3993 nisi
4282 3949 4444 4011 qua-

2476 4022 2669 4078 tenus
2712 4011 2883 4078 ultro
2928 4011 3285 4088 contraxit,
3329 4031 3532 4095 seque
3579 4012 4020 4077 voluntarium
4066 4012 4219 4079 fecit
4262 4012 4444 4079 debi-

2475 4104 2705 4164 torem.
2790 4099 2881 4163 Et
2941 4098 3063 4164 hoc
3118 4097 3315 4163 etiam
3376 4116 3417 4161 a
3473 4096 3860 4181 vulgaribus
3915 4097 4240 4183 theologis
4300 4101 4443 4165 ani-

2476 4182 2903 4251 madversum
2957 4184 3111 4263 fuit,
3172 4181 3539 4249 mercedem
3597 4203 3731 4248 non
3781 4205 3865 4248 ex
3908 4205 4178 4268 operum
4224 4184 4444 4271 digni-

2474 4278 2612 4335 tate
2652 4269 2764 4336 vel
2806 4270 3040 4336 merito
3083 4268 3395 4354 pendere,
3439 4268 3555 4335 sed
3598 4291 3681 4335 ex
3724 4280 3935 4352 pacto,
4024 4270 4442 4356 Quanquam,

2474 4364 2551 4421 ut
2601 4356 2799 4440 paulo
2857 4366 3003 4439 post
3048 4353 3446 4431 videbimus,
3505 4375 3590 4420 ne
3634 4355 3969 4421 tantillum
4015 4354 4274 4439 quidem
4322 4378 4443 4425 nos

2474 4441 2736 4508 iuvaret
2777 4441 3094 4508 eiusmodi
3140 4439 3501 4524 promissio,
3547 4439 3603 4505 si
3648 4442 3833 4509 Deus
3873 4440 4155 4526 singulis
4197 4464 4443 4509 merce-

2475 4526 2627 4593 dem
2672 4526 3060 4612 rependeret
3115 4526 3473 4593 secundum
3542 4546 3769 4609 opera:
3832 4548 4060 4593 verum
4118 4529 4274 4611 quia
4329 4529 4439 4597 hic

2475 4612 2769 4679 defectus
2826 4613 3227 4680 adventitius
3271 4622 3404 4692 est,
3449 4611 3733 4697 refulget
3779 4613 4210 4680 nihilominus
4253 4617 4321 4679 in
4360 4636 4437 4680 eo

2474 4698 2832 4784 singularis
2875 4700 3002 4765 Dei
3044 4699 3455 4777 humanitas,
3512 4699 3701 4782 quod,
3728 4701 4067 4784 proposita
4109 4721 4224 4782 spe
4264 4702 4437 4766 vitae

2475 4793 2815 4866 aeternae,
2875 4806 2997 4852 nos
3054 4784 3136 4852 ad
3201 4786 3582 4869 obsequium
3628 4785 3921 4852 animare
3966 4784 4271 4870 dignatus
4315 4792 4433 4851 est.

2474 4870 2764 4955 Ideoque
2822 4892 2941 4956 per
2998 4871 3415 4937 Ezechielem
3460 4868 3591 4957 (20,
3634 4871 3748 4958 21)
3791 4870 4113 4938 Israelitis
4155 4872 4436 4954 ingrati-

2478 4957 2772 5024 tudinem
2834 4957 3216 5042 exprobrat,
3279 4955 3450 5041 quod
3509 4966 3853 5041 praecepta
3911 4978 4030 5022 sua
4074 4956 4245 5022 bona
4288 4979 4439 5023 con-

2474 5044 2880 5126 tempserint,
2928 5044 3007 5111 de
3040 5044 3276 5127 quibus
3320 5043 3567 5110 dictum
3612 5054 3788 5110 erat:
3834 5042 3969 5129 Qui
4010 5041 4239 5108 fecerit
4273 5042 4437 5112 haec

2476 5130 2658 5197 vivet
2727 5130 2794 5195 in
2865 5131 3047 5214 ipsis.
3149 5128 3344 5196 Nunc
3402 5127 3706 5196 videmus
3762 5138 3838 5194 ut
3893 5128 4437 5210 promissionibus

2473 5215 2725 5282 sancita
2782 5215 2979 5283 fuerit
3035 5216 3199 5301 legis
3243 5217 3577 5282 autoritas.
3664 5214 3918 5280 Verum
3964 5213 4117 5297 quia
4163 5236 4290 5279 non
4337 5217 4438 5299 pi-

2473 5301 2578 5387 gri
2626 5300 2845 5382 mod0,
2899 5301 3011 5369 sed
3057 5302 3255 5368 etiam
3303 5300 3660 5369 refractarii
3705 5320 3964 5378 sumus,
4010 5319 4093 5364 ex
4141 5303 4440 5384 opposito

2478 5388 2694 5453 minas
2740 5386 2974 5455 adiecit
3008 5408 3171 5473 quae
3216 5398 3532 5455 terrorem
3577 5386 3971 5463 incuterent,
4016 5393 4156 5452 tum
4183 5386 4263 5452 ad
4286 5386 4443 5453 sub·

3950 5487 4014 5542 1*
