5017 6142
556 446 687 515 215

561 633 768 702 animi
812 632 919 698 sui
958 633 1286 711 morbum,
1352 631 1468 699 sed
1525 631 1805 699 honesto
1859 642 2205 716 praetextu
2247 630 2491 697 velant.

565 720 864 803 Fingunt
919 719 1094 785 enim
1152 739 1222 784 se
1276 717 1522 801 publici
1577 718 1733 783 boni
1787 718 1927 784 zelo
1992 715 2347 796 stimulari,
2419 728 2494 782 ut

565 804 886 872 libertatis
942 803 1374 886 patrocinium
1430 803 1808 886 suscipiant.
1894 803 2065 869 Nam
2108 810 2187 868 ut
2226 813 2494 868 versuta

564 903 668 958 est
711 889 1011 969 ambitio,
1072 909 1405 971 nunquam
1466 890 1757 973 specioso
1815 890 2027 955 colore
2085 887 2488 954 destituitur:

565 977 659 1041 ita
701 976 858 1041 dum
913 974 1051 1039 sola
1101 973 1407 1057 superbia
1447 974 1749 1040 feruntur
1787 973 2181 1041 schismatici
2222 972 2305 1039 ad
2348 982 2492 1038 tur-

567 1059 849 1127 bandam
910 1059 1247 1126 ecclesiam
1266 1110 1282 1137 ,
1361 1059 1738 1142 plausibiles
1805 1079 2064 1143 semper
2123 1058 2492 1125 occasiones

566 1147 973 1230 excogitant,
1030 1144 1268 1227 quibus
1324 1145 1565 1228 aliquid
1624 1146 1866 1211 favoris
1920 1143 2090 1228 apud
2133 1144 2493 1227 imperitos,

570 1232 674 1298 vel
718 1231 915 1297 etiam
958 1231 1130 1314 apud
1174 1230 1352 1296 leves
1395 1244 1463 1295 et
1502 1229 1832 1313 improbos
1872 1229 2237 1296 concilient.
2325 1229 2491 1294 Pru-

564 1316 799 1383 denter
851 1316 1051 1400 igitur
1108 1314 1495 1381 excutienda
1548 1327 1706 1381 sunt
1768 1336 1990 1381 eorum
2055 1313 2323 1381 consilia
2378 1314 2493 1398 qui

568 1400 812 1484 aliquid
856 1420 1101 1467 novare
1142 1410 1401 1466 tentant
1417 1451 1433 1480 ,
1491 1414 1556 1466 et
1608 1413 1847 1467 statum
1892 1399 2294 1466 tolerabilem
2336 1419 2491 1465 con-

571 1487 840 1553 vellere:
902 1487 1054 1570 quia
1106 1499 1365 1553 matura
1406 1487 1686 1570 cognitio
1731 1485 1997 1551 tandem
2039 1485 2256 1568 palam
2299 1485 2496 1550 faciet

568 1571 746 1640 aliud
810 1584 1105 1654 captasse
1184 1592 1373 1655 quam
1455 1571 1896 1637 obtenderent.
2004 1570 2194 1652 Quod
2272 1582 2493 1636 antem

566 1667 817 1723 tantam
870 1657 1133 1722 turbam
1189 1656 1403 1723 subito
1468 1668 1812 1722 traxerunt
1881 1657 1948 1721 in
2061 1667 2267 1733 artes,
2339 1655 2497 1722 hinc

568 1742 975 1828 perspicitur,
1020 1764 1211 1825 quam
1245 1742 1548 1825 proclivis
1575 1744 1662 1808 sit
1696 1743 1777 1807 ad
1813 1743 2025 1825 quosli
2069 1754 2133 1806 et
2175 1743 2495 1807 infaustos

572 1841 643 1894 et
718 1848 1058 1912 perversos
1135 1843 1349 1893 motus
1425 1828 1762 1893 hominum
1828 1839 2085 1892 natura.
2192 1825 2497 1909 Quatuor

566 1914 846 1997 improbi
890 1914 1186 1980 homines
1228 1913 1495 1979 sceleste
1529 1914 1760 1978 Mosen
1795 1928 1865 1977 et
1901 1913 2165 1978 Aharon
2203 1932 2495 1995 pessum·

569 1999 726 2066 dare
768 2010 1116 2064 conantur:
1182 2007 1439 2081 praesto
1489 2013 1646 2064 sunt
1687 1997 1770 2064 ad
1807 1999 2183 2081 obsequium
2230 1997 2495 2064 ducenti

568 2084 1079 2168 quinquaginta,
1143 2105 1275 2148 non
1331 2104 1414 2148 ex
1466 2084 1701 2168 vulgo,
1752 2084 1866 2149 sed
1923 2082 2209 2149 tribuum
2260 2084 2497 2167 capita,

567 2180 639 2235 et
679 2169 791 2252 qui
827 2190 947 2235 sua
980 2169 1460 2234 existimatione
1498 2169 1891 2251 simplicium
1925 2169 2144 2235 oculos
2179 2169 2492 2251 perstrin-

570 2276 724 2340 gere
786 2264 1102 2337 poterant.
1201 2253 1351 2335 Quo
1404 2254 1614 2338 magis
1670 2254 2034 2321 cavendum
2092 2268 2222 2333 est,
2283 2276 2365 2318 ne
2418 2253 2490 2318 in

571 2340 766 2407 rebus
806 2352 1052 2404 temere
1092 2337 1412 2405 novandis
1456 2339 1681 2405 larvae
1724 2359 1840 2405 nos
1886 2338 2228 2422 decipiant.
2296 2337 2491 2420 Quod

570 2424 655 2491 ad
699 2427 896 2491 verba
939 2435 1206 2507 spectat,
1249 2423 1511 2507 quidam
1552 2423 1818 2489 verbum
1855 2423 2035 2490 Tulit
2077 2426 2366 2490 referunt
2408 2423 2490 2488 ad

570 2508 729 2576 alios
752 2510 1082 2577 factiosos:
1117 2511 1303 2593 quasi
1326 2510 1576 2575 dicatur
1598 2508 1821 2582 Coi-ah,
1843 2530 1953 2574 eos
1972 2511 2311 2577 excitasse.
2360 2509 2492 2574 Alii

570 2608 905 2677 exponunt
949 2593 1119 2677 quod
1163 2615 1234 2660 se
1288 2596 1502 2678 ipsum
1567 2594 2005 2678 instigaverit,
2070 2603 2138 2660 et
2200 2596 2494 2678 rapuerit

570 2680 745 2747 malo
800 2680 1052 2747 affectu.
1157 2681 1301 2763 Ego
1366 2700 1521 2745 vero
1584 2681 1657 2744 in
1722 2692 1956 2745 neutra
2016 2680 2492 2764 significatione

568 2766 813 2848 accipio
870 2787 985 2847 pro
1029 2768 1398 2848 Aggressus
1455 2775 1573 2830 est.
1663 2763 1853 2847 Quod
2027 2775 2134 2832 tea
2188 2765 2495 2831 dicuntur

564 2851 929 2918 surrexisse
963 2871 1175 2916 coram
1200 2849 1406 2928 Mose,
1448 2849 1709 2933 quidam
1744 2852 1912 2934 simp
1939 2851 2124 2917 iciter
2166 2850 2496 2934 accipiunt

564 2948 645 3003 ut
688 2937 886 3003 verba
928 2944 1197 3000 sonant:
1256 2934 1367 2998 alii
1425 2955 1578 3001 vero
1635 2935 1704 3000 in
1750 2937 1989 3002 malam
2047 2946 2316 3019 partem.
2405 2936 2495 3001 Et

567 3033 745 3089 certe
800 3021 906 3087 hic
957 3020 1193 3086 Geram
1256 3019 1420 3086 facie
1475 3019 1859 3086 tantundem
1922 3021 2104 3087 valet
2160 3032 2356 3104 atque
2410 3043 2493 3086 ex

566 3107 873 3182 adverso,
916 3114 982 3170 et
1020 3104 1167 3171 ideo
1209 3114 1390 3171 notat
1428 3105 1787 3171 insultandi
1828 3109 2245 3191 proterviam.
2331 3107 2493 3173 Plus

568 3202 670 3259 est
724 3191 1125 3258 difficultatis
1176 3191 1247 3255 in
1305 3189 1571 3258 vocibus
1602 3205 1756 3268 'mn
1790 3206 1964 3285 wip.
2051 3192 2301 3260 Omnes
2357 3194 2492 3258 fere

568 3299 704 3345 uno
758 3297 1082 3343 consensu
1140 3278 1567 3343 transferunt:
1628 3278 1912 3361 Magnos
1967 3278 2039 3342 in
2096 3286 2315 3347 coetu:
2374 3277 2490 3343 sed

569 3384 768 3448 quum
811 3383 1050 3428 nomen
1086 3375 1286 3441 0⁹⁸5?
1324 3373 1583 3429 vocatos
1617 3364 1722 3427 vel
1760 3362 2073 3428 invitatos
2104 3363 2493 3446 plerumque

564 3450 921 3533 significet:
963 3461 1119 3524 'mm
1170 3455 1389 3514 autem
1434 3468 1561 3513 non
1598 3448 1787 3513 modo
1818 3458 2093 3524 coetum,
2136 3447 2251 3515 sed
2293 3450 2490 3514 etiam

566 3533 938 3602 condictum
977 3544 1265 3615 tempus,
1321 3532 1425 3599 vel
1469 3533 1999 3614 conventionem,
2054 3533 2218 3598 mihi
2264 3534 2489 3618 proba·

567 3618 703 3685 bile
741 3628 841 3682 est
882 3617 999 3683 hos
1042 3619 1365 3701 principes
1406 3629 1475 3684 et
1520 3620 1692 3684 viros
1735 3619 1962 3703 magni
2014 3622 2297 3685 nominis
2340 3640 2490 3685 nar-

568 3703 703 3769 rari
747 3714 1004 3786 praesto
1047 3703 1274 3768 fuisse:
1318 3704 1473 3785 quia
1513 3725 1597 3769 ex
1639 3715 1971 3787 compacto
2015 3706 2225 3771 vocati
2269 3712 2490 3770 erant:

569 3790 753 3873 quasi
799 3788 1071 3853 dixisset
1114 3788 1332 3854 Moses
1388 3809 1499 3856 eos
1554 3810 1695 3855 esse
1751 3800 2014 3856 vocatos
2056 3792 2281 3857 statuti
2326 3804 2491 3856 tem·

568 3874 747 3956 poris
793 3872 896 3940 vel
938 3873 1269 3956 pactionis.
1354 3873 1586 3958 Neque
1627 3876 1800 3940 enim
1850 3875 2036 3941 video
2077 3896 2339 3942 causam
2376 3897 2493 3942 cur

569 3971 713 4044 post
739 3979 974 4023 nomen
1009 3972 1142 4036 ,Ἢν
1177 3958 1544 4042 ponendum
1568 3961 1766 4026 fuerit
1797 3974 1988 4041 ffmn,
2023 3960 2246 4026 eodem
2274 3983 2490 4027 sensu.

738 4043 800 4110 3.
849 4043 964 4110 Sat
1001 4045 1088 4110 sit
1124 4045 1316 4111 nobie.
1405 4045 1693 4129 Quidam
1746 4062 2110 4128 exponunt:
2171 4045 2491 4123 Sufficiat,

567 4131 755 4212 quasi
798 4132 1134 4213 imponere
1188 4129 1397 4195 velint
1453 4133 1650 4196 finem
1706 4132 2042 4215 tyrannidi
2087 4132 2325 4198 Mosis:
2379 4132 2494 4198 sed

565 4215 784 4367 fotius
827 4216 1127 4282 existimo
1166 4217 1355 4281 obiici
1399 4218 1647 4281 crimen
1693 4218 2134 4300 arrogantiae,
2186 4226 2254 4282 et
2292 4219 2493 4284 sacri-

675 4320 751 4367 ae
793 4300 1277 4369 dominationis:
1323 4302 1475 4384 quia
1516 4323 1647 4366 non
1694 4314 1953 4367 tantum
1996 4304 2118 4369 sibi
2166 4304 2385 4370 Moses
2429 4318 2494 4369 et

564 4388 633 4451 A
681 4407 837 4452 aron
895 4388 1290 4470 sumpserint
1340 4386 1509 4470 quod
1555 4389 1739 4452 nefas
1782 4403 1951 4463 erat,
1996 4388 2108 4454 sed
2151 4388 2295 4454 Deo
2337 4409 2494 4472 quo-

567 4491 692 4554 que
733 4472 1093 4557 eripuerint
1134 4493 1323 4538 suum
1365 4474 1733 4556 imperium.
1812 4473 2236 4556 Exprobrant
2289 4474 2496 4559 igitur

567 4557 812 4624 sanctis
851 4558 1008 4627 viris
1037 4557 1208 4640 quod
1234 4559 1356 4623 Dei
1386 4559 1851 4624 haereditatem
1894 4560 2016 4624 sibi
2052 4560 2250 4642 impie
2285 4559 2496 4625 subie-

565 4644 795 4711 cerint.
896 4640 1126 4726 Itaque
1186 4643 1482 4710 videmus
1534 4643 1759 4710 fideles
1802 4664 2028 4710 servos
2072 4645 2229 4716 Dei.
2287 4666 2494 4728 quan·

566 4730 817 4795 tumvis
848 4727 971 4794 sibi
1005 4729 1439 4806 moderentur,
1478 4750 1612 4794 non
1648 4730 1845 4794 eximi
1886 4742 2102 4795 tamen
2139 4731 2319 4796 falsis
2354 4751 2494 4814 pro-

564 4814 719 4881 bris.
811 4814 1029 4881 Moses
1085 4815 1420 4899 singulare
1474 4816 1594 4879 fuit
1651 4836 1782 4880 non
1835 4814 2231 4899 integritatis
2287 4814 2497 4896 modo,

565 4899 681 4967 oed
741 4899 1099 4966 modestiae
1153 4920 1408 4984 quoque
1463 4913 1533 4966 et
1587 4899 2012 4965 humanitatis
2080 4901 2490 4985 exemplum:

564 4988 888 5070 superbus
940 4998 1154 5052 tamen
1200 4995 1268 5051 et
1318 4985 1638 5051 violentus
1683 4985 1936 5063 dicitur,
1973 5006 2050 5052 ac
2091 4987 2149 5052 si
2186 4988 2494 5071 populum

568 5071 693 5139 Dei
749 5071 1015 5155 indigne
1070 5072 1483 5155 opprimeret.
1588 5072 1792 5136 Porro
1850 5070 2034 5137 Deus
2077 5093 2300 5139 servos
2343 5093 2495 5139 suos

567 5159 816 5240 patitur
850 5170 979 5222 tam
1030 5159 1272 5241 iniquis
1306 5157 1649 5224 calumniis
1693 5157 1975 5241 gravari,
2019 5168 2096 5222 ut
2129 5179 2238 5225 eos
2273 5158 2497 5225 doceat

566 5241 828 5307 aliunde
876 5243 1235 5309 mercedem
1296 5264 1558 5327 sperare
1615 5263 1807 5326 quam
1854 5262 1893 5306 a
1935 5243 2210 5309 mundo:
2255 5255 2329 5311 ut
2381 5264 2493 5310 eos

562 5326 865 5393 humiliet
894 5329 1242 5412 probetque
1284 5351 1507 5395 eorum
1554 5328 1983 5395 tolerantiam.
2049 5327 2497 5397 obdurescere

1969 443 2376 513 REDI‘PUS
2418 443 2549 510 AD
2594 440 3138 510 HISTORIAM.

4393 439 4528 505 *216

2594 649 2839 815 affre.
2926 637 3655 814 Iammiingtrolbiofftiaet
3697 717 3947 783 factiosi
3991 648 4321 781 Ιιοιιιιιέιῗῖοιιιι8
4343 627 4532 797 ἓξὲξ

2596 808 2700 865 ter
2764 799 3232 884 impudentiam
3301 801 3497 866 simul
3557 802 3909 867 amentiam
3972 799 4273 885 produnt.
4382 798 4531 879 Quo

2593 886 2769 950 enim
2807 886 2949 950 iure
2982 885 3151 953 Moci
3187 894 3254 951 et
3290 886 3558 951 Abaton
3595 887 3906 961 honorem
3949 882 4317 971 abrogant?
4355 882 4529 966 Quia

2591 970 2846 1038 scilicet
2895 970 2964 1036 in
3034 971 3245 1037 medio
3315 971 3540 1054 populi
3597 973 3778 1038 Deus
3836 970 4113 1049 habitet,
4172 991 4247 1037 ac
4303 989 4544 1045 omnes„

2593 1057 2805 1122 sancti
2861 1057 3097 1121 sintin
3140 1056 3254 1121 illo
3287 1068 3496 1122 coetu.
3582 1058 3783 1141 Atqui
3815 1056 4131 1124 sanctitas
4173 1076 4383 1140 neque
4421 1075 4529 1121 or·

2595 1142 2813 1207 dinem
2849 1142 3398 1226 pessumdat-nec
3435 1142 3921 1226 dissipationem
3964 1142 4230 1220 inducit,
4275 1160 4398 1207 nee
4437 1141 4530 1207 le-

2585 1227 2790 1311 „gibus
2850 1227 3047 1294 solvit
3096 1226 3338 1293 fideles.
3415 1227 3691 1294 Furiose
3735 1228 3941 1312 igitur
3981 1228 4325 1312 colligunt,
4373 1228 4530 1310 iugo

2599 1334 2727 1377 nen
2804 1313 3066 1379 subesse
3129 1334 3294 1396 quos
3359 1313 3542 1378 Deus
3604 1315 4072 1393 sanctificavit,
4154 1331 4529 1397 quanquam

2598 1398 2883 1481 maligue
2917 1418 3137 1464 curam
3183 1398 3428 1482 populi,
3468 1418 3663 1481 quam
3689 1399 3871 1467 Deus
3909 1402 4123 1465 servis
4158 1398 4300 1465 suis
4343 1418 4527 1463 mau-

2596 1483 2796 1560 davit,
2834 1482 3200 1568 tyrannidis
3234 1483 3649 1553 insimulant:
3685 1504 3762 1551 ac
3795 1486 3851 1550 si
3893 1486 4104 1552 lucem
4139 1483 4294 1551 data
4333 1502 4531 1567 opera

2597 1578 2932 1634 verterent
2972 1570 3043 1633 in
3088 1568 3407 1635 tenebras.

2766 1653 2828 1719 4.
2879 1654 3053 1737 Quod
3092 1675 3283 1737 qinom
3323 1654 3608 1720 audisset
3646 1653 4166 1737 Messapom'eot'i
4203 1672 4290 1721 ae·
4376 1652 4528 1720 Nou

2599 1739 2868 1806 dubium
2926 1752 3028 1805 est
3069 1741 3228 1823 quin
3287 1740 3370 1805 ad
3429 1760 3653 1823 preces
3706 1740 4076 1829 confugerit
4130 1741 4201 1805 iu
4261 1761 4332 1805 re
4379 1759 4529 1822 per-

2596 1824 2820 1908 plexa:
2889 1826 3040 1909 quia
3093 1825 3340 1891 sciebat
3391 1833 3576 1891 tauto
3628 1826 3801 1891 malo
3856 1823 4216 1891 remedium
4273 1844 4417 1892 esse
4456 1826 4527 1892 in

2596 1910 2736 1976 sola
2773 1911 2903 1976 Dei
2945 1931 3161 1977 manu.
3225 1912 3442 1995 Atque
3482 1912 3554 1976 in
3607 1909 3730 1977 hoe
3774 1910 3993 1976 differt
4032 1912 4309 1997 profana
4343 1931 4528 1995 mag-

2597 1996 2949 2062 nanimitas
2983 2017 3024 2062 a
3055 1996 3420 2062 constantia
3461 1995 3775 2062 fidelium.
3843 1994 4056 2079 Saepe
4097 1997 4271 2061 enim
4313 1997 4408 2072 fit,
4453 2006 4530 2061 ut

2596 2081 2914 2147 increduli
2957 2101 3210 2165 quoque
3241 2101 3361 2165 pro
3404 2080 3615 2146 bonae
3655 2101 3893 2148 causae
3936 2081 4311 2147 defensione
4358 2081 4530 2147 labo-

2597 2174 2743 2232 rent
2761 2218 2777 2246 ,
2832 2178 3063 2250 sponte
3119 2166 3284 2233 ediis
3339 2165 3694 2233 multorum
3747 2187 3820 2232 se
3859 2176 4210 2250 exponant,
4253 2168 4532 2235 subeant

2593 2251 4003 2419 ffiss..⁹2.³:²⁸1z:.⁰⁰5.23.22.⁸⁵b{23:'322223
4035 2251 4529 2405 ῗίᾶὸῗῗίωωέἐῖ

2595 2423 2897 2506 spiciunt,
2931 2423 3121 2489 sicuti
3157 2443 3377 2488 rerum
3411 2423 3704 2488 omnium
3739 2422 3945 2488 laetos
3978 2442 4053 2490 ac
4088 2424 4310 2491 tristes
4329 2444 4528 2489 eveu—

2595 2519 2704 2574 tus
2757 2507 2975 2574 sciunt
3028 2528 3171 2577 esse
3231 2509 3302 2573 in
3359 2508 3500 2574 eius
3548 2506 3846 2585 arbitrio,
3892 2508 3986 2573 ita
4026 2510 4418 2577 recumbunt
4457 2510 4528 2577 in

2595 2593 2738 2659 sius
2795 2593 3310 2676 providentiam:
3367 2604 3436 2659 et
3487 2593 3604 2659 ubi
3647 2592 3994 2660 adversum
4039 2594 4192 2678 qnid
4235 2595 4527 2679 contigit,

2596 2677 2789 2743 fidem
2841 2678 2981 2744 eius
3040 2691 3104 2742 et
3162 2679 3479 2744 auxilium
3536 2678 3911 2762 implorant.
3997 2678 4190 2760 Quod
4245 2700 4403 2764 ergo
4454 2698 4528 2749 se

2596 2765 2953 2847 prostravit
2994 2766 3214 2830 Moses
3254 2766 3323 2829 iu
3367 2774 3628 2841 terram,
3680 2765 3887 2847 pluris
3929 2766 4052 2830 fuit
4095 2767 4256 2832 haec
4299 2764 4526 2849 depre-

2591 2849 2766 2916 catio
2797 2869 2994 2932 quam
3029 2870 3256 2915 omnes
3291 2851 3587 2915 heroicae
3629 2854 3925 2930 virtutes,
3969 2850 4204 2933 quibus
4237 2870 4528 2935 unquam

2595 2934 2915 3001 excellere
2960 2936 3083 3001 visi
3127 2945 3284 3001 sunt
3323 2934 3661 3000 inereduli.

2765 3021 2827 3087 5.
2872 3017 2963 3086 Et
2993 3020 3285 3104 loquutus
3318 3025 3406 3087 est
3435 3022 3528 3086 ad
3571 3019 3794 3087 Goralt.
3853 3020 3920 3086 N
3919 3042 4003 3087 on
4050 3019 4528 3091 inconsiderate

2595 3104 2719 3172 sibi
2771 3106 2969 3193 elegit
3011 3107 3231 3173 Moses
3287 3107 3408 3170 hoe
3451 3105 3871 3172 divinationis
3912 3107 4191 3191 signum,
4233 3104 4353 3173 sed
4392 3107 4529 3176 die-

2598 3199 2782 3255 tante
2837 3192 3075 3274 spiritu
3119 3192 3555 3258 sacerdotium
3613 3191 3838 3258 fratris
3882 3191 4001 3256 hac
4043 3201 4196 3258 nota
4238 3202 4306 3258 et
4347 3193 4531 3260 testi-

2595 3276 2816 3341 monio
2859 3278 3154 3344 asseruit.
3222 3274 3484 3343 Scimus
3525 3277 3723 3353 enim,
3766 3285 3840 3342 ut
3872 3278 3945 3342 in
3979 3279 4172 3344 rebus
4207 3279 4421 3345 dubiis
4462 3288 4531 3344 et

2595 3363 2886 3428 obscuris
2909 3363 3137 3429 solitus
3156 3363 3356 3428 fuerit
3375 3362 3690 3429 sciscitari
3714 3362 4026 3444 quidnam
4048 3362 4196 3428 Deo
4224 3364 4527 3448 placeret.

2596 3448 2744 3513 Non
2781 3468 2940 3531 ergo
2974 3457 3220 3514 temere
3253 3467 3432 3513 nunc
3463 3448 3764 3530 prorupit
3796 3450 3867 3517 in
3902 3448 4073 3515 hauc
4103 3450 4529 3515 sententiam:

2595 3533 2709 3599 sed
2753 3535 3025 3616 spiritus
3067 3533 3384 3600 instinctu
3427 3533 3700 3616 protulit
3739 3544 3991 3601 certum
4036 3533 4166 3599 Dei
4200 3534 4529 3603 iudicium.

2596 3619 2743 3685 Hoc
2797 3619 3069 3703 profecit
3124 3639 3244 3686 sua
3288 3619 3766 3701 deprecatione,
3812 3628 3890 3685 ut
3926 3635 4308 3705 suggereret
4351 3622 4533 3688 Deus

2598 3704 2855 3771 facilem
2911 3714 2981 3769 et
3034 3704 3405 3788 expeditam
3450 3705 3755 3769 vincendi
3798 3706 4093 3772 formam.
4181 3705 4374 3772 Iubet
4414 3726 4532 3773 au-

2597 3800 2732 3855 tem
2777 3809 3033 3856 acerras
3068 3790 3388 3873 accipere,
3435 3799 3510 3854 ut
3551 3811 3634 3855 ex
3675 3791 3904 3856 suffitu
3947 3791 4164 3873 palam
4205 3791 4327 3856 fiat
4359 3792 4532 3858 sitne

2595 3874 2740 3941 Deo
2784 3885 2976 3960 grata
3015 3877 3310 3958 ipsorum
3357 3874 3616 3941 oblatio.
3705 3874 3898 3955 Quod
3942 3886 4159 3942 autem
4204 3875 4427 3943 differt
4459 3877 4533 3942 in

2597 3962 2953 4028 erastinum
2972 4011 2988 4039 ,
3039 3962 3108 4026 in
3142 3981 3220 4026 eo
3253 3960 3537 4027 consulit
3580 3962 3873 4043 ipsorum
3918 3960 4134 4039 saluti,
4177 3963 4233 4027 si
4271 3961 4531 4046 quidem

2596 4047 2880 4112 fuissent
2913 4046 3254 4113 sanabiles.
3323 4045 3607 4112 Videbat
3640 4047 3814 4110 enim
3857 4066 4049 4113 caeco
4091 4048 4311 4113 furore
4351 4069 4535 4132 prae-

2596 4132 2828 4215 cipites
2865 4152 3074 4210 ruere,
3117 4152 3241 4196 nec
3275 4150 3464 4214 posse
3497 4142 3827 4197 momento
3860 4134 4152 4198 revocari
4185 4133 4269 4198 ad
4303 4152 4534 4200 sanam

2598 4229 2906 4283 mentem.
2994 4215 3300 4302 Spatium
3338 4236 3495 4301 ergo
3538 4217 3852 4301 temporis
3893 4218 3976 4283 ad
4022 4219 4531 4302 resipiscendum

2597 4303 2911 4382 concedit,
2968 4311 3043 4367 ut
3085 4324 3170 4368 ex
3212 4315 3400 4367 nocte
3441 4303 3780 4368 consilinm
3828 4305 4106 4387 capiant.
4194 4306 4320 4371 Vel
4363 4307 4534 4371 forte

2597 4388 2937 4455 consilinm
2981 4388 3127 4467 fuit,
3171 4386 3394 4453 sedato
3437 4388 3749 4467 tumultu,
3791 4397 4075 4455 attentos
4117 4410 4343 4457 omues
4384 4388 4534 4456 red-

2599 4473 2753 4539 dere
2796 4472 2877 4537 ad
2914 4474 3040 4538 Dei
3081 4472 3411 4539 iudicium.

2771 4558 2830 4624 8.
2890 4559 3129 4625 Audite
3182 4579 3408 4640 quaeso
3456 4558 3580 4641 filii
3635 4558 3807 4624 Levi.
3895 4559 4128 4626 Plures
4170 4561 4532 4644 compellat,

2598 4654 2664 4711 et
2707 4655 2924 4709 tamen
2972 4644 3217 4711 dictum
3259 4645 3380 4709 fuit
3414 4664 3781 4710 sermonem
3824 4645 3904 4709 ad
3943 4667 4142 4712 unum
4181 4646 4398 4713 Corah
4431 4644 4532 4711 di-

2598 4731 2755 4815 rigi:
2817 4750 3051 4814 nempe
3109 4730 3264 4813 quia
3317 4729 3478 4796 alios
3533 4750 3614 4794 ex
3666 4731 3919 4797 Levitis
3976 4742 4383 4814 corruperat:
4437 4733 4533 4798 sic

2599 4817 2849 4899 primus
2891 4816 3133 4880 citatur
3165 4813 3249 4879 ad
3294 4815 3418 4881 Dei
3459 4814 3759 4894 tribunal,
3803 4825 3882 4881 ut
3924 4825 4061 4882 tota
4102 4817 4298 4883 simul
4342 4818 4535 4884 factio

2600 4901 2916 4966 trahatur.
2985 4901 3213 4966 Potuit
3245 4911 3461 4966 autem
3506 4902 3724 4966 statim
3759 4902 4175 4986 expostulare
4216 4923 4364 4969 eum
4401 4903 4532 4968 Le·

2596 4988 2768 5064 vitis,
2802 5007 3078 5069 quorum
3101 4986 3416 5052 habitatio
3452 4987 3665 5052 vicina
3697 4988 4066 5053 sanctuario
4099 5000 4257 5054 erat.
4320 4988 4529 5055 Porro

2598 5072 3090 5157 ingratitudinis
3149 5094 3258 5138 eos
3311 5081 3599 5149 accusat,
3659 5072 3828 5155 quod
3879 5073 4124 5139 honore
4197 5095 4328 5140 non
4376 5094 4530 5140 con-

2599 5159 2764 5222 tenti
2817 5178 2944 5241 quo
3002 5158 3184 5225 Deus
3226 5159 3358 5223 iam
3413 5158 3591 5242 ipsos
3633 5171 3997 5237 ornaverat,
4052 5179 4385 5225 summum
4423 5181 4530 5226 sa-

2598 5242 2955 5309 cerdotium
3012 5254 3341 5329 appetant.
3422 5243 3502 5309 In
3559 5264 3688 5326 quo
3731 5265 3802 5311 se
3843 5244 4065 5326 prodit
4106 5246 4356 5329 gratiae
4389 5246 4532 5310 sius

2597 5339 3033 5412 contemptus.
3121 5331 3292 5396 Nam
3349 5331 3403 5397 si
3449 5350 3566 5397 suo
3610 5330 3816 5413 pretio
3859 5333 4359 5397 aestimarentur
4403 5331 4529 5397 Dei
