<?xml version="1.0" encoding="UTF-8"?>
<!DOCTYPE html PUBLIC "-//W3C//DTD XHTML 1.0 Transitional//EN"
    "http://www.w3.org/TR/xhtml1/DTD/xhtml1-transitional.dtd">
<html xmlns="http://www.w3.org/1999/xhtml" xml:lang="en" lang="en">
 <head>
  <title>
</title>
<meta http-equiv="Content-Type" content="text/html;charset=utf-8" />
  <meta name='ocr-system' content='tesseract 3.04.00' />
  <meta name='ocr-capabilities' content='ocr_page ocr_carea ocr_par ocr_line ocrx_word'/>
</head>
<body>
  <div class='ocr_page' id='page_1' title='image "./ioanniscalvinio06unkngoog_0102.png"; bbox 0 0 5017 6142; ppageno 0'>
   <div class='ocr_carea' id='block_1_1' title="bbox 520 384 648 452">
    <p class='ocr_par' dir='ltr' id='par_1_1' title="bbox 520 384 648 452">
     <span class='ocr_line' id='line_1_1' title="bbox 520 384 648 452; baseline -0.016 0"><span class='ocrx_word' id='word_1_1' title='bbox 520 384 648 452; x_wconf 82' lang='lat'><strong><em>179</em></strong></span> 
     </span>
    </p>
   </div>
   <div class='ocr_carea' id='block_1_2' title="bbox 1093 569 1877 655">
    <p class='ocr_par' dir='ltr' id='par_1_2' title="bbox 1093 569 1877 655">
     <span class='ocr_line' id='line_1_2' title="bbox 1093 569 1877 655; baseline -0.003 -17"><span class='ocrx_word' id='word_1_2' title='bbox 1093 570 1427 638; x_wconf 68' lang='lat' dir='ltr'><strong><em>Nouus</em></strong></span> <span class='ocrx_word' id='word_1_3' title='bbox 1468 569 1670 655; x_wconf 50' lang='lat' dir='ltr'><strong><em>car.</em></strong></span> <span class='ocrx_word' id='word_1_4' title='bbox 1714 569 1877 636; x_wconf 75' lang='grc' dir='ltr'><strong><em>ΧΠ.</em></strong></span> 
     </span>
    </p>
   </div>
   <div class='ocr_carea' id='block_1_3' title="bbox 530 739 2478 2438">
    <p class='ocr_par' dir='ltr' id='par_1_3' title="bbox 530 739 2478 2438">
     <span class='ocr_line' id='line_1_3' title="bbox 712 739 2477 825; baseline -0.001 -17"><span class='ocrx_word' id='word_1_5' title='bbox 712 745 772 808; x_wconf 91' lang='grc'><strong><em>1.</em></strong></span> <span class='ocrx_word' id='word_1_6' title='bbox 818 742 906 808; x_wconf 80' lang='lat' dir='ltr'><strong><em>Et</em></strong></span> <span class='ocrx_word' id='word_1_7' title='bbox 947 742 1201 825; x_wconf 73' lang='lat' dir='ltr'><strong><em>loquuta</em></strong></span> <span class='ocrx_word' id='word_1_8' title='bbox 1257 745 1345 808; x_wconf 80' lang='lat' dir='ltr'><strong><em>est</em></strong></span> <span class='ocrx_word' id='word_1_9' title='bbox 1403 739 1628 807; x_wconf 82' lang='lat' dir='ltr'><strong><em>Maria</em></strong></span> <span class='ocrx_word' id='word_1_10' title='bbox 1670 745 1726 806; x_wconf 83' lang='lat' dir='ltr'><strong><em>et</em></strong></span> <span class='ocrx_word' id='word_1_11' title='bbox 1765 739 2037 807; x_wconf 70' lang='lat' dir='ltr'><strong><em>Aharon</em></strong></span> <span class='ocrx_word' id='word_1_12' title='bbox 2079 745 2294 809; x_wconf 73' lang='lat' dir='ltr'><strong><em>conbm</em></strong></span> <span class='ocrx_word' id='word_1_13' title='bbox 2338 741 2477 807; x_wconf 87' lang='lat' dir='ltr'><strong><em>Mo-</em></strong></span> 
     </span>
     <span class='ocr_line' id='line_1_4' title="bbox 534 826 2477 913; baseline -0.003 -14"><span class='ocrx_word' id='word_1_14' title='bbox 534 849 644 899; x_wconf 77' lang='lat' dir='ltr'><strong><em>sen</em></strong></span> <span class='ocrx_word' id='word_1_15' title='bbox 702 832 965 913; x_wconf 76' lang='lat' dir='ltr'><strong><em>propter</em></strong></span> <span class='ocrx_word' id='word_1_16' title='bbox 1035 848 1292 894; x_wconf 78' lang='lat' dir='ltr'><strong><em>uxorem</em></strong></span> <span class='ocrx_word' id='word_1_17' title='bbox 1354 826 1822 909; x_wconf 72' lang='lat' dir='ltr'><strong><em>Aethiopissam</em></strong></span> <span class='ocrx_word' id='word_1_18' title='bbox 1877 847 2070 910; x_wconf 78' lang='lat' dir='ltr'><strong><em>quam</em></strong></span> <span class='ocrx_word' id='word_1_19' title='bbox 2133 832 2477 908; x_wconf 75' lang='lat' dir='ltr'><strong><em>acceperat.-</em></strong></span> 
     </span>
     <span class='ocr_line' id='line_1_5' title="bbox 530 912 2475 995; baseline -0.002 -12"><span class='ocrx_word' id='word_1_20' title='bbox 530 935 789 983; x_wconf 75' lang='lat' dir='ltr'><strong><em>uxorem</em></strong></span> <span class='ocrx_word' id='word_1_21' title='bbox 847 915 1014 979; x_wconf 79' lang='lat' dir='ltr'><strong><em>enim</em></strong></span> <span class='ocrx_word' id='word_1_22' title='bbox 1070 913 1541 995; x_wconf 74' lang='lat' dir='ltr'><strong><em>Aethiopissam</em></strong></span> <span class='ocrx_word' id='word_1_23' title='bbox 1600 917 1932 994; x_wconf 75' lang='lat' dir='ltr'><strong><em>acceperat.</em></strong></span> <span class='ocrx_word' id='word_1_24' title='bbox 2030 912 2092 979; x_wconf 78' lang='lat'><strong><em>2.</em></strong></span> <span class='ocrx_word' id='word_1_25' title='bbox 2152 912 2242 978; x_wconf 78' lang='lat' dir='ltr'><strong><em>Et</em></strong></span> <span class='ocrx_word' id='word_1_26' title='bbox 2293 912 2475 979; x_wconf 77' lang='lat' dir='ltr'><strong><em>dixe-</em></strong></span> 
     </span>
     <span class='ocr_line' id='line_1_6' title="bbox 532 996 2478 1082; baseline -0.001 -15"><span class='ocrx_word' id='word_1_27' title='bbox 532 1005 710 1067; x_wconf 77' lang='lat' dir='ltr'><strong><em>runt.-</em></strong></span> <span class='ocrx_word' id='word_1_28' title='bbox 782 999 1112 1082; x_wconf 77' lang='lat' dir='ltr'><strong><em>Numquid</em></strong></span> <span class='ocrx_word' id='word_1_29' title='bbox 1170 998 1544 1065; x_wconf 79' lang='lat' dir='ltr'><strong><em>solummodo</em></strong></span> <span class='ocrx_word' id='word_1_30' title='bbox 1584 1018 1709 1079; x_wconf 80' lang='lat' dir='ltr'><strong><em>per</em></strong></span> <span class='ocrx_word' id='word_1_31' title='bbox 1764 996 1988 1064; x_wconf 77' lang='lat' dir='ltr'><strong><em>Mosen</em></strong></span> <span class='ocrx_word' id='word_1_32' title='bbox 2046 998 2336 1082; x_wconf 73' lang='lat' dir='ltr'><strong><em>loquutus</em></strong></span> <span class='ocrx_word' id='word_1_33' title='bbox 2386 1003 2478 1065; x_wconf 76' lang='lat' dir='ltr'><strong><em>est</em></strong></span> 
     </span>
     <span class='ocr_line' id='line_1_7' title="bbox 540 1082 2473 1166; baseline -0.003 -11"><span class='ocrx_word' id='word_1_34' title='bbox 540 1086 823 1155; x_wconf 74' lang='lat' dir='ltr'><strong><em>Iekova?</em></strong></span> <span class='ocrx_word' id='word_1_35' title='bbox 884 1105 1085 1157; x_wconf 77' lang='lat' dir='ltr'><strong><em>nonne</em></strong></span> <span class='ocrx_word' id='word_1_36' title='bbox 1125 1085 1312 1151; x_wconf 78' lang='lat' dir='ltr'><strong><em>etiam</em></strong></span> <span class='ocrx_word' id='word_1_37' title='bbox 1333 1104 1456 1166; x_wconf 83' lang='lat' dir='ltr'><strong><em>per</em></strong></span> <span class='ocrx_word' id='word_1_38' title='bbox 1496 1103 1609 1150; x_wconf 76' lang='lat' dir='ltr'><strong><em>nos</em></strong></span> <span class='ocrx_word' id='word_1_39' title='bbox 1649 1082 1937 1166; x_wconf 69' lang='lat' dir='ltr'><strong><em>loquutus</em></strong></span> <span class='ocrx_word' id='word_1_40' title='bbox 1971 1089 2060 1150; x_wconf 80' lang='lat' dir='ltr'><strong><em>est</em></strong></span> <span class='ocrx_word' id='word_1_41' title='bbox 2080 1084 2116 1148; x_wconf 64' lang='grc' dir='ltr'><strong><em>ἓ</em></strong></span> <span class='ocrx_word' id='word_1_42' title='bbox 2156 1082 2246 1149; x_wconf 66' lang='lat' dir='ltr'><strong><em>Et</em></strong></span> <span class='ocrx_word' id='word_1_43' title='bbox 2284 1085 2473 1152; x_wconf 80' lang='lat' dir='ltr'><strong><em>audi·</em></strong></span> 
     </span>
     <span class='ocr_line' id='line_1_8' title="bbox 538 1168 2477 1239; baseline -0.002 0"><span class='ocrx_word' id='word_1_44' title='bbox 538 1173 629 1239; x_wconf 75' lang='lat' dir='ltr'><strong><em>vit</em></strong></span> <span class='ocrx_word' id='word_1_45' title='bbox 689 1171 942 1238; x_wconf 78' lang='lat' dir='ltr'><strong><em>Iehova.</em></strong></span> <span class='ocrx_word' id='word_1_46' title='bbox 1048 1170 1106 1235; x_wconf 88' lang='lat'><strong><em>3.</em></strong></span> <span class='ocrx_word' id='word_1_47' title='bbox 1179 1169 1297 1235; x_wconf 81' lang='lat' dir='ltr'><strong><em>Vir</em></strong></span> <span class='ocrx_word' id='word_1_48' title='bbox 1352 1175 1563 1235; x_wconf 81' lang='lat' dir='ltr'><strong><em>autem</em></strong></span> <span class='ocrx_word' id='word_1_49' title='bbox 1616 1168 1725 1235; x_wconf 83' lang='lat' dir='ltr'><strong><em>ille</em></strong></span> <span class='ocrx_word' id='word_1_50' title='bbox 1782 1168 1995 1236; x_wconf 86' lang='lat' dir='ltr'><strong><em>Moses</em></strong></span> <span class='ocrx_word' id='word_1_51' title='bbox 2048 1169 2477 1236; x_wconf 52' lang='lat' dir='ltr'><strong><em>mansuetissin</em></strong></span> 
     </span>
     <span class='ocr_line' id='line_1_9' title="bbox 538 1254 2475 1341; baseline -0.002 -17"><span class='ocrx_word' id='word_1_52' title='bbox 538 1279 682 1326; x_wconf 79' lang='lat' dir='ltr'><strong><em>mus</em></strong></span> <span class='ocrx_word' id='word_1_53' title='bbox 719 1257 850 1341; x_wconf 73' lang='lat' dir='ltr'><strong><em>fuit</em></strong></span> <span class='ocrx_word' id='word_1_54' title='bbox 880 1277 1046 1339; x_wconf 80' lang='lat' dir='ltr'><strong><em>prae</em></strong></span> <span class='ocrx_word' id='word_1_55' title='bbox 1099 1256 1334 1322; x_wconf 70' lang='lat' dir='ltr'><strong><em>eunetis</em></strong></span> <span class='ocrx_word' id='word_1_56' title='bbox 1375 1254 1728 1321; x_wconf 77' lang='lat' dir='ltr'><strong><em>hominibus</em></strong></span> <span class='ocrx_word' id='word_1_57' title='bbox 1775 1255 1885 1338; x_wconf 71' lang='lat' dir='ltr'><strong><em>qui</em></strong></span> <span class='ocrx_word' id='word_1_58' title='bbox 1925 1260 2102 1321; x_wconf 77' lang='lat' dir='ltr'><strong><em>erant</em></strong></span> <span class='ocrx_word' id='word_1_59' title='bbox 2143 1276 2338 1339; x_wconf 77' lang='lat' dir='ltr'><strong><em>super</em></strong></span> <span class='ocrx_word' id='word_1_60' title='bbox 2375 1254 2475 1339; x_wconf 81' lang='lat' dir='ltr'><strong><em>fa-</em></strong></span> 
     </span>
     <span class='ocr_line' id='line_1_10' title="bbox 537 1339 2472 1426; baseline -0.001 -16"><span class='ocrx_word' id='word_1_61' title='bbox 537 1344 692 1410; x_wconf 82' lang='lat' dir='ltr'><strong><em>eiem</em></strong></span> <span class='ocrx_word' id='word_1_62' title='bbox 725 1348 943 1409; x_wconf 81' lang='lat' dir='ltr'><strong><em>terrae.</em></strong></span> <span class='ocrx_word' id='word_1_63' title='bbox 1000 1342 1062 1408; x_wconf 89' lang='lat'><strong><em>4.</em></strong></span> <span class='ocrx_word' id='word_1_64' title='bbox 1101 1341 1275 1426; x_wconf 74' lang='lat' dir='ltr'><strong><em>Eryo</em></strong></span> <span class='ocrx_word' id='word_1_65' title='bbox 1308 1341 1601 1422; x_wconf 76' lang='lat' dir='ltr'><strong><em>extemplo</em></strong></span> <span class='ocrx_word' id='word_1_66' title='bbox 1633 1341 1803 1406; x_wconf 73' lang='lat' dir='ltr'><strong><em>dixit</em></strong></span> <span class='ocrx_word' id='word_1_67' title='bbox 1836 1339 2069 1406; x_wconf 72' lang='lat' dir='ltr'><strong><em>Iehova</em></strong></span> <span class='ocrx_word' id='word_1_68' title='bbox 2113 1342 2200 1407; x_wconf 79' lang='lat' dir='ltr'><strong><em>ad</em></strong></span> <span class='ocrx_word' id='word_1_69' title='bbox 2231 1339 2472 1421; x_wconf 80' lang='lat' dir='ltr'><strong><em>Mosen,</em></strong></span> 
     </span>
     <span class='ocr_line' id='line_1_11' title="bbox 545 1424 2476 1511; baseline -0.002 -14"><span class='ocrx_word' id='word_1_70' title='bbox 545 1429 813 1497; x_wconf 66' lang='lat' dir='ltr'><strong><em>Abarara</em></strong></span> <span class='ocrx_word' id='word_1_71' title='bbox 855 1432 910 1494; x_wconf 78' lang='lat' dir='ltr'><strong><em>et</em></strong></span> <span class='ocrx_word' id='word_1_72' title='bbox 944 1426 1268 1493; x_wconf 81' lang='lat' dir='ltr'><strong><em>Mariam.-</em></strong></span> <span class='ocrx_word' id='word_1_73' title='bbox 1306 1424 1706 1511; x_wconf 75' lang='lat' dir='ltr'><strong><em>Eyredimini</em></strong></span> <span class='ocrx_word' id='word_1_74' title='bbox 1747 1446 1854 1492; x_wconf 83' lang='lat' dir='ltr'><strong><em>vos</em></strong></span> <span class='ocrx_word' id='word_1_75' title='bbox 1896 1430 2021 1492; x_wconf 74' lang='lat' dir='ltr'><strong><em>tres</em></strong></span> <span class='ocrx_word' id='word_1_76' title='bbox 2062 1427 2151 1493; x_wconf 81' lang='lat' dir='ltr'><strong><em>ad</em></strong></span> <span class='ocrx_word' id='word_1_77' title='bbox 2193 1426 2476 1493; x_wconf 67' lang='lat' dir='ltr'><strong><em>taem</em></strong></span> 
     </span>
     <span class='ocr_line' id='line_1_12' title="bbox 537 1511 2477 1596; baseline -0.002 -14"><span class='ocrx_word' id='word_1_78' title='bbox 537 1515 745 1583; x_wconf 70' lang='lat' dir='ltr'><strong><em>euhom</em></strong></span> <span class='ocrx_word' id='word_1_79' title='bbox 785 1514 1213 1581; x_wconf 77' lang='lat' dir='ltr'><strong><em>conventionis.</em></strong></span> <span class='ocrx_word' id='word_1_80' title='bbox 1300 1511 1390 1576; x_wconf 80' lang='lat' dir='ltr'><strong><em>Et</em></strong></span> <span class='ocrx_word' id='word_1_81' title='bbox 1436 1513 1665 1596; x_wconf 68' lang='lat' dir='ltr'><strong><em>eyressi</em></strong></span> <span class='ocrx_word' id='word_1_82' title='bbox 1712 1516 1862 1577; x_wconf 77' lang='lat' dir='ltr'><strong><em>sunt</em></strong></span> <span class='ocrx_word' id='word_1_83' title='bbox 1892 1512 2023 1596; x_wconf 82' lang='lat' dir='ltr'><strong><em>ipsi</em></strong></span> <span class='ocrx_word' id='word_1_84' title='bbox 2050 1517 2191 1578; x_wconf 72' lang='lat' dir='ltr'><strong><em>tres.</em></strong></span> <span class='ocrx_word' id='word_1_85' title='bbox 2281 1512 2342 1579; x_wconf 86' lang='lat'><strong><em>5.</em></strong></span> <span class='ocrx_word' id='word_1_86' title='bbox 2387 1512 2477 1579; x_wconf 75' lang='lat' dir='ltr'><strong><em>Et</em></strong></span> 
     </span>
     <span class='ocr_line' id='line_1_13' title="bbox 538 1598 2476 1668; baseline -0.002 0"><span class='ocrx_word' id='word_1_87' title='bbox 538 1601 850 1668; x_wconf 77' lang='lat' dir='ltr'><strong><em>descendit</em></strong></span> <span class='ocrx_word' id='word_1_88' title='bbox 894 1599 1124 1666; x_wconf 76' lang='lat' dir='ltr'><strong><em>Iehova</em></strong></span> <span class='ocrx_word' id='word_1_89' title='bbox 1169 1599 1235 1664; x_wconf 79' lang='lat' dir='ltr'><strong><em>in</em></strong></span> <span class='ocrx_word' id='word_1_90' title='bbox 1270 1598 1556 1665; x_wconf 78' lang='lat' dir='ltr'><strong><em>columna</em></strong></span> <span class='ocrx_word' id='word_1_91' title='bbox 1594 1598 1781 1665; x_wconf 73' lang='lat' dir='ltr'><strong><em>nubis</em></strong></span> <span class='ocrx_word' id='word_1_92' title='bbox 1821 1603 1876 1664; x_wconf 81' lang='lat' dir='ltr'><strong><em>et</em></strong></span> <span class='ocrx_word' id='word_1_93' title='bbox 1917 1598 2081 1664; x_wconf 71' lang='lat' dir='ltr'><strong><em>stetit</em></strong></span> <span class='ocrx_word' id='word_1_94' title='bbox 2120 1598 2206 1664; x_wconf 78' lang='lat' dir='ltr'><strong><em>ad</em></strong></span> <span class='ocrx_word' id='word_1_95' title='bbox 2250 1600 2476 1665; x_wconf 76' lang='lat' dir='ltr'><strong><em>ostium</em></strong></span> 
     </span>
     <span class='ocr_line' id='line_1_14' title="bbox 539 1682 2478 1769; baseline -0.001 -16"><span class='ocrx_word' id='word_1_96' title='bbox 539 1686 962 1753; x_wconf 75' lang='lat' dir='ltr'><strong><em>tabemacubi:</em></strong></span> <span class='ocrx_word' id='word_1_97' title='bbox 1003 1687 1360 1766; x_wconf 75' lang='lat' dir='ltr'><strong><em>vocavitque</em></strong></span> <span class='ocrx_word' id='word_1_98' title='bbox 1399 1683 1663 1749; x_wconf 59' lang='lat' dir='ltr'><strong><em>Auaron</em></strong></span> <span class='ocrx_word' id='word_1_99' title='bbox 1704 1689 1760 1749; x_wconf 79' lang='lat' dir='ltr'><strong><em>et</em></strong></span> <span class='ocrx_word' id='word_1_100' title='bbox 1800 1682 2110 1762; x_wconf 72' lang='grc' dir='ltr'><em>Μανῖωη,</em></span> <span class='ocrx_word' id='word_1_101' title='bbox 2155 1689 2213 1749; x_wconf 83' lang='lat' dir='ltr'><strong><em>et</em></strong></span> <span class='ocrx_word' id='word_1_102' title='bbox 2245 1685 2478 1769; x_wconf 62' lang='lat' dir='ltr'><strong><em>egressi</em></strong></span> 
     </span>
     <span class='ocr_line' id='line_1_15' title="bbox 542 1769 2476 1855; baseline -0.002 -17"><span class='ocrx_word' id='word_1_103' title='bbox 542 1777 690 1838; x_wconf 75' lang='lat' dir='ltr'><strong><em>sunt</em></strong></span> <span class='ocrx_word' id='word_1_104' title='bbox 729 1770 906 1839; x_wconf 82' lang='lat' dir='ltr'><strong><em>ambo</em></strong></span> <span class='ocrx_word' id='word_1_105' title='bbox 948 1771 1095 1853; x_wconf 94' lang='grc' dir='ltr'><em>ἐρεῖ.</em></span> <span class='ocrx_word' id='word_1_106' title='bbox 1165 1769 1237 1855; x_wconf 51' lang='grc'><strong><em>,6.</em></strong></span> <span class='ocrx_word' id='word_1_107' title='bbox 1289 1769 1528 1851; x_wconf 76' lang='lat' dir='ltr'><strong><em>Quibus</em></strong></span> <span class='ocrx_word' id='word_1_108' title='bbox 1568 1771 1764 1836; x_wconf 72' lang='lat' dir='ltr'><strong><em>dioeit:</em></strong></span> <span class='ocrx_word' id='word_1_109' title='bbox 1807 1770 2042 1836; x_wconf 73' lang='lat' dir='ltr'><strong><em>Audite</em></strong></span> <span class='ocrx_word' id='word_1_110' title='bbox 2082 1789 2250 1836; x_wconf 73' lang='lat' dir='ltr'><strong><em>nune</em></strong></span> <span class='ocrx_word' id='word_1_111' title='bbox 2288 1770 2476 1835; x_wconf 81' lang='lat' dir='ltr'><strong><em>verba</em></strong></span> 
     </span>
     <span class='ocr_line' id='line_1_16' title="bbox 539 1854 2477 1940; baseline -0.001 -16"><span class='ocrx_word' id='word_1_112' title='bbox 539 1877 712 1925; x_wconf 82' lang='lat' dir='ltr'><strong><em>mea.-</em></strong></span> <span class='ocrx_word' id='word_1_113' title='bbox 759 1856 835 1923; x_wconf 73' lang='lat' dir='ltr'><strong><em>Si</em></strong></span> <span class='ocrx_word' id='word_1_114' title='bbox 871 1857 1064 1940; x_wconf 64' lang='lat' dir='ltr'><strong><em>faerit</em></strong></span> <span class='ocrx_word' id='word_1_115' title='bbox 1122 1855 1420 1938; x_wconf 74' lang='lat' dir='ltr'><strong><em>propheta</em></strong></span> <span class='ocrx_word' id='word_1_116' title='bbox 1462 1855 1664 1934; x_wconf 79' lang='lat' dir='ltr'><strong><em>vobis,</em></strong></span> <span class='ocrx_word' id='word_1_117' title='bbox 1709 1873 1813 1940; x_wconf 73' lang='lat' dir='ltr'><strong><em>eqo</em></strong></span> <span class='ocrx_word' id='word_1_118' title='bbox 1858 1854 2088 1921; x_wconf 69' lang='lat' dir='ltr'><strong><em>Iehova</em></strong></span> <span class='ocrx_word' id='word_1_119' title='bbox 2126 1855 2196 1921; x_wconf 78' lang='lat' dir='ltr'><strong><em>in</em></strong></span> <span class='ocrx_word' id='word_1_120' title='bbox 2239 1856 2477 1922; x_wconf 79' lang='lat' dir='ltr'><strong><em>visione</em></strong></span> 
     </span>
     <span class='ocr_line' id='line_1_17' title="bbox 546 1940 2478 2027; baseline -0.001 -17"><span class='ocrx_word' id='word_1_121' title='bbox 546 1942 861 2027; x_wconf 74' lang='lat' dir='ltr'><strong><em>apparebo</em></strong></span> <span class='ocrx_word' id='word_1_122' title='bbox 915 1943 1003 2021; x_wconf 85' lang='lat' dir='ltr'><strong><em>ei,</em></strong></span> <span class='ocrx_word' id='word_1_123' title='bbox 1062 1942 1133 2006; x_wconf 78' lang='lat' dir='ltr'><strong><em>in</em></strong></span> <span class='ocrx_word' id='word_1_124' title='bbox 1175 1943 1413 2007; x_wconf 82' lang='lat' dir='ltr'><strong><em>somnio</em></strong></span> <span class='ocrx_word' id='word_1_125' title='bbox 1470 1940 1691 2023; x_wconf 74' lang='lat' dir='ltr'><strong><em>loquar</em></strong></span> <span class='ocrx_word' id='word_1_126' title='bbox 1731 1960 1872 2006; x_wconf 77' lang='lat' dir='ltr'><strong><em>oum</em></strong></span> <span class='ocrx_word' id='word_1_127' title='bbox 1914 1961 1998 2006; x_wconf 90' lang='lat' dir='ltr'><strong><em>eo.</em></strong></span> <span class='ocrx_word' id='word_1_128' title='bbox 2090 1942 2149 2005; x_wconf 84' lang='lat'><strong><em>7.</em></strong></span> <span class='ocrx_word' id='word_1_129' title='bbox 2195 1941 2342 2007; x_wconf 74' lang='lat' dir='ltr'><strong><em>Noa</em></strong></span> <span class='ocrx_word' id='word_1_130' title='bbox 2384 1941 2478 2008; x_wconf 81' lang='lat' dir='ltr'><strong><em>sic</em></strong></span> 
     </span>
     <span class='ocr_line' id='line_1_18' title="bbox 544 2025 2478 2111; baseline -0.001 -15"><span class='ocrx_word' id='word_1_131' title='bbox 544 2049 761 2096; x_wconf 79' lang='lat' dir='ltr'><strong><em>servus</em></strong></span> <span class='ocrx_word' id='word_1_132' title='bbox 825 2047 1000 2094; x_wconf 80' lang='lat' dir='ltr'><strong><em>meus</em></strong></span> <span class='ocrx_word' id='word_1_133' title='bbox 1057 2025 1293 2104; x_wconf 83' lang='lat' dir='ltr'><strong><em>Moses,</em></strong></span> <span class='ocrx_word' id='word_1_134' title='bbox 1353 2027 1462 2108; x_wconf 77' lang='lat' dir='ltr'><strong><em>qm·</em></strong></span> <span class='ocrx_word' id='word_1_135' title='bbox 1526 2028 1596 2092; x_wconf 75' lang='lat' dir='ltr'><strong><em>in</em></strong></span> <span class='ocrx_word' id='word_1_136' title='bbox 1659 2031 1782 2092; x_wconf 79' lang='lat' dir='ltr'><strong><em>tota</em></strong></span> <span class='ocrx_word' id='word_1_137' title='bbox 1846 2026 2025 2092; x_wconf 82' lang='lat' dir='ltr'><strong><em>domo</em></strong></span> <span class='ocrx_word' id='word_1_138' title='bbox 2087 2046 2226 2093; x_wconf 89' lang='lat' dir='ltr'><strong><em>mea</em></strong></span> <span class='ocrx_word' id='word_1_139' title='bbox 2273 2027 2478 2111; x_wconf 70' lang='lat' dir='ltr'><strong><em>fidelis</em></strong></span> 
     </span>
     <span class='ocr_line' id='line_1_19' title="bbox 543 2112 2477 2194; baseline -0.002 -13"><span class='ocrx_word' id='word_1_140' title='bbox 543 2121 649 2181; x_wconf 80' lang='lat' dir='ltr'><strong><em>est.</em></strong></span> <span class='ocrx_word' id='word_1_141' title='bbox 735 2112 796 2179; x_wconf 88' lang='lat'><strong><em>8.</em></strong></span> <span class='ocrx_word' id='word_1_142' title='bbox 863 2113 983 2179; x_wconf 82' lang='lat' dir='ltr'><strong><em>Ore</em></strong></span> <span class='ocrx_word' id='word_1_143' title='bbox 1037 2113 1122 2178; x_wconf 82' lang='lat' dir='ltr'><strong><em>ad</em></strong></span> <span class='ocrx_word' id='word_1_144' title='bbox 1166 2133 1238 2180; x_wconf 91' lang='lat' dir='ltr'><strong><em>os</em></strong></span> <span class='ocrx_word' id='word_1_145' title='bbox 1291 2112 1507 2194; x_wconf 75' lang='lat' dir='ltr'><strong><em>loquor</em></strong></span> <span class='ocrx_word' id='word_1_146' title='bbox 1548 2132 1687 2178; x_wconf 82' lang='lat' dir='ltr'><strong><em>eum</em></strong></span> <span class='ocrx_word' id='word_1_147' title='bbox 1728 2132 1816 2193; x_wconf 84' lang='lat' dir='ltr'><strong><em>eo,</em></strong></span> <span class='ocrx_word' id='word_1_148' title='bbox 1883 2116 2062 2194; x_wconf 72' lang='lat' dir='ltr'><strong><em>atque</em></strong></span> <span class='ocrx_word' id='word_1_149' title='bbox 2094 2112 2161 2178; x_wconf 84' lang='grc' dir='ltr'><strong><em>ῖη</em></strong></span> <span class='ocrx_word' id='word_1_150' title='bbox 2205 2113 2477 2181; x_wconf 77' lang='lat' dir='ltr'><strong><em>visione.-</em></strong></span> 
     </span>
     <span class='ocr_line' id='line_1_20' title="bbox 539 2196 2476 2297; baseline -0.002 -31"><span class='ocrx_word' id='word_1_151' title='bbox 539 2219 667 2266; x_wconf 78' lang='lat' dir='ltr'><strong><em>non</em></strong></span> <span class='ocrx_word' id='word_1_152' title='bbox 723 2203 928 2267; x_wconf 79' lang='lat' dir='ltr'><strong><em>autem</em></strong></span> <span class='ocrx_word' id='word_1_153' title='bbox 965 2218 1081 2279; x_wconf 83' lang='lat' dir='ltr'><strong><em>per</em></strong></span> <span class='ocrx_word' id='word_1_154' title='bbox 1113 2199 1467 2282; x_wconf 69' lang='lat' dir='ltr'><strong><em>aeniqmata</em></strong></span> <span class='ocrx_word' id='word_1_155' title='bbox 1483 2246 1498 2275; x_wconf 94' lang='lat'><strong><em>,</em></strong></span> <span class='ocrx_word' id='word_1_156' title='bbox 1542 2218 1733 2280; x_wconf 73' lang='lat' dir='ltr'><strong><em>neque</em></strong></span> <span class='ocrx_word' id='word_1_157' title='bbox 1755 2196 1804 2297; x_wconf 86' lang='lat'><strong><em>¹)</em></strong></span> <span class='ocrx_word' id='word_1_158' title='bbox 1838 2217 1963 2278; x_wconf 78' lang='lat' dir='ltr'><strong><em>per</em></strong></span> <span class='ocrx_word' id='word_1_159' title='bbox 2002 2197 2476 2264; x_wconf 75' lang='lat' dir='ltr'><strong><em>similitudinem</em></strong></span> 
     </span>
     <span class='ocr_line' id='line_1_21' title="bbox 538 2283 2476 2368; baseline 0 -17"><span class='ocrx_word' id='word_1_160' title='bbox 538 2283 801 2352; x_wconf 70' lang='lat' dir='ltr'><strong><em>Iehovae</em></strong></span> <span class='ocrx_word' id='word_1_161' title='bbox 833 2284 1094 2368; x_wconf 66' lang='lat' dir='ltr'><strong><em>aspiciet</em></strong></span> <span class='ocrx_word' id='word_1_162' title='bbox 1110 2308 1130 2349; x_wconf 91' lang='lat'><strong><em>.·</em></strong></span> <span class='ocrx_word' id='word_1_163' title='bbox 1170 2303 1367 2366; x_wconf 77' lang='lat' dir='ltr'><strong><em>quare</em></strong></span> <span class='ocrx_word' id='word_1_164' title='bbox 1399 2304 1468 2349; x_wconf 81' lang='lat' dir='ltr'><strong><em>er</em></strong></span> <span class='ocrx_word' id='word_1_165' title='bbox 1505 2304 1540 2349; x_wconf 94' lang='lat' dir='ltr'><strong><em>o</em></strong></span> <span class='ocrx_word' id='word_1_166' title='bbox 1574 2304 1698 2351; x_wconf 75' lang='lat' dir='ltr'><strong><em>aon</em></strong></span> <span class='ocrx_word' id='word_1_167' title='bbox 1734 2283 2037 2349; x_wconf 58' lang='lat' dir='ltr'><strong><em>tenuistis</em></strong></span> <span class='ocrx_word' id='word_1_168' title='bbox 2069 2283 2240 2366; x_wconf 76' lang='lat' dir='ltr'><strong><em>loqui</em></strong></span> <span class='ocrx_word' id='word_1_169' title='bbox 2259 2284 2476 2351; x_wconf 76' lang='lat' dir='ltr'><strong><em>adver-</em></strong></span> 
     </span>
     <span class='ocr_line' id='line_1_22' title="bbox 536 2304 1505 2438; baseline -0.004 0"><span class='ocrx_word' id='word_1_170' title='bbox 536 2390 652 2437; x_wconf 77' lang='grc' dir='ltr'><strong><em>ειιε</em></strong></span> <span class='ocrx_word' id='word_1_171' title='bbox 693 2391 942 2438; x_wconf 77' lang='lat' dir='ltr'><strong><em>servum</em></strong></span> <span class='ocrx_word' id='word_1_172' title='bbox 973 2389 1178 2435; x_wconf 77' lang='lat' dir='ltr'><strong><em>meum</em></strong></span> <span class='ocrx_word' id='word_1_173' title='bbox 1223 2304 1505 2435; x_wconf 49' lang='lat' dir='ltr'><strong><em>Mosen?</em></strong></span> 
     </span>
    </p>
   </div>
   <div class='ocr_carea' id='block_1_4' title="bbox 709 2539 2516 2623">
    <p class='ocr_par' dir='ltr' id='par_1_4' title="bbox 709 2539 2516 2623">
     <span class='ocr_line' id='line_1_23' title="bbox 709 2539 2516 2623; baseline -0.002 -15"><span class='ocrx_word' id='word_1_174' title='bbox 709 2544 767 2608; x_wconf 91' lang='lat'><strong><em>1.</em></strong></span> <span class='ocrx_word' id='word_1_175' title='bbox 812 2539 901 2607; x_wconf 77' lang='lat' dir='ltr'><strong><em>Et</em></strong></span> <span class='ocrx_word' id='word_1_176' title='bbox 932 2540 1185 2623; x_wconf 73' lang='lat' dir='ltr'><strong><em>loquuta</em></strong></span> <span class='ocrx_word' id='word_1_177' title='bbox 1219 2543 1308 2607; x_wconf 78' lang='lat' dir='ltr'><strong><em>est</em></strong></span> <span class='ocrx_word' id='word_1_178' title='bbox 1343 2539 1585 2605; x_wconf 82' lang='lat' dir='ltr'><strong><em>Maria.</em></strong></span> <span class='ocrx_word' id='word_1_179' title='bbox 1654 2539 1956 2607; x_wconf 77' lang='lat' dir='ltr'><strong><em>Historia</em></strong></span> <span class='ocrx_word' id='word_1_180' title='bbox 1989 2540 2149 2607; x_wconf 86' lang='lat' dir='ltr'><strong><em>haec</em></strong></span> <span class='ocrx_word' id='word_1_181' title='bbox 2185 2540 2267 2606; x_wconf 90' lang='lat' dir='ltr'><strong><em>ob</em></strong></span> <span class='ocrx_word' id='word_1_182' title='bbox 2302 2540 2472 2606; x_wconf 89' lang='lat' dir='ltr'><strong><em>mul·</em></strong></span> <span class='ocrx_word' id='word_1_183' title='bbox 2506 2546 2516 2557; x_wconf 84' lang='lat'><em>&#39;</em></span> 
     </span>
    </p>
   </div>
   <div class='ocr_carea' id='block_1_5' title="bbox 529 2625 2486 5197">
    <p class='ocr_par' dir='ltr' id='par_1_5' title="bbox 529 2625 2478 4084">
     <span class='ocr_line' id='line_1_24' title="bbox 534 2625 2474 2712; baseline 0 -19"><span class='ocrx_word' id='word_1_184' title='bbox 534 2636 637 2693; x_wconf 87' lang='lat' dir='ltr'><strong><em>tas</em></strong></span> <span class='ocrx_word' id='word_1_185' title='bbox 681 2647 914 2694; x_wconf 89' lang='lat' dir='ltr'><strong><em>causas</em></strong></span> <span class='ocrx_word' id='word_1_186' title='bbox 959 2627 1255 2710; x_wconf 89' lang='lat' dir='ltr'><strong><em>apprime</em></strong></span> <span class='ocrx_word' id='word_1_187' title='bbox 1298 2626 1648 2692; x_wconf 87' lang='lat' dir='ltr'><strong><em>observatu</em></strong></span> <span class='ocrx_word' id='word_1_188' title='bbox 1693 2626 1892 2712; x_wconf 90' lang='lat' dir='ltr'><strong><em>digua</em></strong></span> <span class='ocrx_word' id='word_1_189' title='bbox 1931 2634 2051 2692; x_wconf 88' lang='lat' dir='ltr'><strong><em>est.</em></strong></span> <span class='ocrx_word' id='word_1_190' title='bbox 2133 2625 2206 2694; x_wconf 81' lang='lat' dir='ltr'><strong><em>Si</em></strong></span> <span class='ocrx_word' id='word_1_191' title='bbox 2252 2626 2474 2693; x_wconf 83' lang='lat' dir='ltr'><strong><em>fratris</em></strong></span> 
     </span>
     <span class='ocr_line' id='line_1_25' title="bbox 533 2710 2475 2798; baseline -0.002 -19"><span class='ocrx_word' id='word_1_192' title='bbox 533 2713 638 2779; x_wconf 88' lang='lat' dir='ltr'><strong><em>sui</em></strong></span> <span class='ocrx_word' id='word_1_193' title='bbox 697 2713 927 2779; x_wconf 85' lang='lat' dir='ltr'><strong><em>honori</em></strong></span> <span class='ocrx_word' id='word_1_194' title='bbox 987 2710 1235 2796; x_wconf 89' lang='lat' dir='ltr'><strong><em>placide</em></strong></span> <span class='ocrx_word' id='word_1_195' title='bbox 1294 2731 1553 2795; x_wconf 88' lang='lat' dir='ltr'><strong><em>semper</em></strong></span> <span class='ocrx_word' id='word_1_196' title='bbox 1613 2719 1682 2777; x_wconf 88' lang='lat' dir='ltr'><strong><em>et</em></strong></span> <span class='ocrx_word' id='word_1_197' title='bbox 1738 2732 1822 2777; x_wconf 81' lang='lat' dir='ltr'><strong><em>ex</em></strong></span> <span class='ocrx_word' id='word_1_198' title='bbox 1865 2712 2086 2778; x_wconf 88' lang='lat' dir='ltr'><strong><em>animo</em></strong></span> <span class='ocrx_word' id='word_1_199' title='bbox 2131 2711 2475 2798; x_wconf 85' lang='lat' dir='ltr'><strong><em>suffragati</em></strong></span> 
     </span>
     <span class='ocr_line' id='line_1_26' title="bbox 529 2798 2475 2882; baseline -0.002 -15"><span class='ocrx_word' id='word_1_200' title='bbox 529 2807 751 2867; x_wconf 83' lang='lat' dir='ltr'><strong><em>essent</em></strong></span> <span class='ocrx_word' id='word_1_201' title='bbox 785 2798 1057 2864; x_wconf 87' lang='lat' dir='ltr'><strong><em>Aharon</em></strong></span> <span class='ocrx_word' id='word_1_202' title='bbox 1097 2807 1163 2863; x_wconf 90' lang='lat' dir='ltr'><strong><em>et</em></strong></span> <span class='ocrx_word' id='word_1_203' title='bbox 1196 2798 1430 2874; x_wconf 86' lang='lat' dir='ltr'><strong><em>Maria,</em></strong></span> <span class='ocrx_word' id='word_1_204' title='bbox 1476 2817 1597 2863; x_wconf 89' lang='lat' dir='ltr'><strong><em>uec</em></strong></span> <span class='ocrx_word' id='word_1_205' title='bbox 1641 2818 1750 2864; x_wconf 91' lang='lat' dir='ltr'><strong><em>eos</em></strong></span> <span class='ocrx_word' id='word_1_206' title='bbox 1795 2818 2105 2880; x_wconf 88' lang='lat' dir='ltr'><strong><em>perversa</em></strong></span> <span class='ocrx_word' id='word_1_207' title='bbox 2145 2798 2475 2882; x_wconf 86' lang='lat' dir='ltr'><strong><em>impiaque</em></strong></span> 
     </span>
     <span class='ocr_line' id='line_1_27' title="bbox 532 2883 2473 2968; baseline -0.001 -16"><span class='ocrx_word' id='word_1_208' title='bbox 532 2884 880 2952; x_wconf 72' lang='lat' dir='ltr'><strong><em>aemulatio</em></strong></span> <span class='ocrx_word' id='word_1_209' title='bbox 915 2883 1303 2967; x_wconf 88' lang='lat' dir='ltr'><strong><em>praecipites</em></strong></span> <span class='ocrx_word' id='word_1_210' title='bbox 1339 2883 1596 2968; x_wconf 86' lang='lat' dir='ltr'><strong><em>egisset,</em></strong></span> <span class='ocrx_word' id='word_1_211' title='bbox 1631 2884 1975 2951; x_wconf 86' lang='lat' dir='ltr'><strong><em>concordia</em></strong></span> <span class='ocrx_word' id='word_1_212' title='bbox 2000 2904 2227 2950; x_wconf 90' lang='lat' dir='ltr'><strong><em>eorum</em></strong></span> <span class='ocrx_word' id='word_1_213' title='bbox 2267 2904 2473 2968; x_wconf 85' lang='lat' dir='ltr'><strong><em>quan-</em></strong></span> 
     </span>
     <span class='ocr_line' id='line_1_28' title="bbox 532 2968 2472 3038; baseline -0.002 0"><span class='ocrx_word' id='word_1_214' title='bbox 532 2973 787 3038; x_wconf 87' lang='lat' dir='ltr'><strong><em>tumvis</em></strong></span> <span class='ocrx_word' id='word_1_215' title='bbox 823 2977 1053 3036; x_wconf 83' lang='lat' dir='ltr'><strong><em>sancta</em></strong></span> <span class='ocrx_word' id='word_1_216' title='bbox 1088 2968 1371 3034; x_wconf 79' lang='lat' dir='ltr'><strong><em>sinistris</em></strong></span> <span class='ocrx_word' id='word_1_217' title='bbox 1412 2968 1772 3035; x_wconf 83' lang='lat' dir='ltr'><strong><em>multorum</em></strong></span> <span class='ocrx_word' id='word_1_218' title='bbox 1815 2968 2074 3037; x_wconf 90' lang='lat' dir='ltr'><strong><em>iudiciis</em></strong></span> <span class='ocrx_word' id='word_1_219' title='bbox 2117 2970 2185 3034; x_wconf 91' lang='lat' dir='ltr'><strong><em>in</em></strong></span> <span class='ocrx_word' id='word_1_220' title='bbox 2222 2970 2472 3035; x_wconf 89' lang='lat' dir='ltr'><strong><em>crimen</em></strong></span> 
     </span>
     <span class='ocr_line' id='line_1_29' title="bbox 534 3053 2470 3138; baseline -0.002 -15"><span class='ocrx_word' id='word_1_221' title='bbox 534 3064 749 3123; x_wconf 87' lang='lat' dir='ltr'><strong><em>tracta</em></strong></span> <span class='ocrx_word' id='word_1_222' title='bbox 799 3064 1002 3136; x_wconf 90' lang='lat' dir='ltr'><strong><em>esset,</em></strong></span> <span class='ocrx_word' id='word_1_223' title='bbox 1048 3062 1358 3138; x_wconf 78' lang='lat' dir='ltr'><strong><em>tanquam</em></strong></span> <span class='ocrx_word' id='word_1_224' title='bbox 1424 3053 1629 3120; x_wconf 85' lang='lat' dir='ltr'><strong><em>fallax</em></strong></span> <span class='ocrx_word' id='word_1_225' title='bbox 1684 3062 1752 3120; x_wconf 91' lang='lat' dir='ltr'><strong><em>et</em></strong></span> <span class='ocrx_word' id='word_1_226' title='bbox 1793 3055 2105 3121; x_wconf 83' lang='lat' dir='ltr'><strong><em>insidiosa</em></strong></span> <span class='ocrx_word' id='word_1_227' title='bbox 2145 3056 2470 3138; x_wconf 86' lang='lat' dir='ltr'><strong><em>conspira-</em></strong></span> 
     </span>
     <span class='ocr_line' id='line_1_30' title="bbox 536 3139 2470 3225; baseline -0.002 -16"><span class='ocrx_word' id='word_1_228' title='bbox 536 3143 644 3209; x_wconf 86' lang='lat' dir='ltr'><strong><em>tio.</em></strong></span> <span class='ocrx_word' id='word_1_229' title='bbox 724 3141 1006 3208; x_wconf 80' lang='lat' dir='ltr'><strong><em>Factum</em></strong></span> <span class='ocrx_word' id='word_1_230' title='bbox 1068 3141 1082 3155; x_wconf 87' lang='lat'><strong>‘</strong></span> <span class='ocrx_word' id='word_1_231' title='bbox 1137 3141 1269 3207; x_wconf 84' lang='lat' dir='ltr'><strong><em>&#39;tur</em></strong></span> <span class='ocrx_word' id='word_1_232' title='bbox 1316 3147 1419 3207; x_wconf 90' lang='lat' dir='ltr'><strong><em>est</em></strong></span> <span class='ocrx_word' id='word_1_233' title='bbox 1460 3139 1824 3206; x_wconf 84' lang='lat' dir='ltr'><strong><em>admirabili</em></strong></span> <span class='ocrx_word' id='word_1_234' title='bbox 1871 3142 1994 3206; x_wconf 91' lang='lat' dir='ltr'><strong><em>Dei</em></strong></span> <span class='ocrx_word' id='word_1_235' title='bbox 2041 3139 2470 3225; x_wconf 85' lang='lat' dir='ltr'><strong><em>providentia,</em></strong></span> 
     </span>
     <span class='ocr_line' id='line_1_31' title="bbox 533 3226 2472 3314; baseline -0.001 -19"><span class='ocrx_word' id='word_1_236' title='bbox 533 3236 614 3295; x_wconf 90' lang='lat' dir='ltr'><strong><em>ut</em></strong></span> <span class='ocrx_word' id='word_1_237' title='bbox 675 3248 1031 3314; x_wconf 87' lang='lat' dir='ltr'><strong><em>germanus</em></strong></span> <span class='ocrx_word' id='word_1_238' title='bbox 1184 3233 1287 3292; x_wconf 87' lang='lat' dir='ltr'><strong><em>ter</em></strong></span> <span class='ocrx_word' id='word_1_239' title='bbox 1343 3234 1411 3293; x_wconf 88' lang='lat' dir='ltr'><strong><em>et</em></strong></span> <span class='ocrx_word' id='word_1_240' title='bbox 1468 3246 1653 3292; x_wconf 89' lang='lat' dir='ltr'><strong><em>soror</em></strong></span> <span class='ocrx_word' id='word_1_241' title='bbox 1714 3226 1899 3293; x_wconf 90' lang='lat' dir='ltr'><strong><em>litem</em></strong></span> <span class='ocrx_word' id='word_1_242' title='bbox 1960 3227 2041 3294; x_wconf 92' lang='lat' dir='ltr'><strong><em>de</em></strong></span> <span class='ocrx_word' id='word_1_243' title='bbox 2099 3227 2472 3310; x_wconf 86' lang='lat' dir='ltr'><strong><em>principatu</em></strong></span> 
     </span>
     <span class='ocr_line' id='line_1_32' title="bbox 534 3310 2471 3397; baseline -0.002 -16"><span class='ocrx_word' id='word_1_244' title='bbox 534 3313 892 3392; x_wconf 87' lang='lat' dir='ltr'><strong><em>moverint,</em></strong></span> <span class='ocrx_word' id='word_1_245' title='bbox 953 3334 1028 3383; x_wconf 88' lang='lat' dir='ltr'><strong><em>ac</em></strong></span> <span class='ocrx_word' id='word_1_246' title='bbox 1085 3313 1321 3379; x_wconf 86' lang='lat' dir='ltr'><strong><em>Mosen</em></strong></span> <span class='ocrx_word' id='word_1_247' title='bbox 1375 3334 1411 3381; x_wconf 85' lang='lat' dir='ltr'><strong><em>e</em></strong></span> <span class='ocrx_word' id='word_1_248' title='bbox 1455 3312 1664 3397; x_wconf 86' lang='lat' dir='ltr'><strong><em>gradu</em></strong></span> <span class='ocrx_word' id='word_1_249' title='bbox 1727 3313 1797 3378; x_wconf 91' lang='lat' dir='ltr'><strong><em>in</em></strong></span> <span class='ocrx_word' id='word_1_250' title='bbox 1850 3333 1976 3397; x_wconf 90' lang='lat' dir='ltr'><strong><em>quo</em></strong></span> <span class='ocrx_word' id='word_1_251' title='bbox 2019 3310 2334 3378; x_wconf 86' lang='lat' dir='ltr'><strong><em>divinitus</em></strong></span> <span class='ocrx_word' id='word_1_252' title='bbox 2376 3312 2471 3378; x_wconf 89' lang='lat' dir='ltr'><strong><em>lo-</em></strong></span> 
     </span>
     <span class='ocr_line' id='line_1_33' title="bbox 534 3398 2472 3477; baseline -0.002 -9"><span class='ocrx_word' id='word_1_253' title='bbox 534 3406 722 3468; x_wconf 88' lang='lat' dir='ltr'><strong><em>catus</em></strong></span> <span class='ocrx_word' id='word_1_254' title='bbox 777 3407 952 3477; x_wconf 84' lang='lat' dir='ltr'><strong><em>erat,</em></strong></span> <span class='ocrx_word' id='word_1_255' title='bbox 1011 3399 1227 3465; x_wconf 91' lang='lat' dir='ltr'><strong><em>conati</em></strong></span> <span class='ocrx_word' id='word_1_256' title='bbox 1287 3399 1529 3463; x_wconf 85' lang='lat' dir='ltr'><strong><em>fuerint</em></strong></span> <span class='ocrx_word' id='word_1_257' title='bbox 1586 3398 1948 3466; x_wconf 82' lang='lat' dir='ltr'><strong><em>detrahere.</em></strong></span> <span class='ocrx_word' id='word_1_258' title='bbox 2037 3398 2239 3465; x_wconf 87' lang='lat' dir='ltr'><strong><em>Nulla</em></strong></span> <span class='ocrx_word' id='word_1_259' title='bbox 2296 3399 2472 3465; x_wconf 90' lang='lat' dir='ltr'><strong><em>enim</em></strong></span> 
     </span>
     <span class='ocr_line' id='line_1_34' title="bbox 541 3482 2473 3568; baseline -0.001 -18"><span class='ocrx_word' id='word_1_260' title='bbox 541 3484 828 3568; x_wconf 89' lang='lat' dir='ltr'><strong><em>suspicio</em></strong></span> <span class='ocrx_word' id='word_1_261' title='bbox 865 3483 1094 3550; x_wconf 88' lang='lat' dir='ltr'><strong><em>relicta</em></strong></span> <span class='ocrx_word' id='word_1_262' title='bbox 1138 3484 1266 3550; x_wconf 82' lang='lat' dir='ltr'><strong><em>fuit</em></strong></span> <span class='ocrx_word' id='word_1_263' title='bbox 1320 3482 1655 3551; x_wconf 74' lang='lat' dir='ltr'><strong><em>domestici</em></strong></span> <span class='ocrx_word' id='word_1_264' title='bbox 1704 3485 1966 3565; x_wconf 81' lang='lat' dir='ltr'><strong><em>favoris,</em></strong></span> <span class='ocrx_word' id='word_1_265' title='bbox 2005 3484 2118 3551; x_wconf 89' lang='lat' dir='ltr'><strong><em>sed</em></strong></span> <span class='ocrx_word' id='word_1_266' title='bbox 2154 3483 2327 3551; x_wconf 88' lang='lat' dir='ltr'><strong><em>clarc</em></strong></span> <span class='ocrx_word' id='word_1_267' title='bbox 2362 3505 2473 3568; x_wconf 91' lang='lat' dir='ltr'><strong><em>ap·</em></strong></span> 
     </span>
     <span class='ocr_line' id='line_1_35' title="bbox 536 3569 2470 3654; baseline -0.001 -18"><span class='ocrx_word' id='word_1_268' title='bbox 536 3570 756 3653; x_wconf 85' lang='lat' dir='ltr'><strong><em>paruit</em></strong></span> <span class='ocrx_word' id='word_1_269' title='bbox 800 3570 1031 3636; x_wconf 82' lang='lat' dir='ltr'><strong><em>Mosen</em></strong></span> <span class='ocrx_word' id='word_1_270' title='bbox 1050 3620 1065 3646; x_wconf 89' lang='lat'><strong><em>,</em></strong></span> <span class='ocrx_word' id='word_1_271' title='bbox 1110 3590 1312 3653; x_wconf 89' lang='lat' dir='ltr'><strong><em>quum</em></strong></span> <span class='ocrx_word' id='word_1_272' title='bbox 1359 3590 1399 3635; x_wconf 90' lang='lat' dir='ltr'><strong><em>a</em></strong></span> <span class='ocrx_word' id='word_1_273' title='bbox 1441 3569 1578 3636; x_wconf 88' lang='lat' dir='ltr'><strong><em>suis</em></strong></span> <span class='ocrx_word' id='word_1_274' title='bbox 1620 3578 2129 3654; x_wconf 80' lang='lat' dir='ltr'><strong><em>oppugnaretur,</em></strong></span> <span class='ocrx_word' id='word_1_275' title='bbox 2174 3570 2312 3636; x_wconf 89' lang='lat' dir='ltr'><strong><em>sola</em></strong></span> <span class='ocrx_word' id='word_1_276' title='bbox 2343 3570 2470 3637; x_wconf 91' lang='lat' dir='ltr'><strong><em>Dei</em></strong></span> 
     </span>
     <span class='ocr_line' id='line_1_36' title="bbox 535 3654 2475 3741; baseline -0.001 -19"><span class='ocrx_word' id='word_1_277' title='bbox 535 3656 789 3722; x_wconf 85' lang='lat' dir='ltr'><strong><em>virtute</em></strong></span> <span class='ocrx_word' id='word_1_278' title='bbox 840 3654 1075 3721; x_wconf 83' lang='lat' dir='ltr'><strong><em>fulciri.</em></strong></span> <span class='ocrx_word' id='word_1_279' title='bbox 1165 3654 1428 3722; x_wconf 86' lang='lat' dir='ltr'><strong><em>Interea</em></strong></span> <span class='ocrx_word' id='word_1_280' title='bbox 1471 3657 1889 3739; x_wconf 77' lang='lat' dir='ltr'><strong><em>perspicitur,</em></strong></span> <span class='ocrx_word' id='word_1_281' title='bbox 1935 3666 2008 3722; x_wconf 85' lang='lat' dir='ltr'><strong><em>ut</em></strong></span> <span class='ocrx_word' id='word_1_282' title='bbox 2050 3657 2342 3741; x_wconf 85' lang='lat' dir='ltr'><strong><em>ingenita</em></strong></span> <span class='ocrx_word' id='word_1_283' title='bbox 2384 3657 2475 3722; x_wconf 89' lang='lat' dir='ltr'><strong><em>sit</em></strong></span> 
     </span>
     <span class='ocr_line' id='line_1_37' title="bbox 541 3740 2476 3825; baseline -0.001 -16"><span class='ocrx_word' id='word_1_284' title='bbox 541 3740 975 3809; x_wconf 70' lang='lat' dir='ltr'><strong><em>ambitiosam</em></strong></span> <span class='ocrx_word' id='word_1_285' title='bbox 1017 3741 1309 3807; x_wconf 90' lang='lat' dir='ltr'><strong><em>omnium</em></strong></span> <span class='ocrx_word' id='word_1_286' title='bbox 1354 3741 1610 3820; x_wconf 87' lang='lat' dir='ltr'><strong><em>animis,</em></strong></span> <span class='ocrx_word' id='word_1_287' title='bbox 1657 3749 1724 3807; x_wconf 84' lang='lat' dir='ltr'><strong><em>et</em></strong></span> <span class='ocrx_word' id='word_1_288' title='bbox 1754 3741 1949 3807; x_wconf 89' lang='lat' dir='ltr'><strong><em>simul</em></strong></span> <span class='ocrx_word' id='word_1_289' title='bbox 1995 3761 2194 3825; x_wconf 91' lang='lat' dir='ltr'><strong><em>quam</em></strong></span> <span class='ocrx_word' id='word_1_290' title='bbox 2229 3742 2476 3809; x_wconf 82' lang='lat' dir='ltr'><strong><em>furiosa</em></strong></span> 
     </span>
     <span class='ocr_line' id='line_1_38' title="bbox 544 3825 2476 3895; baseline 0 -1"><span class='ocrx_word' id='word_1_291' title='bbox 544 3835 611 3894; x_wconf 90' lang='lat' dir='ltr'><strong><em>et</em></strong></span> <span class='ocrx_word' id='word_1_292' title='bbox 654 3847 848 3894; x_wconf 88' lang='lat' dir='ltr'><strong><em>caeca</em></strong></span> <span class='ocrx_word' id='word_1_293' title='bbox 883 3827 970 3891; x_wconf 90' lang='lat' dir='ltr'><strong><em>sit</em></strong></span> <span class='ocrx_word' id='word_1_294' title='bbox 1005 3825 1383 3891; x_wconf 88' lang='lat' dir='ltr'><strong><em>dominandi</em></strong></span> <span class='ocrx_word' id='word_1_295' title='bbox 1414 3826 1631 3893; x_wconf 80' lang='lat' dir='ltr'><strong><em>libido&#39;.</em></strong></span> <span class='ocrx_word' id='word_1_296' title='bbox 1720 3828 1940 3892; x_wconf 89' lang='lat' dir='ltr'><strong><em>Litem</em></strong></span> <span class='ocrx_word' id='word_1_297' title='bbox 1986 3836 2255 3893; x_wconf 89' lang='lat' dir='ltr'><strong><em>movent</em></strong></span> <span class='ocrx_word' id='word_1_298' title='bbox 2292 3828 2476 3895; x_wconf 83' lang='lat' dir='ltr'><strong><em>Aba·</em></strong></span> 
     </span>
     <span class='ocr_line' id='line_1_39' title="bbox 546 3913 2478 3999; baseline -0.001 -20"><span class='ocrx_word' id='word_1_299' title='bbox 546 3933 668 3979; x_wconf 91' lang='lat' dir='ltr'><strong><em>rou</em></strong></span> <span class='ocrx_word' id='word_1_300' title='bbox 706 3922 773 3979; x_wconf 90' lang='lat' dir='ltr'><strong><em>et</em></strong></span> <span class='ocrx_word' id='word_1_301' title='bbox 806 3913 1019 3979; x_wconf 82' lang='lat' dir='ltr'><strong><em>Maria</em></strong></span> <span class='ocrx_word' id='word_1_302' title='bbox 1052 3913 1317 3996; x_wconf 85' lang='lat' dir='ltr'><strong><em>proprio</em></strong></span> <span class='ocrx_word' id='word_1_303' title='bbox 1362 3913 1547 3978; x_wconf 84' lang='lat' dir='ltr'><strong><em>fratri</em></strong></span> <span class='ocrx_word' id='word_1_304' title='bbox 1592 3914 1675 3979; x_wconf 95' lang='lat' dir='ltr'><strong><em>ob</em></strong></span> <span class='ocrx_word' id='word_1_305' title='bbox 1716 3914 2181 3999; x_wconf 74' lang='lat' dir='ltr'><strong><em>principatum.</em></strong></span> <span class='ocrx_word' id='word_1_306' title='bbox 2271 3913 2478 3998; x_wconf 86' lang='lat' dir='ltr'><strong><em>Atqui</em></strong></span> 
     </span>
     <span class='ocr_line' id='line_1_40' title="bbox 549 3997 2476 4084; baseline 0 -19"><span class='ocrx_word' id='word_1_307' title='bbox 549 4001 709 4066; x_wconf 86' lang='lat' dir='ltr'><strong><em>satis</em></strong></span> <span class='ocrx_word' id='word_1_308' title='bbox 767 4018 1092 4083; x_wconf 90' lang='lat' dir='ltr'><strong><em>superque</em></strong></span> <span class='ocrx_word' id='word_1_309' title='bbox 1140 3997 1394 4081; x_wconf 84' lang='lat' dir='ltr'><strong><em>experti</em></strong></span> <span class='ocrx_word' id='word_1_310' title='bbox 1438 3999 1700 4064; x_wconf 81' lang='lat' dir='ltr'><strong><em>fueraut</em></strong></span> <span class='ocrx_word' id='word_1_311' title='bbox 1717 4051 1732 4079; x_wconf 92' lang='lat'><strong><em>,</em></strong></span> <span class='ocrx_word' id='word_1_312' title='bbox 1776 4019 1969 4084; x_wconf 85' lang='lat' dir='ltr'><strong><em>quem</em></strong></span> <span class='ocrx_word' id='word_1_313' title='bbox 2015 4019 2317 4065; x_wconf 87' lang='lat' dir='ltr'><strong><em>eversum</em></strong></span> <span class='ocrx_word' id='word_1_314' title='bbox 2363 4020 2476 4065; x_wconf 91' lang='lat' dir='ltr'><strong><em>cu-</em></strong></span> 
     </span>
    </p>

    <p class='ocr_par' dir='ltr' id='par_1_6' title="bbox 544 4084 2486 5197">
     <span class='ocr_line' id='line_1_41' title="bbox 596 4084 2476 4168; baseline 0.001 -19"><span class='ocrx_word' id='word_1_315' title='bbox 596 4085 765 4168; x_wconf 88' lang='lat' dir='ltr'><strong><em>iunt,</em></strong></span> <span class='ocrx_word' id='word_1_316' title='bbox 809 4104 1007 4149; x_wconf 89' lang='lat' dir='ltr'><strong><em>manu</em></strong></span> <span class='ocrx_word' id='word_1_317' title='bbox 1045 4084 1171 4149; x_wconf 89' lang='lat' dir='ltr'><strong><em>Dei</em></strong></span> <span class='ocrx_word' id='word_1_318' title='bbox 1216 4092 1500 4149; x_wconf 90' lang='lat' dir='ltr'><strong><em>erectum</em></strong></span> <span class='ocrx_word' id='word_1_319' title='bbox 1547 4084 1763 4165; x_wconf 84' lang='lat' dir='ltr'><strong><em>fuisse,</em></strong></span> <span class='ocrx_word' id='word_1_320' title='bbox 1803 4094 1868 4150; x_wconf 87' lang='lat' dir='ltr'><strong><em>et</em></strong></span> <span class='ocrx_word' id='word_1_321' title='bbox 1902 4105 2172 4150; x_wconf 90' lang='lat' dir='ltr'><strong><em>manere</em></strong></span> <span class='ocrx_word' id='word_1_322' title='bbox 2215 4086 2476 4150; x_wconf 89' lang='lat' dir='ltr'><strong><em>firmum</em></strong></span> 
     </span>
     <span class='ocr_line' id='line_1_42' title="bbox 544 4168 2479 4256; baseline 0.001 -21"><span class='ocrx_word' id='word_1_323' title='bbox 544 4192 621 4235; x_wconf 86' lang='lat' dir='ltr'><strong><em>m</em></strong></span> <span class='ocrx_word' id='word_1_324' title='bbox 655 4192 774 4237; x_wconf 87' lang='lat' dir='ltr'><strong><em>suo</em></strong></span> <span class='ocrx_word' id='word_1_325' title='bbox 808 4177 1001 4235; x_wconf 89' lang='lat' dir='ltr'><strong><em>statu.</em></strong></span> <span class='ocrx_word' id='word_1_326' title='bbox 1090 4168 1319 4252; x_wconf 85' lang='lat' dir='ltr'><strong><em>Neque</em></strong></span> <span class='ocrx_word' id='word_1_327' title='bbox 1360 4171 1534 4235; x_wconf 89' lang='lat' dir='ltr'><strong><em>enim</em></strong></span> <span class='ocrx_word' id='word_1_328' title='bbox 1580 4171 1704 4236; x_wconf 91' lang='lat' dir='ltr'><strong><em>sibi</em></strong></span> <span class='ocrx_word' id='word_1_329' title='bbox 1739 4169 2092 4256; x_wconf 85' lang='lat' dir='ltr'><strong><em>quidquam</em></strong></span> <span class='ocrx_word' id='word_1_330' title='bbox 2127 4192 2479 4256; x_wconf 87' lang='lat' dir='ltr'><strong><em>arrogave-</em></strong></span> 
     </span>
     <span class='ocr_line' id='line_1_43' title="bbox 549 4255 2477 4341; baseline 0 -20"><span class='ocrx_word' id='word_1_331' title='bbox 549 4263 655 4322; x_wconf 85' lang='lat' dir='ltr'><strong><em>rat</em></strong></span> <span class='ocrx_word' id='word_1_332' title='bbox 717 4256 970 4321; x_wconf 86' lang='lat' dir='ltr'><strong><em>Moses:</em></strong></span> <span class='ocrx_word' id='word_1_333' title='bbox 1052 4255 1325 4339; x_wconf 88' lang='lat' dir='ltr'><strong><em>ideoque</em></strong></span> <span class='ocrx_word' id='word_1_334' title='bbox 1392 4256 1490 4322; x_wconf 85' lang='lat' dir='ltr'><strong><em>fas</em></strong></span> <span class='ocrx_word' id='word_1_335' title='bbox 1549 4277 1682 4321; x_wconf 90' lang='lat' dir='ltr'><strong><em>nou</em></strong></span> <span class='ocrx_word' id='word_1_336' title='bbox 1743 4265 1885 4322; x_wconf 88' lang='lat' dir='ltr'><strong><em>erat</em></strong></span> <span class='ocrx_word' id='word_1_337' title='bbox 1940 4257 2139 4323; x_wconf 87' lang='lat' dir='ltr'><strong><em>decus</em></strong></span> <span class='ocrx_word' id='word_1_338' title='bbox 2201 4256 2477 4341; x_wconf 88' lang='lat' dir='ltr'><strong><em>imperii,</em></strong></span> 
     </span>
     <span class='ocr_line' id='line_1_44' title="bbox 550 4340 2478 4424; baseline 0.001 -17"><span class='ocrx_word' id='word_1_339' title='bbox 550 4340 720 4423; x_wconf 88' lang='lat' dir='ltr'><strong><em>quod</em></strong></span> <span class='ocrx_word' id='word_1_340' title='bbox 779 4342 845 4407; x_wconf 89' lang='lat' dir='ltr'><strong><em>in</em></strong></span> <span class='ocrx_word' id='word_1_341' title='bbox 888 4341 1106 4424; x_wconf 91' lang='lat' dir='ltr'><strong><em>ipsum</em></strong></span> <span class='ocrx_word' id='word_1_342' title='bbox 1162 4342 1527 4406; x_wconf 86' lang='lat' dir='ltr'><strong><em>contulerat</em></strong></span> <span class='ocrx_word' id='word_1_343' title='bbox 1576 4342 1781 4421; x_wconf 89' lang='lat' dir='ltr'><strong><em>Deus,</em></strong></span> <span class='ocrx_word' id='word_1_344' title='bbox 1842 4341 1925 4407; x_wconf 89' lang='lat' dir='ltr'><strong><em>ab</em></strong></span> <span class='ocrx_word' id='word_1_345' title='bbox 1968 4343 2342 4409; x_wconf 86' lang='lat' dir='ltr'><strong><em>hominibus</em></strong></span> <span class='ocrx_word' id='word_1_346' title='bbox 2381 4343 2478 4408; x_wconf 88' lang='lat' dir='ltr'><strong><em>la-</em></strong></span> 
     </span>
     <span class='ocr_line' id='line_1_45' title="bbox 549 4425 2479 4511; baseline 0.002 -19"><span class='ocrx_word' id='word_1_347' title='bbox 549 4426 877 4493; x_wconf 83' lang='lat' dir='ltr'><strong><em>befactari.</em></strong></span> <span class='ocrx_word' id='word_1_348' title='bbox 966 4425 1154 4491; x_wconf 87' lang='lat' dir='ltr'><strong><em>Adde</em></strong></span> <span class='ocrx_word' id='word_1_349' title='bbox 1213 4427 1381 4509; x_wconf 90' lang='lat' dir='ltr'><strong><em>quod</em></strong></span> <span class='ocrx_word' id='word_1_350' title='bbox 1438 4427 1731 4511; x_wconf 89' lang='lat' dir='ltr'><strong><em>ipsorum</em></strong></span> <span class='ocrx_word' id='word_1_351' title='bbox 1794 4427 2056 4493; x_wconf 90' lang='lat' dir='ltr'><strong><em>domum</em></strong></span> <span class='ocrx_word' id='word_1_352' title='bbox 2116 4437 2182 4495; x_wconf 89' lang='lat' dir='ltr'><strong><em>et</em></strong></span> <span class='ocrx_word' id='word_1_353' title='bbox 2239 4450 2479 4495; x_wconf 88' lang='lat' dir='ltr'><strong><em>nomen</em></strong></span> 
     </span>
     <span class='ocr_line' id='line_1_46' title="bbox 549 4511 2478 4597; baseline 0.001 -18"><span class='ocrx_word' id='word_1_354' title='bbox 549 4514 736 4579; x_wconf 89' lang='lat' dir='ltr'><strong><em>Deus</em></strong></span> <span class='ocrx_word' id='word_1_355' title='bbox 772 4511 1229 4579; x_wconf 84' lang='lat' dir='ltr'><strong><em>nobilitaverat</em></strong></span> <span class='ocrx_word' id='word_1_356' title='bbox 1261 4514 1331 4578; x_wconf 90' lang='lat' dir='ltr'><strong><em>in</em></strong></span> <span class='ocrx_word' id='word_1_357' title='bbox 1368 4534 1645 4597; x_wconf 86' lang='lat' dir='ltr'><strong><em>persona</em></strong></span> <span class='ocrx_word' id='word_1_358' title='bbox 1680 4514 1902 4594; x_wconf 81' lang='lat' dir='ltr'><strong><em>Mosis,</em></strong></span> <span class='ocrx_word' id='word_1_359' title='bbox 1936 4534 2012 4579; x_wconf 89' lang='lat' dir='ltr'><strong><em>ac</em></strong></span> <span class='ocrx_word' id='word_1_360' title='bbox 2043 4515 2115 4580; x_wconf 90' lang='lat' dir='ltr'><strong><em>in</em></strong></span> <span class='ocrx_word' id='word_1_361' title='bbox 2150 4515 2293 4581; x_wconf 92' lang='lat' dir='ltr'><strong><em>eius</em></strong></span> <span class='ocrx_word' id='word_1_362' title='bbox 2451 4552 2478 4565; x_wconf 93' lang='lat'>-</span> 
     </span>
     <span class='ocr_line' id='line_1_47' title="bbox 550 4536 2482 4683; baseline -0.001 -17"><span class='ocrx_word' id='word_1_363' title='bbox 550 4599 711 4666; x_wconf 86' lang='lat' dir='ltr'><strong><em>tiam</em></strong></span> <span class='ocrx_word' id='word_1_364' title='bbox 734 4599 872 4664; x_wconf 83' lang='lat' dir='ltr'><strong><em>suis</em></strong></span> <span class='ocrx_word' id='word_1_365' title='bbox 904 4599 1031 4681; x_wconf 86' lang='lat' dir='ltr'><strong><em>ipsi</em></strong></span> <span class='ocrx_word' id='word_1_366' title='bbox 1067 4618 1324 4681; x_wconf 90' lang='lat' dir='ltr'><strong><em>quoque</em></strong></span> <span class='ocrx_word' id='word_1_367' title='bbox 1364 4599 1622 4665; x_wconf 87' lang='lat' dir='ltr'><strong><em>dotibus</em></strong></span> <span class='ocrx_word' id='word_1_368' title='bbox 1657 4600 1952 4683; x_wconf 89' lang='lat' dir='ltr'><strong><em>insigniti</em></strong></span> <span class='ocrx_word' id='word_1_369' title='bbox 1989 4600 2267 4667; x_wconf 84' lang='lat' dir='ltr'><strong><em>fuerant.</em></strong></span> <span class='ocrx_word' id='word_1_370' title='bbox 2328 4536 2482 4682; x_wconf 53' lang='lat'><strong><em>330</em></strong></span> 
     </span>
     <span class='ocr_line' id='line_1_48' title="bbox 549 4684 2481 4770; baseline 0.001 -19"><span class='ocrx_word' id='word_1_371' title='bbox 549 4685 725 4751; x_wconf 92' lang='lat' dir='ltr'><strong><em>enim</em></strong></span> <span class='ocrx_word' id='word_1_372' title='bbox 790 4684 936 4749; x_wconf 89' lang='lat' dir='ltr'><strong><em>iure</em></strong></span> <span class='ocrx_word' id='word_1_373' title='bbox 990 4684 1374 4768; x_wconf 86' lang='lat' dir='ltr'><strong><em>prophetiae</em></strong></span> <span class='ocrx_word' id='word_1_374' title='bbox 1440 4685 1680 4751; x_wconf 91' lang='lat' dir='ltr'><strong><em>donum</em></strong></span> <span class='ocrx_word' id='word_1_375' title='bbox 1749 4686 1985 4770; x_wconf 86' lang='lat' dir='ltr'><strong><em>adepta</em></strong></span> <span class='ocrx_word' id='word_1_376' title='bbox 2048 4696 2190 4753; x_wconf 86' lang='lat' dir='ltr'><strong><em>erat</em></strong></span> <span class='ocrx_word' id='word_1_377' title='bbox 2247 4687 2481 4766; x_wconf 82' lang='lat' dir='ltr'><strong><em>Maria,</em></strong></span> 
     </span>
     <span class='ocr_line' id='line_1_49' title="bbox 548 4769 2486 4855; baseline 0 -18"><span class='ocrx_word' id='word_1_378' title='bbox 548 4772 679 4837; x_wconf 88' lang='lat' dir='ltr'><strong><em>nisi</em></strong></span> <span class='ocrx_word' id='word_1_379' title='bbox 712 4781 784 4835; x_wconf 85' lang='lat' dir='ltr'><strong><em>ut</em></strong></span> <span class='ocrx_word' id='word_1_380' title='bbox 826 4769 980 4836; x_wconf 88' lang='lat' dir='ltr'><strong><em>inde</em></strong></span> <span class='ocrx_word' id='word_1_381' title='bbox 1024 4770 1305 4836; x_wconf 88' lang='lat' dir='ltr'><strong><em>sanctior</em></strong></span> <span class='ocrx_word' id='word_1_382' title='bbox 1349 4783 1520 4837; x_wconf 87' lang='lat' dir='ltr'><strong><em>esset</em></strong></span> <span class='ocrx_word' id='word_1_383' title='bbox 1553 4771 1777 4838; x_wconf 86' lang='lat' dir='ltr'><strong><em>fratris</em></strong></span> <span class='ocrx_word' id='word_1_384' title='bbox 1821 4772 2153 4855; x_wconf 80' lang='lat' dir='ltr'><strong><em>potestas?</em></strong></span> <span class='ocrx_word' id='word_1_385' title='bbox 2197 4773 2486 4839; x_wconf 85' lang='lat' dir='ltr'><strong><em>Foedior</em></strong></span> 
     </span>
     <span class='ocr_line' id='line_1_50' title="bbox 551 4855 2485 4942; baseline 0.001 -20"><span class='ocrx_word' id='word_1_386' title='bbox 551 4866 773 4922; x_wconf 90' lang='lat' dir='ltr'><strong><em>autem</em></strong></span> <span class='ocrx_word' id='word_1_387' title='bbox 833 4855 1163 4921; x_wconf 84' lang='lat' dir='ltr'><strong><em>Aharonis</em></strong></span> <span class='ocrx_word' id='word_1_388' title='bbox 1208 4856 1510 4940; x_wconf 76' lang='lat' dir='ltr'><strong><em>superbia</em></strong></span> <span class='ocrx_word' id='word_1_389' title='bbox 1554 4867 1622 4923; x_wconf 91' lang='lat' dir='ltr'><strong><em>et</em></strong></span> <span class='ocrx_word' id='word_1_390' title='bbox 1664 4858 2086 4942; x_wconf 77' lang='lat' dir='ltr'><strong><em>ingratitudo,</em></strong></span> <span class='ocrx_word' id='word_1_391' title='bbox 2178 4861 2238 4924; x_wconf 87' lang='lat' dir='ltr'><strong>A</strong></span> <span class='ocrx_word' id='word_1_392' title='bbox 2282 4860 2485 4924; x_wconf 84' lang='lat' dir='ltr'><strong><em>fratre</em></strong></span> 
     </span>
     <span class='ocr_line' id='line_1_51' title="bbox 548 4942 2484 5027; baseline 0 -19"><span class='ocrx_word' id='word_1_393' title='bbox 548 4943 619 5008; x_wconf 92' lang='lat' dir='ltr'><strong><em>in</em></strong></span> <span class='ocrx_word' id='word_1_394' title='bbox 656 4943 1027 5010; x_wconf 85' lang='lat' dir='ltr'><strong><em>societatem</em></strong></span> <span class='ocrx_word' id='word_1_395' title='bbox 1067 4942 1307 5007; x_wconf 86' lang='lat' dir='ltr'><strong><em>ascitus</em></strong></span> <span class='ocrx_word' id='word_1_396' title='bbox 1342 4943 1586 5007; x_wconf 87' lang='lat' dir='ltr'><strong><em>fuerat:</em></strong></span> <span class='ocrx_word' id='word_1_397' title='bbox 1632 4965 1862 5027; x_wconf 88' lang='lat' dir='ltr'><strong><em>passus</em></strong></span> <span class='ocrx_word' id='word_1_398' title='bbox 1899 4944 2113 5009; x_wconf 80' lang='lat' dir='ltr'><strong><em>fuerat</em></strong></span> <span class='ocrx_word' id='word_1_399' title='bbox 2147 4945 2365 5011; x_wconf 82' lang='lat' dir='ltr'><strong><em>Moses</em></strong></span> <span class='ocrx_word' id='word_1_400' title='bbox 2401 4942 2484 5008; x_wconf 91' lang='lat' dir='ltr'><strong><em>ad</em></strong></span> 
     </span>
     <span class='ocr_line' id='line_1_52' title="bbox 548 5029 2486 5113; baseline 0 -20"><span class='ocrx_word' id='word_1_401' title='bbox 548 5029 764 5113; x_wconf 88' lang='lat' dir='ltr'><strong><em>ipsum</em></strong></span> <span class='ocrx_word' id='word_1_402' title='bbox 810 5035 876 5093; x_wconf 92' lang='lat' dir='ltr'><strong><em>et</em></strong></span> <span class='ocrx_word' id='word_1_403' title='bbox 918 5029 1057 5093; x_wconf 91' lang='lat' dir='ltr'><strong><em>eius</em></strong></span> <span class='ocrx_word' id='word_1_404' title='bbox 1101 5039 1397 5111; x_wconf 86' lang='lat' dir='ltr'><strong><em>posteros</em></strong></span> <span class='ocrx_word' id='word_1_405' title='bbox 1431 5049 1761 5094; x_wconf 89' lang='lat' dir='ltr'><strong><em>summum</em></strong></span> <span class='ocrx_word' id='word_1_406' title='bbox 1796 5029 2228 5095; x_wconf 81' lang='lat' dir='ltr'><strong><em>sacerdotium</em></strong></span> <span class='ocrx_word' id='word_1_407' title='bbox 2274 5037 2486 5094; x_wconf 85' lang='lat' dir='ltr'><strong><em>traus-</em></strong></span> 
     </span>
     <span class='ocr_line' id='line_1_53' title="bbox 547 5113 2486 5197; baseline 0 -18"><span class='ocrx_word' id='word_1_408' title='bbox 547 5115 743 5179; x_wconf 85' lang='lat' dir='ltr'><strong><em>ferri:</em></strong></span> <span class='ocrx_word' id='word_1_409' title='bbox 780 5134 910 5197; x_wconf 92' lang='lat' dir='ltr'><strong><em>qua</em></strong></span> <span class='ocrx_word' id='word_1_410' title='bbox 943 5114 1195 5179; x_wconf 88' lang='lat' dir='ltr'><strong><em>ratione</em></strong></span> <span class='ocrx_word' id='word_1_411' title='bbox 1229 5113 1361 5178; x_wconf 89' lang='lat' dir='ltr'><strong><em>illis</em></strong></span> <span class='ocrx_word' id='word_1_412' title='bbox 1395 5136 1620 5180; x_wconf 92' lang='lat' dir='ltr'><strong><em>omnes</em></strong></span> <span class='ocrx_word' id='word_1_413' title='bbox 1665 5135 1816 5180; x_wconf 87' lang='lat' dir='ltr'><strong><em>suos</em></strong></span> <span class='ocrx_word' id='word_1_414' title='bbox 1861 5114 2238 5182; x_wconf 88' lang='lat' dir='ltr'><strong><em>subiecerat.</em></strong></span> <span class='ocrx_word' id='word_1_415' title='bbox 2307 5113 2486 5197; x_wconf 78' lang='lat' dir='ltr'><strong><em>Quid</em></strong></span> 
     </span>
    </p>
   </div>
   <div class='ocr_carea' id='block_1_6' title="bbox 549 5236 959 5248">
    <p class='ocr_par' dir='ltr' id='par_1_7' title="bbox 549 5236 959 5248">
     <span class='ocr_line' id='line_1_54' title="bbox 549 5236 959 5248; baseline 0 0"><span class='ocrx_word' id='word_1_416' title='bbox 549 5236 959 5248; x_wconf 95' lang='lat' dir='ltr'><strong><em> </em></strong></span> 
     </span>
    </p>
   </div>
   <div class='ocr_carea' id='block_1_7' title="bbox 718 5301 1627 5374">
    <p class='ocr_par' dir='ltr' id='par_1_8' title="bbox 718 5301 1627 5374">
     <span class='ocr_line' id='line_1_55' title="bbox 718 5301 1627 5374; baseline 0 -18"><span class='ocrx_word' id='word_1_417' title='bbox 718 5302 779 5370; x_wconf 89' lang='lat'><strong><em>1)</em></strong></span> <span class='ocrx_word' id='word_1_418' title='bbox 810 5301 891 5357; x_wconf 69' lang='lat' dir='ltr'><strong><em>In</em></strong></span> <span class='ocrx_word' id='word_1_419' title='bbox 921 5303 1200 5374; x_wconf 68' lang='lat' dir='ltr'><strong><em>momine.-</em></strong></span> <span class='ocrx_word' id='word_1_420' title='bbox 1236 5301 1354 5371; x_wconf 86' lang='lat' dir='ltr'><strong><em>Vel,</em></strong></span> <span class='ocrx_word' id='word_1_421' title='bbox 1389 5302 1486 5358; x_wconf 86' lang='lat' dir='ltr'><strong><em>sed</em></strong></span> <span class='ocrx_word' id='word_1_422' title='bbox 1517 5318 1627 5372; x_wconf 85' lang='lat' dir='ltr'><strong><em>per.</em></strong></span> 
     </span>
    </p>
   </div>
   <div class='ocr_carea' id='block_1_8' title="bbox 1934 378 3111 449">
    <p class='ocr_par' dir='ltr' id='par_1_9' title="bbox 1934 378 3111 449">
     <span class='ocr_line' id='line_1_56' title="bbox 1934 378 3111 449; baseline 0 -2"><span class='ocrx_word' id='word_1_423' title='bbox 1934 378 2344 449; x_wconf 78' lang='lat' dir='ltr'>REDITUS</span> <span class='ocrx_word' id='word_1_424' title='bbox 2390 380 2519 447; x_wconf 84' lang='lat' dir='ltr'><strong><em>AD</em></strong></span> <span class='ocrx_word' id='word_1_425' title='bbox 2563 378 3111 449; x_wconf 78' lang='lat' dir='ltr'>HISTORIAM.</span> 
     </span>
    </p>
   </div>
   <div class='ocr_carea' id='block_1_9' title="bbox 2526 580 2545 5346">
    <p class='ocr_par' dir='ltr' id='par_1_10' title="bbox 2526 580 2545 5346">
     <span class='ocr_line' id='line_1_57' title="bbox 2526 580 2545 5346; baseline 0 0"><span class='ocrx_word' id='word_1_426' title='bbox 2526 580 2545 5346; x_wconf 95' lang='lat' dir='ltr'><strong><em> </em></strong></span> 
     </span>
    </p>
   </div>
   <div class='ocr_carea' id='block_1_10' title="bbox 4390 376 4522 444">
    <p class='ocr_par' dir='ltr' id='par_1_11' title="bbox 4390 376 4522 444">
     <span class='ocr_line' id='line_1_58' title="bbox 4390 376 4522 444; baseline 0.015 -2"><span class='ocrx_word' id='word_1_427' title='bbox 4390 376 4522 444; x_wconf 87' lang='grc'><strong><em>180</em></strong></span> 
     </span>
    </p>
   </div>
   <div class='ocr_carea' id='block_1_11' title="bbox 2574 565 4603 5375">
    <p class='ocr_par' dir='ltr' id='par_1_12' title="bbox 2574 565 4520 4255">
     <span class='ocr_line' id='line_1_59' title="bbox 2580 565 4520 721; baseline -0.001 -86"><span class='ocrx_word' id='word_1_428' title='bbox 2580 578 2784 721; x_wconf 56' lang='lat' dir='ltr'><strong><em>:gitur</em></strong></span> <span class='ocrx_word' id='word_1_429' title='bbox 2804 578 2905 636; x_wconf 89' lang='lat' dir='ltr'><strong><em>est</em></strong></span> <span class='ocrx_word' id='word_1_430' title='bbox 2940 570 3118 654; x_wconf 46' lang='lat' dir='ltr'><strong><em>quod.</em></strong></span> <span class='ocrx_word' id='word_1_431' title='bbox 3142 569 3437 637; x_wconf 88' lang='lat' dir='ltr'><strong><em>invideat</em></strong></span> <span class='ocrx_word' id='word_1_432' title='bbox 3471 568 3742 636; x_wconf 83' lang='lat' dir='ltr'><strong><em>Aharon</em></strong></span> <span class='ocrx_word' id='word_1_433' title='bbox 3784 567 4002 635; x_wconf 79' lang='lat' dir='ltr'><strong><em>fratri:</em></strong></span> <span class='ocrx_word' id='word_1_434' title='bbox 4038 565 4295 651; x_wconf 88' lang='lat' dir='ltr'><strong><em>quando</em></strong></span> <span class='ocrx_word' id='word_1_435' title='bbox 4332 574 4520 634; x_wconf 84' lang='lat' dir='ltr'><strong><em>tanta</em></strong></span> 
     </span>
     <span class='ocr_line' id='line_1_60' title="bbox 2629 652 4517 746; baseline -0.002 -25"><span class='ocrx_word' id='word_1_436' title='bbox 2629 656 2866 742; x_wconf 85' lang='lat' dir='ltr'><strong><em>&#39;gnitas</em></strong></span> <span class='ocrx_word' id='word_1_437' title='bbox 2907 677 3109 740; x_wconf 85' lang='lat' dir='ltr'><strong><em>penes</em></strong></span> <span class='ocrx_word' id='word_1_438' title='bbox 3165 655 3310 722; x_wconf 89' lang='lat' dir='ltr'><strong><em>eius</em></strong></span> <span class='ocrx_word' id='word_1_439' title='bbox 3354 655 3524 721; x_wconf 86' lang='lat' dir='ltr'><strong><em>filios</em></strong></span> <span class='ocrx_word' id='word_1_440' title='bbox 3566 653 3826 735; x_wconf 86' lang='lat' dir='ltr'><strong><em>residet,</em></strong></span> <span class='ocrx_word' id='word_1_441' title='bbox 3867 661 4002 746; x_wconf 82' lang='lat' dir='ltr'><strong><em>tota</em></strong></span> <span class='ocrx_word' id='word_1_442' title='bbox 4045 653 4253 719; x_wconf 78' lang='lat' dir='ltr'><strong><em>Mosis</em></strong></span> <span class='ocrx_word' id='word_1_443' title='bbox 4296 652 4517 719; x_wconf 89' lang='lat' dir='ltr'><strong><em>sobole</em></strong></span> 
     </span>
     <span class='ocr_line' id='line_1_61' title="bbox 2578 739 4518 819; baseline 0 -13"><span class='ocrx_word' id='word_1_444' title='bbox 2578 741 2650 807; x_wconf 89' lang='lat' dir='ltr'><strong><em>in</em></strong></span> <span class='ocrx_word' id='word_1_445' title='bbox 2709 741 3006 808; x_wconf 88' lang='lat' dir='ltr'><strong><em>ordinem</em></strong></span> <span class='ocrx_word' id='word_1_446' title='bbox 3065 740 3333 809; x_wconf 80' lang='lat' dir='ltr'><strong><em>coacta?</em></strong></span> <span class='ocrx_word' id='word_1_447' title='bbox 3393 741 3506 808; x_wconf 81' lang='lat' dir='ltr'><strong><em>Sic</em></strong></span> <span class='ocrx_word' id='word_1_448' title='bbox 3550 748 3773 807; x_wconf 89' lang='lat' dir='ltr'><strong><em>tamen</em></strong></span> <span class='ocrx_word' id='word_1_449' title='bbox 3818 746 4208 806; x_wconf 82' lang='lat' dir='ltr'><strong><em>excaecatus</em></strong></span> <span class='ocrx_word' id='word_1_450' title='bbox 4251 739 4393 819; x_wconf 80' lang='lat' dir='ltr'><strong><em>fuit,</em></strong></span> <span class='ocrx_word' id='word_1_451' title='bbox 4439 747 4518 806; x_wconf 82' lang='lat' dir='ltr'><strong><em>ut</em></strong></span> 
     </span>
     <span class='ocr_line' id='line_1_62' title="bbox 2578 825 4518 912; baseline -0.003 -17"><span class='ocrx_word' id='word_1_452' title='bbox 2578 827 2803 895; x_wconf 84' lang='lat' dir='ltr'><strong><em>fratris</em></strong></span> <span class='ocrx_word' id='word_1_453' title='bbox 2859 827 3170 894; x_wconf 85' lang='lat' dir='ltr'><strong><em>honorem</em></strong></span> <span class='ocrx_word' id='word_1_454' title='bbox 3206 847 3327 912; x_wconf 90' lang='lat' dir='ltr'><strong><em>pro</em></strong></span> <span class='ocrx_word' id='word_1_455' title='bbox 3370 848 3491 894; x_wconf 86' lang='lat' dir='ltr'><strong><em>sua</em></strong></span> <span class='ocrx_word' id='word_1_456' title='bbox 3533 825 3927 893; x_wconf 89' lang='lat' dir='ltr'><strong><em>contumelia</em></strong></span> <span class='ocrx_word' id='word_1_457' title='bbox 3966 832 4340 908; x_wconf 86' lang='lat' dir='ltr'><strong><em>reputaret:</em></strong></span> <span class='ocrx_word' id='word_1_458' title='bbox 4384 825 4518 891; x_wconf 87' lang='lat' dir='ltr'><strong><em>sal·</em></strong></span> 
     </span>
     <span class='ocr_line' id='line_1_63' title="bbox 2578 910 4516 998; baseline -0.001 -20"><span class='ocrx_word' id='word_1_459' title='bbox 2578 920 2747 993; x_wconf 86' lang='lat' dir='ltr'><strong><em>tem,</em></strong></span> <span class='ocrx_word' id='word_1_460' title='bbox 2809 913 3022 997; x_wconf 90' lang='lat' dir='ltr'><strong><em>quoad</em></strong></span> <span class='ocrx_word' id='word_1_461' title='bbox 3094 914 3602 998; x_wconf 85' lang='lat' dir='ltr'><strong><em>praestantiam,</em></strong></span> <span class='ocrx_word' id='word_1_462' title='bbox 3674 911 4001 979; x_wconf 88' lang='lat' dir='ltr'><strong><em>secundus</em></strong></span> <span class='ocrx_word' id='word_1_463' title='bbox 4056 911 4138 978; x_wconf 89' lang='lat' dir='ltr'><strong><em>ab</em></strong></span> <span class='ocrx_word' id='word_1_464' title='bbox 4183 910 4331 995; x_wconf 90' lang='lat' dir='ltr'><strong><em>ipso</em></strong></span> <span class='ocrx_word' id='word_1_465' title='bbox 4371 930 4516 977; x_wconf 80' lang='lat' dir='ltr'><strong><em>esse</em></strong></span> 
     </span>
     <span class='ocr_line' id='line_1_64' title="bbox 2578 996 4514 1084; baseline -0.003 -17"><span class='ocrx_word' id='word_1_466' title='bbox 2578 1019 2714 1067; x_wconf 89' lang='lat' dir='ltr'><strong><em>nou</em></strong></span> <span class='ocrx_word' id='word_1_467' title='bbox 2771 999 3107 1081; x_wconf 83' lang='lat' dir='ltr'><strong><em>sustinuit,</em></strong></span> <span class='ocrx_word' id='word_1_468' title='bbox 3149 1020 3351 1084; x_wconf 89' lang='lat' dir='ltr'><strong><em>quum</em></strong></span> <span class='ocrx_word' id='word_1_469' title='bbox 3395 1009 3615 1064; x_wconf 88' lang='lat' dir='ltr'><strong><em>tamen</em></strong></span> <span class='ocrx_word' id='word_1_470' title='bbox 3659 998 3958 1082; x_wconf 87' lang='lat' dir='ltr'><strong><em>superior</em></strong></span> <span class='ocrx_word' id='word_1_471' title='bbox 3999 1004 4171 1063; x_wconf 88' lang='lat' dir='ltr'><strong><em>esset</em></strong></span> <span class='ocrx_word' id='word_1_472' title='bbox 4213 996 4514 1063; x_wconf 87' lang='lat' dir='ltr'><strong><em>sacerdo-</em></strong></span> 
     </span>
     <span class='ocr_line' id='line_1_65' title="bbox 2580 1082 4515 1169; baseline -0.001 -19"><span class='ocrx_word' id='word_1_473' title='bbox 2580 1085 2653 1152; x_wconf 87' lang='lat' dir='ltr'><strong><em>tii</em></strong></span> <span class='ocrx_word' id='word_1_474' title='bbox 2700 1086 2859 1151; x_wconf 89' lang='lat' dir='ltr'><strong><em>iure.</em></strong></span> <span class='ocrx_word' id='word_1_475' title='bbox 2928 1084 3076 1167; x_wconf 82' lang='lat' dir='ltr'><strong><em>Quo</em></strong></span> <span class='ocrx_word' id='word_1_476' title='bbox 3121 1084 3423 1169; x_wconf 83' lang='lat' dir='ltr'><strong><em>exemplo</em></strong></span> <span class='ocrx_word' id='word_1_477' title='bbox 3467 1084 3777 1151; x_wconf 91' lang='lat' dir='ltr'><strong><em>docemur</em></strong></span> <span class='ocrx_word' id='word_1_478' title='bbox 3820 1103 4019 1167; x_wconf 89' lang='lat' dir='ltr'><strong><em>quam</em></strong></span> <span class='ocrx_word' id='word_1_479' title='bbox 4055 1082 4332 1149; x_wconf 88' lang='lat' dir='ltr'><strong><em>sollicite</em></strong></span> <span class='ocrx_word' id='word_1_480' title='bbox 4374 1090 4515 1148; x_wconf 86' lang='lat' dir='ltr'><strong><em>tam</em></strong></span> 
     </span>
     <span class='ocr_line' id='line_1_66' title="bbox 2579 1167 4512 1255; baseline -0.001 -20"><span class='ocrx_word' id='word_1_481' title='bbox 2579 1171 2781 1236; x_wconf 80' lang='lat' dir='ltr'><strong><em>noxia</em></strong></span> <span class='ocrx_word' id='word_1_482' title='bbox 2815 1174 3016 1255; x_wconf 87' lang='lat' dir='ltr'><strong><em>pestis</em></strong></span> <span class='ocrx_word' id='word_1_483' title='bbox 3051 1170 3345 1237; x_wconf 87' lang='lat' dir='ltr'><strong><em>cavenda</em></strong></span> <span class='ocrx_word' id='word_1_484' title='bbox 3388 1171 3494 1237; x_wconf 86' lang='lat' dir='ltr'><strong><em>sit.</em></strong></span> <span class='ocrx_word' id='word_1_485' title='bbox 3557 1168 3740 1235; x_wconf 85' lang='lat' dir='ltr'><strong><em>Dicit</em></strong></span> <span class='ocrx_word' id='word_1_486' title='bbox 3775 1167 3946 1253; x_wconf 90' lang='lat' dir='ltr'><strong><em>apud</em></strong></span> <span class='ocrx_word' id='word_1_487' title='bbox 3992 1170 4314 1254; x_wconf 87' lang='lat' dir='ltr'><strong><em>tragicum</em></strong></span> <span class='ocrx_word' id='word_1_488' title='bbox 4360 1189 4512 1252; x_wconf 90' lang='lat' dir='ltr'><strong><em>poe·</em></strong></span> 
     </span>
     <span class='ocr_line' id='line_1_67' title="bbox 2578 1253 4512 1337; baseline -0.001 -17"><span class='ocrx_word' id='word_1_489' title='bbox 2578 1265 2713 1322; x_wconf 87' lang='lat' dir='ltr'><strong><em>tam</em></strong></span> <span class='ocrx_word' id='word_1_490' title='bbox 2759 1257 3070 1323; x_wconf 88' lang='lat' dir='ltr'><strong><em>scelestus</em></strong></span> <span class='ocrx_word' id='word_1_491' title='bbox 3114 1257 3349 1336; x_wconf 83' lang='lat' dir='ltr'><strong><em>frater,</em></strong></span> <span class='ocrx_word' id='word_1_492' title='bbox 3414 1257 3472 1323; x_wconf 89' lang='lat' dir='ltr'><strong><em>si</em></strong></span> <span class='ocrx_word' id='word_1_493' title='bbox 3515 1253 3893 1322; x_wconf 89' lang='lat' dir='ltr'><strong><em>violandum</em></strong></span> <span class='ocrx_word' id='word_1_494' title='bbox 3939 1256 4043 1320; x_wconf 88' lang='lat' dir='ltr'><strong><em>ius</em></strong></span> <span class='ocrx_word' id='word_1_495' title='bbox 4090 1264 4209 1331; x_wconf 88' lang='lat' dir='ltr'><strong><em>est,</em></strong></span> <span class='ocrx_word' id='word_1_496' title='bbox 4253 1253 4512 1337; x_wconf 90' lang='lat' dir='ltr'><strong><em>imperii</em></strong></span> 
     </span>
     <span class='ocr_line' id='line_1_68' title="bbox 2577 1339 4512 1424; baseline -0.002 -16"><span class='ocrx_word' id='word_1_497' title='bbox 2577 1363 2773 1408; x_wconf 89' lang='lat' dir='ltr'><strong><em>causa</em></strong></span> <span class='ocrx_word' id='word_1_498' title='bbox 2831 1341 3203 1410; x_wconf 89' lang='lat' dir='ltr'><strong><em>violandum</em></strong></span> <span class='ocrx_word' id='word_1_499' title='bbox 3250 1351 3377 1409; x_wconf 90' lang='lat' dir='ltr'><strong><em>est:</em></strong></span> <span class='ocrx_word' id='word_1_500' title='bbox 3414 1350 3488 1407; x_wconf 91' lang='lat' dir='ltr'><strong><em>ut</em></strong></span> <span class='ocrx_word' id='word_1_501' title='bbox 3544 1342 3667 1408; x_wconf 88' lang='lat' dir='ltr'><strong><em>hoc</em></strong></span> <span class='ocrx_word' id='word_1_502' title='bbox 3720 1348 4068 1424; x_wconf 81' lang='lat' dir='ltr'><strong><em>praetextu</em></strong></span> <span class='ocrx_word' id='word_1_503' title='bbox 4119 1341 4385 1423; x_wconf 90' lang='lat' dir='ltr'><strong><em>impune</em></strong></span> <span class='ocrx_word' id='word_1_504' title='bbox 4437 1339 4512 1405; x_wconf 90' lang='lat' dir='ltr'><strong><em>iu</em></strong></span> 
     </span>
     <span class='ocr_line' id='line_1_69' title="bbox 2577 1425 4512 1513; baseline -0.002 -19"><span class='ocrx_word' id='word_1_505' title='bbox 2577 1429 2911 1513; x_wconf 88' lang='lat' dir='ltr'><strong><em>proprium</em></strong></span> <span class='ocrx_word' id='word_1_506' title='bbox 2949 1428 3333 1513; x_wconf 88' lang='lat' dir='ltr'><strong><em>sanguinem</em></strong></span> <span class='ocrx_word' id='word_1_507' title='bbox 3379 1448 3497 1511; x_wconf 90' lang='lat' dir='ltr'><strong><em>per</em></strong></span> <span class='ocrx_word' id='word_1_508' title='bbox 3530 1425 3794 1493; x_wconf 83' lang='lat' dir='ltr'><strong><em>fraudes</em></strong></span> <span class='ocrx_word' id='word_1_509' title='bbox 3829 1434 3899 1492; x_wconf 90' lang='lat' dir='ltr'><strong><em>et</em></strong></span> <span class='ocrx_word' id='word_1_510' title='bbox 3939 1425 4206 1492; x_wconf 88' lang='lat' dir='ltr'><strong><em>caedem</em></strong></span> <span class='ocrx_word' id='word_1_511' title='bbox 4252 1445 4512 1511; x_wconf 86' lang='lat' dir='ltr'><strong><em>grasse-</em></strong></span> 
     </span>
     <span class='ocr_line' id='line_1_70' title="bbox 2577 1511 4510 1592; baseline -0.001 -13"><span class='ocrx_word' id='word_1_512' title='bbox 2577 1527 2702 1579; x_wconf 87' lang='lat' dir='ltr'><strong><em>tur.</em></strong></span> <span class='ocrx_word' id='word_1_513' title='bbox 2792 1515 2939 1580; x_wconf 86' lang='lat' dir='ltr'><strong><em>Etsi</em></strong></span> <span class='ocrx_word' id='word_1_514' title='bbox 2996 1523 3215 1580; x_wconf 88' lang='lat' dir='ltr'><strong><em>autem</em></strong></span> <span class='ocrx_word' id='word_1_515' title='bbox 3271 1512 3445 1580; x_wconf 91' lang='lat' dir='ltr'><strong><em>hanc</em></strong></span> <span class='ocrx_word' id='word_1_516' title='bbox 3495 1532 3724 1579; x_wconf 88' lang='lat' dir='ltr'><strong><em>vocem</em></strong></span> <span class='ocrx_word' id='word_1_517' title='bbox 3769 1533 3995 1577; x_wconf 91' lang='lat' dir='ltr'><strong><em>omnes</em></strong></span> <span class='ocrx_word' id='word_1_518' title='bbox 4038 1511 4510 1592; x_wconf 88' lang='lat' dir='ltr'><strong><em>abominamur,</em></strong></span> 
     </span>
     <span class='ocr_line' id='line_1_71' title="bbox 2576 1595 4511 1682; baseline -0.002 -16"><span class='ocrx_word' id='word_1_519' title='bbox 2576 1599 2749 1666; x_wconf 88' lang='lat' dir='ltr'><strong><em>clare</em></strong></span> <span class='ocrx_word' id='word_1_520' title='bbox 2806 1612 3027 1666; x_wconf 87' lang='lat' dir='ltr'><strong><em>tamen</em></strong></span> <span class='ocrx_word' id='word_1_521' title='bbox 3083 1597 3373 1665; x_wconf 88' lang='lat' dir='ltr'><strong><em>ostendit</em></strong></span> <span class='ocrx_word' id='word_1_522' title='bbox 3423 1598 3540 1665; x_wconf 90' lang='lat' dir='ltr'><strong><em>ubi</em></strong></span> <span class='ocrx_word' id='word_1_523' title='bbox 3596 1596 3792 1665; x_wconf 87' lang='lat' dir='ltr'><strong><em>corda</em></strong></span> <span class='ocrx_word' id='word_1_524' title='bbox 3848 1606 4126 1682; x_wconf 90' lang='lat' dir='ltr'><strong><em>occupat</em></strong></span> <span class='ocrx_word' id='word_1_525' title='bbox 4186 1595 4511 1682; x_wconf 86' lang='lat' dir='ltr'><strong><em>regnandi</em></strong></span> 
     </span>
     <span class='ocr_line' id='line_1_72' title="bbox 2576 1681 4510 1770; baseline -0.002 -18"><span class='ocrx_word' id='word_1_526' title='bbox 2576 1683 2919 1770; x_wconf 89' lang='lat' dir='ltr'><strong><em>cupiditas,</em></strong></span> <span class='ocrx_word' id='word_1_527' title='bbox 2946 1707 3075 1751; x_wconf 89' lang='lat' dir='ltr'><strong><em>non</em></strong></span> <span class='ocrx_word' id='word_1_528' title='bbox 3113 1685 3301 1750; x_wconf 93' lang='lat' dir='ltr'><strong><em>modo</em></strong></span> <span class='ocrx_word' id='word_1_529' title='bbox 3334 1683 3636 1752; x_wconf 88' lang='lat' dir='ltr'><strong><em>excidere</em></strong></span> <span class='ocrx_word' id='word_1_530' title='bbox 3669 1682 3965 1750; x_wconf 90' lang='lat' dir='ltr'><strong><em>studium</em></strong></span> <span class='ocrx_word' id='word_1_531' title='bbox 3986 1684 4351 1767; x_wconf 87' lang='lat' dir='ltr'><strong><em>aequitatis,</em></strong></span> <span class='ocrx_word' id='word_1_532' title='bbox 4392 1681 4510 1750; x_wconf 89' lang='lat' dir='ltr'><strong><em>sed</em></strong></span> 
     </span>
     <span class='ocr_line' id='line_1_73' title="bbox 2576 1768 4512 1856; baseline -0.001 -20"><span class='ocrx_word' id='word_1_533' title='bbox 2576 1768 3057 1839; x_wconf 89' lang='lat' dir='ltr'><strong><em>humanitatem</em></strong></span> <span class='ocrx_word' id='word_1_534' title='bbox 3112 1790 3381 1854; x_wconf 89' lang='lat' dir='ltr'><strong><em>prorsus</em></strong></span> <span class='ocrx_word' id='word_1_535' title='bbox 3446 1769 3798 1856; x_wconf 85' lang='lat' dir='ltr'><strong><em>exstingui,</em></strong></span> <span class='ocrx_word' id='word_1_536' title='bbox 3844 1768 3997 1835; x_wconf 90' lang='lat' dir='ltr'><strong><em>dum</em></strong></span> <span class='ocrx_word' id='word_1_537' title='bbox 4059 1771 4153 1834; x_wconf 89' lang='lat' dir='ltr'><strong><em>ita</em></strong></span> <span class='ocrx_word' id='word_1_538' title='bbox 4208 1770 4381 1834; x_wconf 90' lang='lat' dir='ltr'><strong><em>inter</em></strong></span> <span class='ocrx_word' id='word_1_539' title='bbox 4435 1789 4512 1835; x_wconf 90' lang='lat' dir='ltr'><strong><em>se</em></strong></span> 
     </span>
     <span class='ocr_line' id='line_1_74' title="bbox 2575 1854 4512 1942; baseline -0.002 -19"><span class='ocrx_word' id='word_1_540' title='bbox 2575 1857 2939 1942; x_wconf 86' lang='lat' dir='ltr'><strong><em>confligunt</em></strong></span> <span class='ocrx_word' id='word_1_541' title='bbox 2995 1858 3266 1937; x_wconf 84' lang='lat' dir='ltr'><strong><em>fratres,</em></strong></span> <span class='ocrx_word' id='word_1_542' title='bbox 3325 1857 3517 1940; x_wconf 87' lang='lat' dir='ltr'><strong><em>quasi</em></strong></span> <span class='ocrx_word' id='word_1_543' title='bbox 3576 1857 3648 1921; x_wconf 89' lang='lat' dir='ltr'><strong><em>in</em></strong></span> <span class='ocrx_word' id='word_1_544' title='bbox 3692 1855 3955 1940; x_wconf 87' lang='lat' dir='ltr'><strong><em>propria</em></strong></span> <span class='ocrx_word' id='word_1_545' title='bbox 4000 1857 4253 1922; x_wconf 87' lang='lat' dir='ltr'><strong><em>viscera</em></strong></span> <span class='ocrx_word' id='word_1_546' title='bbox 4295 1854 4512 1920; x_wconf 87' lang='lat' dir='ltr'><strong><em>saevi-</em></strong></span> 
     </span>
     <span class='ocr_line' id='line_1_75' title="bbox 2577 1940 4513 2026; baseline -0.002 -18"><span class='ocrx_word' id='word_1_547' title='bbox 2577 1952 2746 2009; x_wconf 87' lang='lat' dir='ltr'><strong><em>rent.</em></strong></span> <span class='ocrx_word' id='word_1_548' title='bbox 2829 1945 2928 2008; x_wconf 84' lang='lat' dir='ltr'><strong><em>Ac</em></strong></span> <span class='ocrx_word' id='word_1_549' title='bbox 2984 1942 3223 2009; x_wconf 91' lang='lat' dir='ltr'><strong><em>mirum</em></strong></span> <span class='ocrx_word' id='word_1_550' title='bbox 3271 1950 3390 2022; x_wconf 90' lang='lat' dir='ltr'><strong><em>est,</em></strong></span> <span class='ocrx_word' id='word_1_551' title='bbox 3436 1962 3640 2026; x_wconf 89' lang='lat' dir='ltr'><strong><em>quum</em></strong></span> <span class='ocrx_word' id='word_1_552' title='bbox 3683 1941 3877 2006; x_wconf 86' lang='lat' dir='ltr'><strong><em>toties</em></strong></span> <span class='ocrx_word' id='word_1_553' title='bbox 3920 1962 3997 2006; x_wconf 89' lang='lat' dir='ltr'><strong><em>ac</em></strong></span> <span class='ocrx_word' id='word_1_554' title='bbox 4039 1950 4176 2006; x_wconf 89' lang='lat' dir='ltr'><strong><em>tam</em></strong></span> <span class='ocrx_word' id='word_1_555' title='bbox 4219 1940 4513 2025; x_wconf 87' lang='lat' dir='ltr'><strong><em>graviter</em></strong></span> 
     </span>
     <span class='ocr_line' id='line_1_76' title="bbox 2577 2024 4513 2095; baseline 0 -2"><span class='ocrx_word' id='word_1_556' title='bbox 2577 2029 2875 2094; x_wconf 90' lang='lat' dir='ltr'><strong><em>omnium</em></strong></span> <span class='ocrx_word' id='word_1_557' title='bbox 2933 2035 3217 2094; x_wconf 89' lang='lat' dir='ltr'><strong><em>aetatum</em></strong></span> <span class='ocrx_word' id='word_1_558' title='bbox 3275 2028 3621 2095; x_wconf 86' lang='lat' dir='ltr'><strong><em>sententiis</em></strong></span> <span class='ocrx_word' id='word_1_559' title='bbox 3678 2027 3913 2093; x_wconf 86' lang='lat' dir='ltr'><strong><em>vitium</em></strong></span> <span class='ocrx_word' id='word_1_560' title='bbox 3957 2025 4081 2092; x_wconf 93' lang='lat' dir='ltr'><strong><em>hoc</em></strong></span> <span class='ocrx_word' id='word_1_561' title='bbox 4125 2024 4513 2093; x_wconf 83' lang='lat' dir='ltr'><strong><em>damnatum</em></strong></span> 
     </span>
     <span class='ocr_line' id='line_1_77' title="bbox 2579 2110 4510 2198; baseline -0.002 -18"><span class='ocrx_word' id='word_1_562' title='bbox 2579 2114 2812 2194; x_wconf 83' lang='lat' dir='ltr'><strong><em>fuerit,</em></strong></span> <span class='ocrx_word' id='word_1_563' title='bbox 2855 2135 3194 2198; x_wconf 89' lang='lat' dir='ltr'><strong><em>nunquam</em></strong></span> <span class='ocrx_word' id='word_1_564' title='bbox 3240 2121 3462 2181; x_wconf 89' lang='lat' dir='ltr'><strong><em>tamen</em></strong></span> <span class='ocrx_word' id='word_1_565' title='bbox 3504 2134 3582 2180; x_wconf 93' lang='lat' dir='ltr'><strong><em>eo</em></strong></span> <span class='ocrx_word' id='word_1_566' title='bbox 3624 2123 3984 2198; x_wconf 87' lang='lat' dir='ltr'><strong><em>purgatum</em></strong></span> <span class='ocrx_word' id='word_1_567' title='bbox 4025 2110 4231 2178; x_wconf 84' lang='lat' dir='ltr'><strong><em>fuisse</em></strong></span> <span class='ocrx_word' id='word_1_568' title='bbox 4276 2112 4510 2177; x_wconf 88' lang='lat' dir='ltr'><strong><em>huma-</em></strong></span> 
     </span>
     <span class='ocr_line' id='line_1_78' title="bbox 2580 2196 4516 2286; baseline -0.002 -19"><span class='ocrx_word' id='word_1_569' title='bbox 2580 2220 2740 2267; x_wconf 88' lang='lat' dir='ltr'><strong><em>num</em></strong></span> <span class='ocrx_word' id='word_1_570' title='bbox 2796 2221 3023 2286; x_wconf 88' lang='lat' dir='ltr'><strong><em>genus.</em></strong></span> <span class='ocrx_word' id='word_1_571' title='bbox 3114 2198 3294 2281; x_wconf 81' lang='lat' dir='ltr'><strong><em>Quin</em></strong></span> <span class='ocrx_word' id='word_1_572' title='bbox 3339 2200 3534 2265; x_wconf 89' lang='lat' dir='ltr'><strong><em>etiam</em></strong></span> <span class='ocrx_word' id='word_1_573' title='bbox 3592 2199 3899 2266; x_wconf 79' lang='lat' dir='ltr'><strong><em>ecclesiae</em></strong></span> <span class='ocrx_word' id='word_1_574' title='bbox 3939 2196 4067 2264; x_wconf 92' lang='lat' dir='ltr'><strong><em>Dei</em></strong></span> <span class='ocrx_word' id='word_1_575' title='bbox 4104 2218 4359 2281; x_wconf 85' lang='lat' dir='ltr'><strong><em>semper</em></strong></span> <span class='ocrx_word' id='word_1_576' title='bbox 4401 2196 4516 2264; x_wconf 90' lang='lat' dir='ltr'><strong><em>hic</em></strong></span> 
     </span>
     <span class='ocr_line' id='line_1_79' title="bbox 2578 2283 4512 2370; baseline -0.001 -18"><span class='ocrx_word' id='word_1_577' title='bbox 2578 2286 2862 2364; x_wconf 89' lang='lat' dir='ltr'><strong><em>morbus,</em></strong></span> <span class='ocrx_word' id='word_1_578' title='bbox 2899 2304 3026 2370; x_wconf 91' lang='lat' dir='ltr'><strong><em>quo</em></strong></span> <span class='ocrx_word' id='word_1_579' title='bbox 3062 2286 3284 2350; x_wconf 88' lang='lat' dir='ltr'><strong><em>nullus</em></strong></span> <span class='ocrx_word' id='word_1_580' title='bbox 3326 2295 3426 2350; x_wconf 86' lang='lat' dir='ltr'><strong><em>est</em></strong></span> <span class='ocrx_word' id='word_1_581' title='bbox 3455 2284 3756 2365; x_wconf 88' lang='lat' dir='ltr'><strong><em>deterior,</em></strong></span> <span class='ocrx_word' id='word_1_582' title='bbox 3797 2283 4077 2350; x_wconf 85' lang='lat' dir='ltr'><strong><em>infestus</em></strong></span> <span class='ocrx_word' id='word_1_583' title='bbox 4118 2283 4261 2351; x_wconf 78' lang='lat' dir='ltr'><strong><em>fuit.</em></strong></span> <span class='ocrx_word' id='word_1_584' title='bbox 4350 2284 4512 2350; x_wconf 88' lang='lat' dir='ltr'><strong><em>Am·</em></strong></span> 
     </span>
     <span class='ocr_line' id='line_1_80' title="bbox 2578 2369 4516 2450; baseline -0.001 -13"><span class='ocrx_word' id='word_1_585' title='bbox 2578 2372 2739 2438; x_wconf 88' lang='lat' dir='ltr'><strong><em>bitio</em></strong></span> <span class='ocrx_word' id='word_1_586' title='bbox 2784 2371 2956 2436; x_wconf 88' lang='lat' dir='ltr'><strong><em>enim</em></strong></span> <span class='ocrx_word' id='word_1_587' title='bbox 3001 2371 3297 2437; x_wconf 89' lang='lat' dir='ltr'><strong><em>omnium</em></strong></span> <span class='ocrx_word' id='word_1_588' title='bbox 3339 2391 3654 2450; x_wconf 88' lang='lat' dir='ltr'><strong><em>errorum,</em></strong></span> <span class='ocrx_word' id='word_1_589' title='bbox 3714 2369 4005 2435; x_wconf 89' lang='lat' dir='ltr'><strong><em>omnium</em></strong></span> <span class='ocrx_word' id='word_1_590' title='bbox 4050 2369 4392 2435; x_wconf 88' lang='lat' dir='ltr'><strong><em>turbarum</em></strong></span> <span class='ocrx_word' id='word_1_591' title='bbox 4437 2387 4516 2436; x_wconf 80' lang='lat' dir='ltr'><strong><em>ac</em></strong></span> 
     </span>
     <span class='ocr_line' id='line_1_81' title="bbox 2579 2453 4518 2538; baseline -0.002 -14"><span class='ocrx_word' id='word_1_592' title='bbox 2579 2464 2908 2524; x_wconf 89' lang='lat' dir='ltr'><strong><em>sectarum</em></strong></span> <span class='ocrx_word' id='word_1_593' title='bbox 2950 2465 3161 2522; x_wconf 86' lang='lat' dir='ltr'><strong><em>mater</em></strong></span> <span class='ocrx_word' id='word_1_594' title='bbox 3203 2456 3350 2536; x_wconf 82' lang='lat' dir='ltr'><strong><em>fuit,</em></strong></span> <span class='ocrx_word' id='word_1_595' title='bbox 3397 2465 3474 2522; x_wconf 89' lang='lat' dir='ltr'><strong><em>ut</em></strong></span> <span class='ocrx_word' id='word_1_596' title='bbox 3515 2455 3708 2523; x_wconf 85' lang='lat' dir='ltr'><strong><em>hodie</em></strong></span> <span class='ocrx_word' id='word_1_597' title='bbox 3759 2464 3879 2523; x_wconf 90' lang='lat' dir='ltr'><strong><em>est.</em></strong></span> <span class='ocrx_word' id='word_1_598' title='bbox 3971 2455 4121 2522; x_wconf 86' lang='lat' dir='ltr'><strong><em>Hac</em></strong></span> <span class='ocrx_word' id='word_1_599' title='bbox 4176 2475 4377 2538; x_wconf 86' lang='lat' dir='ltr'><strong><em>quum</em></strong></span> <span class='ocrx_word' id='word_1_600' title='bbox 4412 2453 4518 2520; x_wconf 89' lang='lat' dir='ltr'><strong><em>in-</em></strong></span> 
     </span>
     <span class='ocr_line' id='line_1_82' title="bbox 2579 2539 4519 2626; baseline 0 -19"><span class='ocrx_word' id='word_1_601' title='bbox 2579 2543 2788 2608; x_wconf 88' lang='lat' dir='ltr'><strong><em>fectus</em></strong></span> <span class='ocrx_word' id='word_1_602' title='bbox 2831 2541 3033 2608; x_wconf 86' lang='lat' dir='ltr'><strong><em>fuerit</em></strong></span> <span class='ocrx_word' id='word_1_603' title='bbox 3073 2541 3213 2626; x_wconf 90' lang='lat' dir='ltr'><strong><em>ipse</em></strong></span> <span class='ocrx_word' id='word_1_604' title='bbox 3250 2541 3522 2609; x_wconf 84' lang='lat' dir='ltr'><strong><em>Aharon</em></strong></span> <span class='ocrx_word' id='word_1_605' title='bbox 3575 2563 3724 2609; x_wconf 90' lang='lat' dir='ltr'><strong><em>cum</em></strong></span> <span class='ocrx_word' id='word_1_606' title='bbox 3783 2561 4037 2620; x_wconf 90' lang='lat' dir='ltr'><strong><em>sorore,</em></strong></span> <span class='ocrx_word' id='word_1_607' title='bbox 4096 2561 4288 2625; x_wconf 87' lang='lat' dir='ltr'><strong><em>quam</em></strong></span> <span class='ocrx_word' id='word_1_608' title='bbox 4325 2539 4519 2607; x_wconf 86' lang='lat' dir='ltr'><strong><em>facile</em></strong></span> 
     </span>
     <span class='ocr_line' id='line_1_83' title="bbox 2579 2625 4519 2712; baseline -0.001 -17"><span class='ocrx_word' id='word_1_609' title='bbox 2579 2628 2805 2695; x_wconf 84' lang='lat' dir='ltr'><strong><em>multis</em></strong></span> <span class='ocrx_word' id='word_1_610' title='bbox 2847 2628 3162 2712; x_wconf 86' lang='lat' dir='ltr'><strong><em>obrepet?</em></strong></span> <span class='ocrx_word' id='word_1_611' title='bbox 3199 2628 3345 2695; x_wconf 90' lang='lat' dir='ltr'><strong><em>Iam</em></strong></span> <span class='ocrx_word' id='word_1_612' title='bbox 3382 2627 3463 2694; x_wconf 89' lang='lat' dir='ltr'><strong><em>ad</em></strong></span> <span class='ocrx_word' id='word_1_613' title='bbox 3499 2627 3703 2694; x_wconf 87' lang='lat' dir='ltr'><strong><em>verba</em></strong></span> <span class='ocrx_word' id='word_1_614' title='bbox 3736 2625 4079 2693; x_wconf 85' lang='lat' dir='ltr'><strong><em>descendo.</em></strong></span> <span class='ocrx_word' id='word_1_615' title='bbox 4156 2627 4372 2692; x_wconf 79' lang='lat' dir='ltr'><strong><em>Maria</em></strong></span> <span class='ocrx_word' id='word_1_616' title='bbox 4406 2625 4519 2693; x_wconf 86' lang='lat' dir='ltr'><strong><em>hic</em></strong></span> 
     </span>
     <span class='ocr_line' id='line_1_84' title="bbox 2579 2710 4519 2797; baseline -0.001 -17"><span class='ocrx_word' id='word_1_617' title='bbox 2579 2722 2731 2781; x_wconf 88' lang='lat' dir='ltr'><strong><em>ante</em></strong></span> <span class='ocrx_word' id='word_1_618' title='bbox 2755 2712 3128 2780; x_wconf 88' lang='lat' dir='ltr'><strong><em>Aharonem</em></strong></span> <span class='ocrx_word' id='word_1_619' title='bbox 3167 2714 3451 2797; x_wconf 83' lang='lat' dir='ltr'><strong><em>ponitur,</em></strong></span> <span class='ocrx_word' id='word_1_620' title='bbox 3489 2734 3620 2779; x_wconf 92' lang='lat' dir='ltr'><strong><em>non</em></strong></span> <span class='ocrx_word' id='word_1_621' title='bbox 3656 2713 3924 2779; x_wconf 88' lang='lat' dir='ltr'><strong><em>honoris</em></strong></span> <span class='ocrx_word' id='word_1_622' title='bbox 3958 2733 4174 2792; x_wconf 87' lang='lat' dir='ltr'><strong><em>causa,</em></strong></span> <span class='ocrx_word' id='word_1_623' title='bbox 4211 2710 4324 2780; x_wconf 81' lang='lat' dir='ltr'><strong><em>sed</em></strong></span> <span class='ocrx_word' id='word_1_624' title='bbox 4360 2712 4519 2797; x_wconf 88' lang='lat' dir='ltr'><strong><em>quia</em></strong></span> 
     </span>
     <span class='ocr_line' id='line_1_85' title="bbox 2576 2799 4516 2884; baseline 0 -19"><span class='ocrx_word' id='word_1_625' title='bbox 2576 2800 2762 2865; x_wconf 88' lang='lat' dir='ltr'><strong><em>litem</em></strong></span> <span class='ocrx_word' id='word_1_626' title='bbox 2785 2800 3232 2881; x_wconf 80' lang='lat' dir='ltr'><strong><em>concitaverit,</em></strong></span> <span class='ocrx_word' id='word_1_627' title='bbox 3266 2800 3666 2884; x_wconf 84' lang='lat' dir='ltr'><strong><em>fratremque</em></strong></span> <span class='ocrx_word' id='word_1_628' title='bbox 3688 2799 4034 2865; x_wconf 84' lang='lat' dir='ltr'><strong><em>attraxerit</em></strong></span> <span class='ocrx_word' id='word_1_629' title='bbox 4068 2799 4139 2863; x_wconf 93' lang='lat' dir='ltr'><strong><em>in</em></strong></span> <span class='ocrx_word' id='word_1_630' title='bbox 4175 2818 4330 2865; x_wconf 85' lang='lat' dir='ltr'><strong><em>suas</em></strong></span> <span class='ocrx_word' id='word_1_631' title='bbox 4363 2818 4516 2882; x_wconf 90' lang='lat' dir='ltr'><strong><em>par-</em></strong></span> 
     </span>
     <span class='ocr_line' id='line_1_86' title="bbox 2575 2883 4519 2952; baseline -0.001 -1"><span class='ocrx_word' id='word_1_632' title='bbox 2575 2892 2695 2951; x_wconf 88' lang='lat' dir='ltr'><strong><em>tes.</em></strong></span> <span class='ocrx_word' id='word_1_633' title='bbox 2783 2886 2906 2951; x_wconf 88' lang='lat' dir='ltr'><strong><em>Est</em></strong></span> <span class='ocrx_word' id='word_1_634' title='bbox 2963 2884 3141 2950; x_wconf 89' lang='lat' dir='ltr'><strong><em>enim</em></strong></span> <span class='ocrx_word' id='word_1_635' title='bbox 3200 2885 3370 2951; x_wconf 89' lang='lat' dir='ltr'><strong><em>mira</em></strong></span> <span class='ocrx_word' id='word_1_636' title='bbox 3425 2906 3627 2952; x_wconf 82' lang='lat' dir='ltr'><strong><em>sexus</em></strong></span> <span class='ocrx_word' id='word_1_637' title='bbox 3667 2883 4005 2951; x_wconf 88' lang='lat' dir='ltr'><strong><em>muliebris</em></strong></span> <span class='ocrx_word' id='word_1_638' title='bbox 4049 2883 4335 2951; x_wconf 89' lang='lat' dir='ltr'><strong><em>ambitio.</em></strong></span> <span class='ocrx_word' id='word_1_639' title='bbox 4423 2884 4519 2950; x_wconf 86' lang='lat' dir='ltr'><strong><em>Et</em></strong></span> 
     </span>
     <span class='ocr_line' id='line_1_87' title="bbox 2578 2969 4514 3055; baseline -0.002 -18"><span class='ocrx_word' id='word_1_640' title='bbox 2578 2991 2770 3055; x_wconf 89' lang='lat' dir='ltr'><strong><em>saepe</em></strong></span> <span class='ocrx_word' id='word_1_641' title='bbox 2815 2992 2946 3036; x_wconf 90' lang='lat' dir='ltr'><strong><em>uon</em></strong></span> <span class='ocrx_word' id='word_1_642' title='bbox 3002 2971 3300 3038; x_wconf 88' lang='lat' dir='ltr'><strong><em>rixarum</em></strong></span> <span class='ocrx_word' id='word_1_643' title='bbox 3344 2970 3566 3052; x_wconf 89' lang='lat' dir='ltr'><strong><em>mod0,</em></strong></span> <span class='ocrx_word' id='word_1_644' title='bbox 3612 2969 3730 3037; x_wconf 89' lang='lat' dir='ltr'><strong><em>sed</em></strong></span> <span class='ocrx_word' id='word_1_645' title='bbox 3773 2990 4159 3055; x_wconf 88' lang='lat' dir='ltr'><strong><em>magnorum</em></strong></span> <span class='ocrx_word' id='word_1_646' title='bbox 4207 2969 4514 3036; x_wconf 88' lang='lat' dir='ltr'><strong><em>certami-</em></strong></span> 
     </span>
     <span class='ocr_line' id='line_1_88' title="bbox 2576 3054 4514 3136; baseline -0.001 -13"><span class='ocrx_word' id='word_1_647' title='bbox 2576 3078 2737 3124; x_wconf 88' lang='lat' dir='ltr'><strong><em>num</em></strong></span> <span class='ocrx_word' id='word_1_648' title='bbox 2811 3056 3070 3124; x_wconf 86' lang='lat' dir='ltr'><strong><em>flabella</em></strong></span> <span class='ocrx_word' id='word_1_649' title='bbox 3143 3057 3415 3123; x_wconf 82' lang='lat' dir='ltr'><strong><em>fuerunt</em></strong></span> <span class='ocrx_word' id='word_1_650' title='bbox 3471 3056 3633 3123; x_wconf 87' lang='lat' dir='ltr'><strong><em>viris</em></strong></span> <span class='ocrx_word' id='word_1_651' title='bbox 3701 3055 4129 3122; x_wconf 90' lang='lat' dir='ltr'><strong><em>animosiores</em></strong></span> <span class='ocrx_word' id='word_1_652' title='bbox 4209 3054 4514 3136; x_wconf 82' lang='lat' dir='ltr'><strong><em>feminae,</em></strong></span> 
     </span>
     <span class='ocr_line' id='line_1_89' title="bbox 2575 3142 4516 3241; baseline -0.001 -32"><span class='ocrx_word' id='word_1_653' title='bbox 2575 3153 2652 3209; x_wconf 87' lang='lat' dir='ltr'><strong><em>ut</em></strong></span> <span class='ocrx_word' id='word_1_654' title='bbox 2699 3163 2927 3208; x_wconf 89' lang='lat' dir='ltr'><strong><em>earum</em></strong></span> <span class='ocrx_word' id='word_1_655' title='bbox 2969 3142 3548 3226; x_wconf 88' lang='lat' dir='ltr'><strong><em>intemperantiam</em></strong></span> <span class='ocrx_word' id='word_1_656' title='bbox 3601 3161 3884 3226; x_wconf 88' lang='lat' dir='ltr'><strong><em>magnae</em></strong></span> <span class='ocrx_word' id='word_1_657' title='bbox 3926 3142 4226 3241; x_wconf 61' lang='lat' dir='ltr'><strong><em>civitates</em></strong></span> <span class='ocrx_word' id='word_1_658' title='bbox 4279 3150 4345 3207; x_wconf 90' lang='lat' dir='ltr'><strong><em>et</em></strong></span> <span class='ocrx_word' id='word_1_659' title='bbox 4407 3161 4516 3207; x_wconf 87' lang='lat' dir='ltr'><strong><em>re-</em></strong></span> 
     </span>
     <span class='ocr_line' id='line_1_90' title="bbox 2578 3226 4517 3399; baseline -0.001 -19"><span class='ocrx_word' id='word_1_660' title='bbox 2578 3249 2936 3380; x_wconf 50' lang='lat'><strong><em>{3333</em></strong></span> <span class='ocrx_word' id='word_1_661' title='bbox 2938 3229 3577 3399; x_wconf 63' lang='lat' dir='ltr'><strong><em>¹33?5:?2.f1⁰2&#39;.;¹1²‡..</em></strong></span> <span class='ocrx_word' id='word_1_662' title='bbox 3613 3226 4517 3397; x_wconf 53' lang='lat' dir='ltr'><strong><em>ffiffiffissulfflffl</em></strong></span> 
     </span>
     <span class='ocr_line' id='line_1_91' title="bbox 2576 3398 4519 3483; baseline -0.002 -15"><span class='ocrx_word' id='word_1_663' title='bbox 2576 3399 3049 3483; x_wconf 85' lang='lat' dir='ltr'><strong><em>scelestumque</em></strong></span> <span class='ocrx_word' id='word_1_664' title='bbox 3099 3409 3430 3467; x_wconf 87' lang='lat' dir='ltr'><strong><em>certamen</em></strong></span> <span class='ocrx_word' id='word_1_665' title='bbox 3477 3419 3628 3466; x_wconf 91' lang='lat' dir='ltr'><strong><em>cum</em></strong></span> <span class='ocrx_word' id='word_1_666' title='bbox 3673 3400 3874 3466; x_wconf 79' lang='lat' dir='ltr'><strong><em>fratre</em></strong></span> <span class='ocrx_word' id='word_1_667' title='bbox 3916 3398 4224 3483; x_wconf 88' lang='lat' dir='ltr'><strong><em>suscepit,</em></strong></span> <span class='ocrx_word' id='word_1_668' title='bbox 4269 3398 4401 3464; x_wconf 92' lang='lat' dir='ltr'><strong><em>imo</em></strong></span> <span class='ocrx_word' id='word_1_669' title='bbox 4444 3419 4519 3464; x_wconf 89' lang='lat' dir='ltr'><strong><em>se</em></strong></span> 
     </span>
     <span class='ocr_line' id='line_1_92' title="bbox 2575 3483 4516 3570; baseline -0.001 -19"><span class='ocrx_word' id='word_1_670' title='bbox 2575 3486 2828 3553; x_wconf 85' lang='lat' dir='ltr'><strong><em>hostem</em></strong></span> <span class='ocrx_word' id='word_1_671' title='bbox 2886 3485 3139 3570; x_wconf 85' lang='lat' dir='ltr'><strong><em>gratiae</em></strong></span> <span class='ocrx_word' id='word_1_672' title='bbox 3193 3485 3320 3551; x_wconf 88' lang='lat' dir='ltr'><strong><em>Dei</em></strong></span> <span class='ocrx_word' id='word_1_673' title='bbox 3368 3487 3702 3569; x_wconf 87' lang='lat' dir='ltr'><strong><em>professus</em></strong></span> <span class='ocrx_word' id='word_1_674' title='bbox 3757 3492 3875 3551; x_wconf 88' lang='lat' dir='ltr'><strong><em>est.</em></strong></span> <span class='ocrx_word' id='word_1_675' title='bbox 3964 3483 4173 3550; x_wconf 87' lang='lat' dir='ltr'><strong><em>Porro</em></strong></span> <span class='ocrx_word' id='word_1_676' title='bbox 4217 3484 4370 3568; x_wconf 90' lang='lat' dir='ltr'><strong><em>quia</em></strong></span> <span class='ocrx_word' id='word_1_677' title='bbox 4410 3485 4516 3549; x_wconf 89' lang='lat' dir='ltr'><strong><em>ni-</em></strong></span> 
     </span>
     <span class='ocr_line' id='line_1_93' title="bbox 2574 3570 4518 3655; baseline -0.001 -17"><span class='ocrx_word' id='word_1_678' title='bbox 2574 3572 2669 3638; x_wconf 93' lang='lat' dir='ltr'><strong><em>hil</em></strong></span> <span class='ocrx_word' id='word_1_679' title='bbox 2693 3572 2948 3639; x_wconf 90' lang='lat' dir='ltr'><strong><em>causari</em></strong></span> <span class='ocrx_word' id='word_1_680' title='bbox 2973 3571 3211 3639; x_wconf 85' lang='lat' dir='ltr'><strong><em>licebat</em></strong></span> <span class='ocrx_word' id='word_1_681' title='bbox 3244 3572 3402 3655; x_wconf 91' lang='lat' dir='ltr'><strong><em>quin</em></strong></span> <span class='ocrx_word' id='word_1_682' title='bbox 3430 3572 3649 3637; x_wconf 82' lang='lat' dir='ltr'><strong><em>Moses</em></strong></span> <span class='ocrx_word' id='word_1_683' title='bbox 3682 3571 3824 3654; x_wconf 89' lang='lat' dir='ltr'><strong><em>ipse</em></strong></span> <span class='ocrx_word' id='word_1_684' title='bbox 3867 3589 3986 3654; x_wconf 89' lang='lat' dir='ltr'><strong><em>per</em></strong></span> <span class='ocrx_word' id='word_1_685' title='bbox 4020 3592 4089 3637; x_wconf 86' lang='lat' dir='ltr'><strong><em>se</em></strong></span> <span class='ocrx_word' id='word_1_686' title='bbox 4123 3570 4301 3654; x_wconf 83' lang='lat' dir='ltr'><strong><em>ipsos</em></strong></span> <span class='ocrx_word' id='word_1_687' title='bbox 4323 3570 4518 3654; x_wconf 84' lang='lat' dir='ltr'><strong><em>longe</em></strong></span> 
     </span>
     <span class='ocr_line' id='line_1_94' title="bbox 2575 3656 4514 3742; baseline -0.002 -18"><span class='ocrx_word' id='word_1_688' title='bbox 2575 3657 3021 3742; x_wconf 85' lang='lat' dir='ltr'><strong><em>praecelleret,</em></strong></span> <span class='ocrx_word' id='word_1_689' title='bbox 3055 3656 3389 3723; x_wconf 87' lang='lat' dir='ltr'><strong><em>dedecoris</em></strong></span> <span class='ocrx_word' id='word_1_690' title='bbox 3423 3659 3765 3723; x_wconf 86' lang='lat' dir='ltr'><strong><em>materiam</em></strong></span> <span class='ocrx_word' id='word_1_691' title='bbox 3804 3663 4127 3741; x_wconf 87' lang='lat' dir='ltr'><strong><em>quaerunt</em></strong></span> <span class='ocrx_word' id='word_1_692' title='bbox 4170 3657 4238 3722; x_wconf 91' lang='lat' dir='ltr'><strong><em>in</em></strong></span> <span class='ocrx_word' id='word_1_693' title='bbox 4273 3676 4514 3722; x_wconf 83' lang='lat' dir='ltr'><strong><em>uxore:</em></strong></span> 
     </span>
     <span class='ocr_line' id='line_1_95' title="bbox 2578 3742 4516 3827; baseline -0.002 -17"><span class='ocrx_word' id='word_1_694' title='bbox 2578 3767 2653 3812; x_wconf 90' lang='lat' dir='ltr'><strong><em>ac</em></strong></span> <span class='ocrx_word' id='word_1_695' title='bbox 2697 3744 2754 3809; x_wconf 88' lang='lat' dir='ltr'><strong><em>si</em></strong></span> <span class='ocrx_word' id='word_1_696' title='bbox 2798 3742 3067 3808; x_wconf 88' lang='lat' dir='ltr'><strong><em>dimidia</em></strong></span> <span class='ocrx_word' id='word_1_697' title='bbox 3110 3743 3215 3810; x_wconf 88' lang='lat' dir='ltr'><strong><em>sui</em></strong></span> <span class='ocrx_word' id='word_1_698' title='bbox 3256 3749 3442 3827; x_wconf 87' lang='lat' dir='ltr'><strong><em>parte</em></strong></span> <span class='ocrx_word' id='word_1_699' title='bbox 3485 3754 3657 3810; x_wconf 89' lang='lat' dir='ltr'><strong><em>esset</em></strong></span> <span class='ocrx_word' id='word_1_700' title='bbox 3698 3742 3984 3823; x_wconf 85' lang='lat' dir='ltr'><strong><em>inferior,</em></strong></span> <span class='ocrx_word' id='word_1_701' title='bbox 4021 3742 4193 3825; x_wconf 89' lang='lat' dir='ltr'><strong><em>quod</em></strong></span> <span class='ocrx_word' id='word_1_702' title='bbox 4236 3762 4516 3809; x_wconf 85' lang='lat' dir='ltr'><strong><em>uxorem</em></strong></span> 
     </span>
     <span class='ocr_line' id='line_1_96' title="bbox 2579 3827 4518 3915; baseline -0.002 -19"><span class='ocrx_word' id='word_1_703' title='bbox 2579 3850 2713 3896; x_wconf 91' lang='lat' dir='ltr'><strong><em>nou</em></strong></span> <span class='ocrx_word' id='word_1_704' title='bbox 2759 3850 2842 3894; x_wconf 85' lang='lat' dir='ltr'><strong><em>ex</em></strong></span> <span class='ocrx_word' id='word_1_705' title='bbox 2879 3850 2998 3894; x_wconf 86' lang='lat' dir='ltr'><strong><em>sua</em></strong></span> <span class='ocrx_word' id='word_1_706' title='bbox 3021 3837 3241 3914; x_wconf 89' lang='lat' dir='ltr'><strong><em>gente,</em></strong></span> <span class='ocrx_word' id='word_1_707' title='bbox 3287 3828 3402 3895; x_wconf 90' lang='lat' dir='ltr'><strong><em>sed</em></strong></span> <span class='ocrx_word' id='word_1_708' title='bbox 3427 3829 3862 3915; x_wconf 85' lang='lat' dir='ltr'><strong><em>alienigenam</em></strong></span> <span class='ocrx_word' id='word_1_709' title='bbox 3888 3828 4198 3894; x_wconf 79' lang='lat' dir='ltr'><strong><em>duxisset.</em></strong></span> <span class='ocrx_word' id='word_1_710' title='bbox 4266 3827 4518 3911; x_wconf 89' lang='lat' dir='ltr'><strong><em>Asper-</em></strong></span> 
     </span>
     <span class='ocr_line' id='line_1_97' title="bbox 2579 3914 4517 4066; baseline -0.001 -86"><span class='ocrx_word' id='word_1_711' title='bbox 2579 3923 2744 4002; x_wconf 84' lang='lat' dir='ltr'><strong><em>gunt</em></strong></span> <span class='ocrx_word' id='word_1_712' title='bbox 2787 3914 2992 4000; x_wconf 87' lang='lat' dir='ltr'><strong><em>igitur</em></strong></span> <span class='ocrx_word' id='word_1_713' title='bbox 3047 3936 3197 3981; x_wconf 91' lang='lat' dir='ltr'><strong><em>eum</em></strong></span> <span class='ocrx_word' id='word_1_714' title='bbox 3255 3915 3654 4066; x_wconf 59' lang='grc' dir='ltr'><strong><em>ἱὲυοιῑιὶιιίαο</em></strong></span> <span class='ocrx_word' id='word_1_715' title='bbox 3715 3921 3869 3979; x_wconf 89' lang='lat' dir='ltr'><strong><em>nota</em></strong></span> <span class='ocrx_word' id='word_1_716' title='bbox 3915 3914 3984 3979; x_wconf 89' lang='lat' dir='ltr'><strong><em>in</em></strong></span> <span class='ocrx_word' id='word_1_717' title='bbox 4031 3934 4313 3998; x_wconf 89' lang='lat' dir='ltr'><strong><em>persona</em></strong></span> <span class='ocrx_word' id='word_1_718' title='bbox 4350 3932 4517 3979; x_wconf 84' lang='lat' dir='ltr'><strong><em>uxo-</em></strong></span> 
     </span>
     <span class='ocr_line' id='line_1_98' title="bbox 2579 3999 4518 4084; baseline -0.003 -15"><span class='ocrx_word' id='word_1_719' title='bbox 2579 4004 2700 4069; x_wconf 88' lang='lat' dir='ltr'><strong><em>ris:</em></strong></span> <span class='ocrx_word' id='word_1_720' title='bbox 2745 4021 2820 4067; x_wconf 91' lang='lat' dir='ltr'><strong><em>ac</em></strong></span> <span class='ocrx_word' id='word_1_721' title='bbox 2855 4001 2914 4067; x_wconf 88' lang='lat' dir='ltr'><strong><em>si</em></strong></span> <span class='ocrx_word' id='word_1_722' title='bbox 2954 4000 3228 4066; x_wconf 88' lang='lat' dir='ltr'><strong><em>minime</em></strong></span> <span class='ocrx_word' id='word_1_723' title='bbox 3305 4010 3521 4069; x_wconf 89' lang='lat' dir='ltr'><strong><em>eceret</em></strong></span> <span class='ocrx_word' id='word_1_724' title='bbox 3551 3999 3805 4068; x_wconf 87' lang='lat' dir='ltr'><strong><em>censeri</em></strong></span> <span class='ocrx_word' id='word_1_725' title='bbox 3838 4000 4057 4084; x_wconf 89' lang='lat' dir='ltr'><strong><em>populi</em></strong></span> <span class='ocrx_word' id='word_1_726' title='bbox 4101 3999 4289 4066; x_wconf 89' lang='lat' dir='ltr'><strong><em>electi</em></strong></span> <span class='ocrx_word' id='word_1_727' title='bbox 4328 4000 4518 4084; x_wconf 87' lang='lat' dir='ltr'><strong><em>prin-</em></strong></span> 
     </span>
     <span class='ocr_line' id='line_1_99' title="bbox 2580 4086 4518 4172; baseline -0.002 -18"><span class='ocrx_word' id='word_1_728' title='bbox 2580 4089 2790 4172; x_wconf 89' lang='lat' dir='ltr'><strong><em>cipem</em></strong></span> <span class='ocrx_word' id='word_1_729' title='bbox 2828 4099 2893 4153; x_wconf 87' lang='lat' dir='ltr'><strong><em>et</em></strong></span> <span class='ocrx_word' id='word_1_730' title='bbox 2927 4094 3145 4172; x_wconf 89' lang='lat' dir='ltr'><strong><em>caput,</em></strong></span> <span class='ocrx_word' id='word_1_731' title='bbox 3180 4087 3364 4154; x_wconf 90' lang='lat' dir='ltr'><strong><em>cuius</em></strong></span> <span class='ocrx_word' id='word_1_732' title='bbox 3399 4087 3637 4154; x_wconf 88' lang='lat' dir='ltr'><strong><em>coniux</em></strong></span> <span class='ocrx_word' id='word_1_733' title='bbox 3680 4095 3746 4152; x_wconf 92' lang='lat' dir='ltr'><strong><em>et</em></strong></span> <span class='ocrx_word' id='word_1_734' title='bbox 3769 4086 3895 4151; x_wconf 88' lang='lat' dir='ltr'><strong><em>tori</em></strong></span> <span class='ocrx_word' id='word_1_735' title='bbox 3940 4087 4112 4153; x_wconf 89' lang='lat' dir='ltr'><strong><em>socia</em></strong></span> <span class='ocrx_word' id='word_1_736' title='bbox 4157 4095 4332 4151; x_wconf 86' lang='lat' dir='ltr'><strong><em>esset</em></strong></span> <span class='ocrx_word' id='word_1_737' title='bbox 4363 4106 4518 4169; x_wconf 88' lang='lat' dir='ltr'><strong><em>pro-</em></strong></span> 
     </span>
     <span class='ocr_line' id='line_1_100' title="bbox 2582 4171 4520 4255; baseline -0.001 -16"><span class='ocrx_word' id='word_1_738' title='bbox 2582 4175 2736 4240; x_wconf 85' lang='lat' dir='ltr'><strong><em>fana</em></strong></span> <span class='ocrx_word' id='word_1_739' title='bbox 2771 4173 3024 4239; x_wconf 90' lang='lat' dir='ltr'><strong><em>mulier.</em></strong></span> <span class='ocrx_word' id='word_1_740' title='bbox 3093 4171 3286 4255; x_wconf 81' lang='lat' dir='ltr'><strong><em>Quod</em></strong></span> <span class='ocrx_word' id='word_1_741' title='bbox 3322 4172 3627 4239; x_wconf 89' lang='lat' dir='ltr'><strong><em>nonnulli</em></strong></span> <span class='ocrx_word' id='word_1_742' title='bbox 3659 4173 3859 4239; x_wconf 83' lang='lat' dir='ltr'><strong><em>aliam</em></strong></span> <span class='ocrx_word' id='word_1_743' title='bbox 3895 4172 4099 4239; x_wconf 82' lang='lat' dir='ltr'><strong><em>fuisse</em></strong></span> <span class='ocrx_word' id='word_1_744' title='bbox 4133 4173 4520 4238; x_wconf 82' lang='lat' dir='ltr'><strong><em>existimant</em></strong></span> 
     </span>
    </p>

    <p class='ocr_par' dir='ltr' id='par_1_13' title="bbox 2581 4255 4603 5375">
     <span class='ocr_line' id='line_1_101' title="bbox 2626 4255 4519 4360; baseline -0.001 -35"><span class='ocrx_word' id='word_1_745' title='bbox 2626 4279 2778 4325; x_wconf 89' lang='lat' dir='ltr'><strong><em>uam</em></strong></span> <span class='ocrx_word' id='word_1_746' title='bbox 2817 4256 3199 4360; x_wconf 72' lang='lat' dir='ltr'><strong><em>Sephoram,</em></strong></span> <span class='ocrx_word' id='word_1_747' title='bbox 3236 4259 3399 4359; x_wconf 73' lang='lat' dir='ltr'><strong><em>mihi</em></strong></span> <span class='ocrx_word' id='word_1_748' title='bbox 3435 4279 3562 4360; x_wconf 72' lang='lat' dir='ltr'><strong><em>non</em></strong></span> <span class='ocrx_word' id='word_1_749' title='bbox 3607 4259 3953 4343; x_wconf 87' lang='lat' dir='ltr'><strong><em>probatur:</em></strong></span> <span class='ocrx_word' id='word_1_750' title='bbox 3997 4258 4151 4341; x_wconf 88' lang='lat' dir='ltr'><strong><em>quia</em></strong></span> <span class='ocrx_word' id='word_1_751' title='bbox 4195 4255 4275 4324; x_wconf 91' lang='lat' dir='ltr'><strong><em>de</em></strong></span> <span class='ocrx_word' id='word_1_752' title='bbox 4309 4267 4519 4323; x_wconf 87' lang='lat' dir='ltr'><strong><em>morte</em></strong></span> 
     </span>
     <span class='ocr_line' id='line_1_102' title="bbox 2581 4343 4520 4516; baseline -0.001 -20"><span class='ocrx_word' id='word_1_753' title='bbox 2581 4343 3313 4514; x_wconf 51' lang='lat' dir='ltr'><strong><em>mii-{Qiuiihssnlssffl</em></strong></span> <span class='ocrx_word' id='word_1_754' title='bbox 3314 4352 3480 4516; x_wconf 54' lang='lat' dir='ltr'><strong><em>1⁶2}ss</em></strong></span> <span class='ocrx_word' id='word_1_755' title='bbox 3500 4343 4127 4516; x_wconf 51' lang='lat' dir='ltr'><strong><em>sssszuigffissffi</em></strong></span> <span class='ocrx_word' id='word_1_756' title='bbox 4121 4364 4205 4496; x_wconf 61' lang='grc' dir='ltr'><strong><em>ΤΟ</em></strong></span> <span class='ocrx_word' id='word_1_757' title='bbox 4231 4343 4520 4515; x_wconf 50' lang='lat' dir='ltr'><strong><em>133?ssss</em></strong></span> 
     </span>
     <span class='ocr_line' id='line_1_103' title="bbox 2587 4514 4521 4600; baseline -0.003 -17"><span class='ocrx_word' id='word_1_758' title='bbox 2587 4518 2752 4583; x_wconf 90' lang='lat' dir='ltr'><strong><em>miae</em></strong></span> <span class='ocrx_word' id='word_1_759' title='bbox 2796 4525 3016 4581; x_wconf 91' lang='lat' dir='ltr'><strong><em>autem</em></strong></span> <span class='ocrx_word' id='word_1_760' title='bbox 3050 4516 3286 4600; x_wconf 90' lang='lat' dir='ltr'><strong><em>probro</em></strong></span> <span class='ocrx_word' id='word_1_761' title='bbox 3321 4536 3596 4582; x_wconf 88' lang='lat' dir='ltr'><strong><em>onerare</em></strong></span> <span class='ocrx_word' id='word_1_762' title='bbox 3631 4526 3930 4583; x_wconf 89' lang='lat' dir='ltr'><strong><em>sanctum</em></strong></span> <span class='ocrx_word' id='word_1_763' title='bbox 3974 4515 4382 4600; x_wconf 89' lang='lat' dir='ltr'><strong><em>prophetam,</em></strong></span> <span class='ocrx_word' id='word_1_764' title='bbox 4422 4514 4521 4579; x_wconf 92' lang='lat' dir='ltr'><strong><em>ni·</em></strong></span> 
     </span>
     <span class='ocr_line' id='line_1_104' title="bbox 2585 4600 4520 4688; baseline -0.002 -19"><span class='ocrx_word' id='word_1_765' title='bbox 2585 4603 2709 4670; x_wconf 88' lang='lat' dir='ltr'><strong><em>mis</em></strong></span> <span class='ocrx_word' id='word_1_766' title='bbox 2743 4600 3101 4668; x_wconf 87' lang='lat' dir='ltr'><strong><em>absurdum</em></strong></span> <span class='ocrx_word' id='word_1_767' title='bbox 3137 4610 3327 4680; x_wconf 88' lang='lat' dir='ltr'><strong><em>esset,</em></strong></span> <span class='ocrx_word' id='word_1_768' title='bbox 3364 4601 3530 4668; x_wconf 89' lang='lat' dir='ltr'><strong><em>adde</em></strong></span> <span class='ocrx_word' id='word_1_769' title='bbox 3564 4602 3737 4688; x_wconf 89' lang='lat' dir='ltr'><strong><em>quod</em></strong></span> <span class='ocrx_word' id='word_1_770' title='bbox 3771 4601 4231 4688; x_wconf 82' lang='lat' dir='ltr'><strong><em>octogenarius</em></strong></span> <span class='ocrx_word' id='word_1_771' title='bbox 4274 4601 4355 4667; x_wconf 91' lang='lat' dir='ltr'><strong><em>ad</em></strong></span> <span class='ocrx_word' id='word_1_772' title='bbox 4399 4621 4520 4666; x_wconf 87' lang='lat' dir='ltr'><strong><em>no-</em></strong></span> 
     </span>
     <span class='ocr_line' id='line_1_105' title="bbox 2585 4686 4519 4774; baseline -0.003 -17"><span class='ocrx_word' id='word_1_773' title='bbox 2585 4709 2745 4757; x_wconf 85' lang='lat' dir='ltr'><strong><em>vum</em></strong></span> <span class='ocrx_word' id='word_1_774' title='bbox 2801 4688 3181 4773; x_wconf 89' lang='lat' dir='ltr'><strong><em>coniugium</em></strong></span> <span class='ocrx_word' id='word_1_775' title='bbox 3242 4689 3513 4755; x_wconf 89' lang='lat' dir='ltr'><strong><em>minime</em></strong></span> <span class='ocrx_word' id='word_1_776' title='bbox 3568 4696 3763 4774; x_wconf 89' lang='lat' dir='ltr'><strong><em>aptus</em></strong></span> <span class='ocrx_word' id='word_1_777' title='bbox 3819 4686 4072 4754; x_wconf 77' lang='lat' dir='ltr'><strong><em>fuisset.</em></strong></span> <span class='ocrx_word' id='word_1_778' title='bbox 4155 4686 4300 4753; x_wconf 88' lang='lat' dir='ltr'><strong><em>Iam</em></strong></span> <span class='ocrx_word' id='word_1_779' title='bbox 4359 4707 4519 4771; x_wconf 90' lang='lat' dir='ltr'><strong><em>quo-</em></strong></span> 
     </span>
     <span class='ocr_line' id='line_1_106' title="bbox 2586 4771 4518 4857; baseline -0.003 -16"><span class='ocrx_word' id='word_1_780' title='bbox 2586 4773 2778 4841; x_wconf 92' lang='lat' dir='ltr'><strong><em>modo</em></strong></span> <span class='ocrx_word' id='word_1_781' title='bbox 2836 4774 3218 4841; x_wconf 87' lang='lat' dir='ltr'><strong><em>conciliatae</em></strong></span> <span class='ocrx_word' id='word_1_782' title='bbox 3263 4774 3539 4841; x_wconf 83' lang='lat' dir='ltr'><strong><em>fuissent</em></strong></span> <span class='ocrx_word' id='word_1_783' title='bbox 3580 4775 3748 4841; x_wconf 84' lang='lat' dir='ltr'><strong><em>tales</em></strong></span> <span class='ocrx_word' id='word_1_784' title='bbox 3785 4774 4053 4857; x_wconf 87' lang='lat' dir='ltr'><strong><em>nuptiae</em></strong></span> <span class='ocrx_word' id='word_1_785' title='bbox 4098 4774 4170 4839; x_wconf 91' lang='lat' dir='ltr'><strong><em>in</em></strong></span> <span class='ocrx_word' id='word_1_786' title='bbox 4213 4771 4518 4840; x_wconf 80' lang='lat' dir='ltr'><strong><em>deserto?</em></strong></span> 
     </span>
     <span class='ocr_line' id='line_1_107' title="bbox 2586 4858 4520 4945; baseline -0.002 -18"><span class='ocrx_word' id='word_1_787' title='bbox 2586 4862 2689 4926; x_wconf 89' lang='lat' dir='ltr'><strong><em>De</em></strong></span> <span class='ocrx_word' id='word_1_788' title='bbox 2741 4858 3037 4944; x_wconf 81' lang='lat' dir='ltr'><strong><em>Sephora</em></strong></span> <span class='ocrx_word' id='word_1_789' title='bbox 3080 4880 3236 4945; x_wconf 90' lang='lat' dir='ltr'><strong><em>ergo</em></strong></span> <span class='ocrx_word' id='word_1_790' title='bbox 3290 4861 3435 4926; x_wconf 88' lang='lat' dir='ltr'><strong><em>fieri</em></strong></span> <span class='ocrx_word' id='word_1_791' title='bbox 3478 4880 3848 4927; x_wconf 85' lang='lat' dir='ltr'><strong><em>sermonem</em></strong></span> <span class='ocrx_word' id='word_1_792' title='bbox 3892 4860 4054 4926; x_wconf 89' lang='lat' dir='ltr'><strong><em>satis</em></strong></span> <span class='ocrx_word' id='word_1_793' title='bbox 4099 4865 4302 4944; x_wconf 89' lang='lat' dir='ltr'><strong><em>patet,</em></strong></span> <span class='ocrx_word' id='word_1_794' title='bbox 4350 4878 4520 4943; x_wconf 89' lang='lat' dir='ltr'><strong><em>quae</em></strong></span> 
     </span>
     <span class='ocr_line' id='line_1_108' title="bbox 2588 4942 4603 5029; baseline -0.001 -17"><span class='ocrx_word' id='word_1_795' title='bbox 2588 4945 3012 5029; x_wconf 84' lang='lat' dir='ltr'><strong><em>Aethiopissa</em></strong></span> <span class='ocrx_word' id='word_1_796' title='bbox 3055 4942 3310 5026; x_wconf 90' lang='lat' dir='ltr'><strong><em>dicitur,</em></strong></span> <span class='ocrx_word' id='word_1_797' title='bbox 3354 4947 3507 5029; x_wconf 89' lang='lat' dir='ltr'><strong><em>quia</em></strong></span> <span class='ocrx_word' id='word_1_798' title='bbox 3550 4945 3673 5012; x_wconf 88' lang='lat' dir='ltr'><strong><em>sub</em></strong></span> <span class='ocrx_word' id='word_1_799' title='bbox 3715 4945 3842 5012; x_wconf 89' lang='lat' dir='ltr'><strong><em>hoc</em></strong></span> <span class='ocrx_word' id='word_1_800' title='bbox 3884 4946 4151 5011; x_wconf 89' lang='lat' dir='ltr'><strong><em>nomine</em></strong></span> <span class='ocrx_word' id='word_1_801' title='bbox 4191 4945 4522 5029; x_wconf 89' lang='lat' dir='ltr'><strong><em>scriptura</em></strong></span> <span class='ocrx_word' id='word_1_802' title='bbox 4595 4984 4603 4990; x_wconf 93' lang='lat'>-</span> 
     </span>
     <span class='ocr_line' id='line_1_109' title="bbox 2588 5029 4521 5115; baseline -0.001 -17"><span class='ocrx_word' id='word_1_803' title='bbox 2588 5032 2987 5098; x_wconf 84' lang='lat' dir='ltr'><strong><em>Madianitas</em></strong></span> <span class='ocrx_word' id='word_1_804' title='bbox 3045 5031 3558 5115; x_wconf 88' lang='lat' dir='ltr'><strong><em>comprehendit.</em></strong></span> <span class='ocrx_word' id='word_1_805' title='bbox 3647 5029 4042 5115; x_wconf 77' lang='lat' dir='ltr'><strong><em>Quanquam</em></strong></span> <span class='ocrx_word' id='word_1_806' title='bbox 4100 5052 4229 5098; x_wconf 91' lang='lat' dir='ltr'><strong><em>nou</em></strong></span> <span class='ocrx_word' id='word_1_807' title='bbox 4291 5029 4521 5097; x_wconf 89' lang='lat' dir='ltr'><strong><em>dubito</em></strong></span> 
     </span>
     <span class='ocr_line' id='line_1_110' title="bbox 2588 5115 4522 5203; baseline 0.001 -21"><span class='ocrx_word' id='word_1_808' title='bbox 2588 5118 2746 5202; x_wconf 90' lang='lat' dir='ltr'><strong><em>quin</em></strong></span> <span class='ocrx_word' id='word_1_809' title='bbox 2791 5117 3078 5202; x_wconf 88' lang='lat' dir='ltr'><strong><em>maligne</em></strong></span> <span class='ocrx_word' id='word_1_810' title='bbox 3123 5138 3358 5183; x_wconf 91' lang='lat' dir='ltr'><strong><em>nomen</em></strong></span> <span class='ocrx_word' id='word_1_811' title='bbox 3403 5117 3725 5203; x_wconf 89' lang='lat' dir='ltr'><strong><em>elegerint</em></strong></span> <span class='ocrx_word' id='word_1_812' title='bbox 3769 5117 3937 5200; x_wconf 88' lang='lat' dir='ltr'><strong><em>quod</em></strong></span> <span class='ocrx_word' id='word_1_813' title='bbox 3975 5117 4058 5183; x_wconf 91' lang='lat' dir='ltr'><strong><em>ad</em></strong></span> <span class='ocrx_word' id='word_1_814' title='bbox 4100 5115 4522 5184; x_wconf 88' lang='lat' dir='ltr'><strong><em>conflandum</em></strong></span> 
     </span>
     <span class='ocr_line' id='line_1_111' title="bbox 2590 5201 4523 5286; baseline -0.001 -16"><span class='ocrx_word' id='word_1_815' title='bbox 2590 5204 2812 5270; x_wconf 92' lang='lat' dir='ltr'><strong><em>odium</em></strong></span> <span class='ocrx_word' id='word_1_816' title='bbox 2870 5201 3018 5285; x_wconf 88' lang='lat' dir='ltr'><strong><em>plus</em></strong></span> <span class='ocrx_word' id='word_1_817' title='bbox 3069 5203 3339 5270; x_wconf 87' lang='lat' dir='ltr'><strong><em>valeret.</em></strong></span> <span class='ocrx_word' id='word_1_818' title='bbox 3429 5203 3697 5270; x_wconf 85' lang='lat' dir='ltr'><strong><em>Frivola</em></strong></span> <span class='ocrx_word' id='word_1_819' title='bbox 3733 5210 4104 5269; x_wconf 87' lang='lat' dir='ltr'><strong><em>commenta</em></strong></span> <span class='ocrx_word' id='word_1_820' title='bbox 4144 5203 4378 5286; x_wconf 89' lang='lat' dir='ltr'><strong><em>quibus</em></strong></span> <span class='ocrx_word' id='word_1_821' title='bbox 4418 5203 4523 5269; x_wconf 89' lang='lat' dir='ltr'><strong><em>lu-</em></strong></span> 
     </span>
     <span class='ocr_line' id='line_1_112' title="bbox 2590 5288 4525 5375; baseline 0.001 -21"><span class='ocrx_word' id='word_1_822' title='bbox 2590 5290 2755 5354; x_wconf 88' lang='lat' dir='ltr'><strong><em>dunt</em></strong></span> <span class='ocrx_word' id='word_1_823' title='bbox 2798 5288 3120 5370; x_wconf 88' lang='lat' dir='ltr'><strong><em>nonnulli,</em></strong></span> <span class='ocrx_word' id='word_1_824' title='bbox 3166 5289 3321 5356; x_wconf 86' lang='lat' dir='ltr'><strong><em>data</em></strong></span> <span class='ocrx_word' id='word_1_825' title='bbox 3365 5308 3566 5375; x_wconf 89' lang='lat' dir='ltr'><strong><em>opera</em></strong></span> <span class='ocrx_word' id='word_1_826' title='bbox 3607 5299 3960 5372; x_wconf 88' lang='lat' dir='ltr'><strong><em>praetereo.</em></strong></span> <span class='ocrx_word' id='word_1_827' title='bbox 4045 5290 4360 5373; x_wconf 79' lang='lat' dir='ltr'><strong><em>Agnoscit</em></strong></span> <span class='ocrx_word' id='word_1_828' title='bbox 4403 5311 4525 5356; x_wconf 88' lang='lat' dir='ltr'><strong><em>au·</em></strong></span> 
     </span>
    </p>
   </div>
   <div class='ocr_carea' id='block_1_12' title="bbox 4970 9 4987 3343">
    <p class='ocr_par' dir='ltr' id='par_1_14' title="bbox 4970 9 4987 3343">
     <span class='ocr_line' id='line_1_113' title="bbox 4970 9 4987 3343; baseline 0 0"><span class='ocrx_word' id='word_1_829' title='bbox 4970 9 4987 3343; x_wconf 95' lang='lat' dir='ltr'><strong><em> </em></strong></span> 
     </span>
    </p>
   </div>
  </div>
 </body>
</html>
