5017 6142
626 445 753 511 267

625 634 923 719 proximo
967 654 1160 698 versu
1199 640 1604 699 narraverat.
1672 631 2063 718 Quanquam
2102 654 2234 698 non
2272 630 2571 715 displicet

626 719 800 805 quod
856 718 968 784 alii
1032 717 1331 799 tradunt,
1393 717 1624 785 tulisse
1688 720 1864 802 ipsos
1920 738 2141 785 secum
2202 715 2569 783 mercedem

629 803 741 871 vel
797 805 1082 889 pretium
1140 803 1577 870 divinationis,
1680 803 1981 871 Fuerunt
2035 804 2211 869 enim
2267 803 2570 869 omnibus

628 892 904 958 saeculis
939 901 1122 957 vates
1159 889 1512 955 nummarii
1548 889 1661 975 qui
1694 888 2053 956 venderent
2087 910 2204 955 sua
2239 908 2569 972 responsa.

631 976 722 1041 Et
765 997 965 1061 quum
1026 975 1095 1041 10
1152 975 1396 1059 000010
1455 977 1650 1040 etiam
1696 975 2055 1042 Israelitico
2100 973 2291 1040 multi
2332 996 2403 1041 se
2446 975 2571 1040 im-

628 1072 921 1147 postores
999 1060 1297 1127 mercede
1424 1062 1876 1142 restituerent,
1956 1082 2146 1129 corru
2198 1061 2330 1126 tela
2406 1060 2572 1127 haec

630 1148 830 1233 vulgo
873 1147 1170 1213 obtinuit.
1238 1145 1346 1214 Un
1393 1166 1430 1211 e
1471 1146 1716 1215 factum
1763 1157 1864 1213 est
1907 1156 1985 1212 ut
2019 1146 2110 1213 Sa
2226 1154 2293 1211 et
2335 1166 2571 1212 servus

630 1234 772 1301 eius
808 1233 1183 1299 dubitarent
1218 1231 1297 1298 ad
1325 1230 1703 1298 Samuelem
1752 1232 2074 1313 accedere,
2116 1232 2271 1315 quia
2311 1231 2570 1297 nullum

632 1331 773 1386 erat
815 1339 1055 1384 munus
1100 1318 1181 1384 ad
1228 1339 1495 1384 manum
1553 1317 1728 1403 quod
1787 1318 2130 1396 offerrent,
2201 1318 2404 1383 donec
2468 1338 2571 1383 re·

631 1403 896 1490 spondit
952 1424 1183 1470 servus
1225 1404 1350 1469 sibi
1406 1424 1547 1471 esse
1599 1403 2025 1489 quadrantem
2080 1403 2223 1471 sicli
2277 1400 2575 1490 argentei

630 1488 718 1577 (1.
768 1488 948 1556 Sam.
995 1490 1071 1567 9,
1132 1489 1225 1576 7):
1292 1507 1366 1554 ac
1410 1489 1469 1554 si
1515 1488 1782 1557 Samuel
1843 1511 1959 1574 pro
2017 1490 2346 1556 communi
2391 1509 2572 1554 more

627 1586 971 1660 quaestum
995 1576 1238 1642 faceret
1258 1595 1340 1639 ex
1376 1575 1512 1641 suis
1549 1576 1894 1642 vaticiniis.
1964 1574 2270 1643 Ezechiel
2306 1574 2570 1658 quidem

624 1661 1219 1747 pseudoprophetis
1279 1660 1403 1728 hoc
1457 1661 1845 1745 exprobrat,
1902 1659 2076 1746 quod
2126 1660 2393 1728 venales
2433 1661 2570 1727 sint

630 1747 749 1814 vili
794 1745 1186 1813 mercedula.

799 1834 859 1900 8.
907 1832 1030 1897 Ille
1071 1852 1212 1899 vero
1250 1832 1417 1897 dixit
1457 1831 1622 1899 illis.-
1667 1831 2026 1899 Pernoctate
2068 1833 2183 1899 hic.
2270 1830 2492 1914 Quum
2532 1853 2572 1898 a

629 1918 774 1984 Deo
832 1938 989 1984 vero
1049 1924 1387 2002 exspectet
1429 1918 1793 1995 oraculum,
1838 1918 2194 1986 verisimile
2238 1929 2370 1997 est,
2432 1939 2567 1984 non

628 2002 903 2069 ariolum
958 2004 1193 2084 fuisse,
1250 2003 1360 2068 vel
1414 2022 1717 2088 magum,
1813 2004 1882 2069 ui
1940 2003 2402 2090 superstitione
2459 2004 2571 2070 vel

628 2090 816 2156 malis
883 2090 1132 2156 artibus
1200 2086 1525 2154 duntaxat
1602 2088 1682 2154 ad
1809 2089 2194 2156 ivinandum
2274 2089 2567 2174 polleret.

626 2172 1017 2241 Videbimus
1061 2174 1324 2258 quidem
1362 2184 1590 2259 postea
1635 2175 1863 2241 multis
1907 2176 2289 2259 imposturis
2338 2183 2403 2240 et
2446 2176 2570 2242 fal-

626 2258 806 2327 laciis
851 2260 1112 2326 solitum
1157 2260 1358 2325 fuisse
1399 2260 1528 2327 uti:
1576 2258 1689 2327 sed
1735 2283 1822 2327 ex
1855 2282 1927 2327 re
1961 2263 2106 2345 ipsa
2139 2263 2387 2346 patebit
2420 2283 2570 2346 pro·

628 2344 894 2430 phetiae
952 2346 1121 2410 dono
1180 2345 1376 2411 fuisse
1435 2346 1851 2414 instructum.
1952 2347 2106 2413 Non
2164 2346 2332 2432 quod
2398 2348 2572 2415 inter

629 2451 823 2499 veros
865 2432 1218 2517 prophetas
1262 2431 1514 2498 censeri
1558 2430 1788 2499 debeat
1831 2454 1991 2517 quos
2037 2433 2219 2500 Deus
2263 2434 2571 2501 ecclesiae

632 2538 789 2583 suae
867 2516 1205 2602 praefecit:
1287 2517 1443 2602 quia
1518 2537 1638 2583 nec
1716 2529 2104 2603 perpetuum
2169 2519 2572 2587 vaticinandi

632 2623 873 2669 munus
940 2603 998 2668 01
1062 2603 1440 2686 impositum
1503 2612 1679 2685 erat,
1744 2624 1865 2671 nec
1928 2606 2351 2672 coniunctum
2419 2624 2570 2672 cum

633 2687 945 2754 doctrina.
1057 2686 1302 2755 Servos
1368 2688 1541 2755 enim
1607 2709 1759 2756 suos
1823 2690 2059 2774 quibus
2136 2690 2573 2777 prophetandi

631 2783 851 2858 partes
894 2772 1234 2839 mandavit
1276 2773 1491 2854 Deus,
1551 2775 1785 2858 spiritu
1842 2797 1962 2842 suo
2018 2778 2112 2842 ita
2169 2777 2440 2859 direxit,
2494 2787 2573 2843 ut

631 2880 968 2943 nunquam
1015 2860 1140 2925 nisi
1184 2881 1267 2924 ex
1311 2861 1451 2926 eius
1484 2880 1597 2926 ore
1631 2860 1889 2945 loquuti
1925 2863 2077 2928 sint.
2146 2863 2237 2927 Et
2271 2864 2572 2947 quamvis

630 2965 763 3010 non
799 2942 1243 3029 praeviderint
1282 2944 1595 3030 quidquid
1632 2944 1926 3013 futurum
1963 2960 2126 3029 erat,
2162 2949 2275 3014 sed
2312 2957 2571 3015 tantum

630 3050 753 3115 pro
800 3029 1222 3096 revelationis
1267 3030 1477 3111 modo,
1523 3031 1691 3097 nihil
1737 3042 1959 3100 tamen
2004 3034 2175 3117 quod
2219 3035 2379 3100 utile
2421 3056 2494 3101 co
2542 3071 2572 3085 -

632 3117 777 3182 nitu
822 3127 993 3181 esset
1034 3116 1210 3199 ipsos
1263 3116 1522 3183 celavit.
1609 3117 1803 3185 Unde
1853 3119 2014 3186 illud
2061 3119 2268 3187 Amos
2325 3117 2427 3207 (3,
2473 3057 2565 3208 ἧς

627 3201 738 3267 Αο
816 3199 1010 3267 faciet
1078 3202 1260 3268 Deus
1333 3202 1688 3288 quidquam
1753 3203 1923 3290 quod
1987 3225 2121 3271 non
2198 3207 2575 3273 manifestet

626 3286 836 3353 servis
860 3286 997 3353 suis
1029 3287 1410 3371 prophetis?
1460 3289 1760 3373 Denique
1791 3289 1874 3356 ad
1910 3313 2136 3358 omnes
2172 3293 2572 3360 necessarias

625 3370 1103 3456 praedictiones
1126 3373 1394 3456 spiritns
1429 3376 1644 3443 sancti
1678 3397 1929 3462 organa
1963 3378 2267 3444 fuerunt:
2303 3388 2370 3444 et
2409 3377 2572 3444 fides

628 3477 855 3522 eorum
919 3457 1241 3523 vaticiniis
1308 3462 1559 3545 aequali
1620 3470 1846 3528 tenore
1901 3464 2220 3542 constitit,
2275 3472 2350 3529 ut
2405 3463 2574 3529 nihil

634 3541 736 3609 vel
804 3550 1049 3607 temere
1118 3543 1221 3609 vel
1288 3543 1535 3612 frustra
1596 3548 2023 3616 effutiverint.
2112 3548 2369 3615 Deinde
2442 3549 2574 3617 illis

635 3627 864 3694 datum
927 3627 1052 3692 fuit
1129 3629 1441 3696 vaticinia
1506 3631 1589 3697 ad
1651 3643 1901 3700 rectum
1968 3637 2164 3701 finem
2232 3648 2300 3700 01
2382 3656 2572 3702 usum

631 3721 874 3797 aptare.
962 3711 1196 3797 Itaque
1252 3723 1400 3797 post
1450 3715 1662 3801 legem
1718 3721 2198 3807 promulgatam
2243 3721 2382 3788 0100
2427 3721 2573 3787 fue-

631 3805 788 3885 runt
830 3799 1240 3883 interpretes.
1329 3799 1411 3865 In
1456 3803 1649 3871 rebus
1690 3806 2038 3890 prosperis,
2082 3807 2364 3891 gratiam
2409 3808 2570 3873 Dei:

630 3886 701 3950 in
748 3882 1072 3963 adversis,
1132 3883 1445 3950 iudicium
1498 3892 1718 3955 testati
1779 3901 1963 3973 sunt,
2023 3891 2303 3976 denique
2348 3891 2574 3959 foedus

632 3970 794 4049 Dei,
862 3989 990 4054 quo
1054 3970 1180 4037 sibi
1244 3971 1539 4038 homines
1604 3994 1720 4057 per
1779 3975 2118 4043 Christum
2177 3978 2572 4058 reconciliat,

634 4056 888 4121 sancire
946 4054 1078 4121 illis
1141 4056 1545 4142 propositum
1600 4060 1741 4126 fuit.
1842 4063 2073 4148 Longe
2132 4062 2394 4130 diversa
2448 4063 2576 4130 fuit

635 4140 804 4207 ratio
849 4140 1151 4223 Balaam,
1206 4156 1273 4207 01
1327 4142 1674 4224 similium,
1777 4148 1846 4212 ui
1891 4148 2149 4215 nonnisi
2196 4148 2576 4236 particulari

636 4223 807 4291 dono
875 4225 1112 4293 raediti
1130 4227 1434 4294 fuerunt:
1472 4240 1545 4295 ut
1578 4251 1743 4314 quae
1789 4253 1895 4298 am
1929 4255 2083 4301 vere
2103 4234 2574 4319 praedicerent,

636 4313 705 4378 in
786 4331 825 4377 a
853 4312 932 4378 ”s
1013 4313 1603 4381 hallucinarentur:
1705 4324 1771 4384 et
1862 4318 2152 4404 quidem,
2237 4328 2313 4387 ut
2400 4319 2578 4388 nuda

638 4405 897 4464 tantum
966 4400 1274 4466 vaticinia
1338 4400 1482 4466 sine
1545 4400 1677 4468 ullo
1751 4402 2083 4472 doctrinae
2160 4404 2576 4474 condimento

635 4483 1023 4568 proferrent.
1113 4484 1345 4552 Voluit
1385 4493 1600 4552 autem
1639 4489 1826 4556 Deus
1868 4490 2033 4558 tales
2075 4501 2332 4558 exstare
2375 4494 2575 4559 etiam

638 4572 809 4635 inter
852 4582 1082 4655 gentes
1126 4571 1464 4654 profanas,
1517 4581 1592 4638 ut
1646 4574 1718 4643 in
1764 4577 2051 4643 tenebris
2091 4577 2409 4646 scintillae
2452 4579 2575 4644 ali-

638 4674 801 4740 quae
842 4655 1007 4722 lucis
1052 4656 1383 4735 micarent,
1429 4666 1622 4742 atque
1660 4660 1754 4726 ita
1788 4662 2125 4730 tolleretur
2167 4665 2576 4749 ignorantiae

639 4743 993 4809 excusatio.
1081 4742 1327 4809 Vatum
1389 4742 1652 4827 quidem
1714 4768 1947 4813 nomen
2005 4749 2129 4815 sibi
2187 4770 2334 4816 arro
2381 4760 2577 4816 arunt

641 4828 1007 4912 quicunque
1041 4830 1180 4895 suis
1214 4830 1590 4913 imposturis
1625 4832 1872 4898 mundo
1904 4834 2181 4901 illudere
2216 4856 2359 4903 0001
2396 4846 2572 4901 0001.

641 4914 733 4979 Et
797 4934 996 4998 quum
1063 4935 1296 4980 nomen
1365 4912 1789 4985 divinationis
1867 4918 2293 4988 honorificum
2360 4921 2446 4986 sit
2509 4930 2577 4986 et

641 5020 919 5082 sacrum,
954 5000 1036 5066 ad
1073 4999 1343 5066 fallendi
1377 5001 1726 5069 artificium
1763 5012 1830 5070 et
1852 5006 2209 5073 mentiendi
2241 5006 2574 5072 licentiam

641 5085 1035 5152 translatum
1070 5097 1197 5154 est:
1235 5087 1426 5152 sicuti
1462 5084 1715 5155 diabolo
1748 5091 2016 5158 solenne
2049 5104 2148 5159 est
2168 5090 2296 5160 Dei
2331 5111 2576 5157 nomen

641 5169 844 5255 impio
918 5172 1124 5240 abusu
1200 5173 1569 5259 profanare.
1679 5175 1986 5243 Fuerunt
2073 5187 2293 5245 tamen
2372 5178 2573 5261 aliqui

642 5255 813 5340 apud
850 5266 1109 5326 exteras
1144 5270 1375 5346 gentes
1411 5260 1524 5344 qui
1558 5259 1784 5328 divino
1817 5264 2134 5331 instinctu
2180 5286 2285 5331 res
2318 5263 2575 5330 futuras

641 5341 968 5409 interdum
1028 5345 1509 5430 praedicerent:
1560 5350 1942 5432 praesertim
1990 5349 2057 5416 id
2103 5350 2378 5437 contigit
2420 5358 2575 5417 0010

2049 442 2455 512 REDITUS
2504 442 2630 511 AD
2678 441 3226 510 HISTORIAM.

4495 440 4622 508 268

2676 630 2885 716 legem
2930 631 3182 697 datam:
3229 631 3385 716 quia
3428 629 3719 696 nondum
3769 629 3892 698 hac
3937 637 4091 696 nota
4115 630 4297 696 Deus
4339 628 4623 696 electum

2674 716 2989 801 populum
3033 717 3113 784 ab
3158 718 3389 783 alienis
3429 715 3849 783 discreverat.
3917 717 4155 783 Aetate
4199 715 4460 799 quidem
4503 716 4623 782 illa

2675 804 2803 868 iam
2851 802 3003 870 data
3039 811 3180 869 erat
3213 803 3583 887 promissio:
3633 800 3975 870 Suscitabo
4016 803 4196 868 vobis
4242 800 4620 886 prophetas,

2676 898 2796 957 010.
2843 888 3068 976 (Βο01.
3112 889 3213 969 18,
3263 887 3391 977 15).
3480 885 3615 954 Sed
3659 885 3951 955 nondum
3991 888 4396 954 innotuerat:
4441 886 4624 954 ideo·

2676 994 2802 1057 que
2846 975 3057 1041 noluit
3104 973 3287 1041 Deus
3331 984 3562 1060 gentes
3622 975 3757 1040 suis
3819 973 4082 1039 vatibus
4142 971 4445 1049 destitui,
4502 973 4618 1058 qui

2675 1072 2900 1126 tamen
2960 1060 3155 1145 longe
3210 1060 3552 1126 differrent
3596 1080 3634 1124 a
3681 1060 3853 1126 veris
3909 1057 4282 1142 prophetis,
4383 1078 4618 1124 uorum

2673 1146 2848 1211 iusta
2888 1153 2957 1212 et
2999 1155 3178 1213 certa
3220 1156 3363 1212 erat
3395 1144 3668 1211 vocatio.
3736 1144 3883 1210 Hoc
3921 1146 4208 1211 breviter
4243 1144 4323 1210 de
4406 1142 4621 1210 alaam

2675 1231 2921 1299 dictum
2980 1232 3101 1313 sit,
3159 1253 3351 1317 quem
3411 1231 3595 1297 Deus
3654 1231 3720 1295 in
3782 1229 4034 1296 visione
4093 1240 4450 1306 nocturna,
4507 1229 4619 1296 vel

2675 1319 2957 1398 somnio,
3036 1339 3167 1383 non
3246 1318 3467 1383 minus
3531 1315 3944 1381 familiariter
4006 1314 4356 1399 compellat
4421 1335 4619 1399 quam

2675 1424 2880 1471 unum
2938 1402 3295 1489 quemlibet
3338 1424 3374 1469 0
3428 1402 3636 1470 servis
3694 1401 3864 1468 suis:
3925 1399 4041 1467 sed
4101 1408 4356 1467 tantum
4413 1401 4485 1465 in
4546 1422 4618 1467 re

2674 1490 3074 1575 particulari.
3164 1490 3369 1555 Porro
3422 1486 3886 1572 interrogando
3944 1487 4059 1572 qui
4116 1487 4250 1552 sint
4308 1487 4434 1553 viri
4501 1487 4620 1564 illi,

2673 1596 3054 1659 perversum
3114 1576 3255 1641 eius
3312 1573 3615 1640 affectum
3675 1573 3932 1657 oblique
3990 1573 4288 1658 castigat.
4392 1573 4618 1639 Primo

2675 1662 2919 1727 intuitu
2981 1670 3284 1728 sanctum
3352 1656 3696 1727 obediendi
3761 1657 4050 1724 studium
4118 1678 4276 1742 prae
4340 1679 4411 1724 00
4475 1659 4618 1739 fert,

2676 1744 2833 1813 dum
2879 1746 3047 1812 nihil
3092 1754 3346 1813 tentare
3390 1743 3604 1823 audet,
3651 1744 3780 1810 nisi
3825 1742 3956 1809 Dei
3998 1743 4357 1829 permissu,
4405 1752 4468 1809 et
4516 1765 4617 1810 re·

2674 1840 2861 1898 cusat
2910 1832 3145 1916 pedem
3204 1851 3501 1912 movere,
3562 1829 3767 1897 donec
3823 1850 4208 1914 responsum
4275 1831 4614 1914 acceperit.

2674 1917 2809 1984 Sed
2850 1939 3003 1986 eum
3037 1918 3341 1985 sollicitat
3373 1916 3624 1983 occulta
3667 1914 4008 2000 cupiditas,
4053 1925 4126 1981 ut
4159 1913 4332 2000 quod
4365 1924 4618 1981 rectum

2673 2025 2804 2070 non
2843 2025 2986 2071 esse
3030 2005 3252 2085 sentit,
3297 2024 3337 2068 a
3372 2003 3515 2070 Deo
3560 2012 3781 2068 tamen
3823 2002 4008 2085 quasi
4054 2000 4369 2068 licitando
4412 2001 4615 2087 impe-

2674 2099 2823 2156 tret.
2935 2090 3128 2157 Hanc
3194 2089 3504 2157 astutiam
3566 2087 3955 2173 perstringit
4021 2087 4204 2154 Deus
4270 2106 4473 2172 quum
4541 2085 4618 2153 de

2674 2176 3054 2243 hominibus
3096 2177 3494 2242 sciscitatur:
3554 2195 3630 2239 ac
3675 2173 3732 2239 si
3776 2171 4056 2251 diceret,
4113 2171 4365 2238 nullam
4418 2172 4618 2240 fuisse

2674 2282 2939 2328 causam
2981 2282 3102 2330 cur
3143 2263 3317 2346 10000
3360 2260 3465 2326 vel
3511 2258 3593 2325 ad
3637 2265 4040 2325 momentum
4085 2266 4372 2324 teneret:
4417 2279 4617 2343 quum

2672 2350 2964 2433 praecise
3009 2346 3384 2433 negandum
3430 2345 3631 2412 fuerit
3674 2342 3846 2427 quod
3889 2345 4218 2429 petebant.
4308 2344 4399 2410 Et
4441 2352 4618 2410 certe

2674 2455 2835 2500 mox
2886 2454 2956 2499 se
2997 2434 3465 2517 proripuisset,
3522 2432 3577 2498 si
3624 2430 3904 2496 liberum
3948 2432 4211 2508 fixisset,
4262 2431 4366 2495 vol
4410 2431 4619 2497 invito

2680 2520 2821 2586 Deo
2839 2570 2856 2599 ,
2901 2527 3059 2586 voto
3105 2519 3279 2603 regis
3322 2518 3528 2584 Balac
3572 2516 3857 2601 obsequi.
3948 2516 4144 2583 Nunc
4187 2517 4448 2583 veniam
4494 2516 4617 2582 sibi

2677 2604 2817 2670 dari
2948 2605 3183 2671 stulat:
3226 2625 3303 2671 ac
3346 2607 3398 2669 si
3443 2602 3737 2669 habenas
3779 2600 3995 2667 laxari
4030 2612 4297 2687 cuperet
4330 2600 4414 2666 ad
4449 2604 4618 2669 male

2676 2711 2845 2776 agen
2891 2712 3038 2772 um,
3097 2710 3262 2774 0000
3315 2690 3598 2756 libenter
3654 2694 4029 2767 excuteret,
4089 2687 4217 2753 nisi
4261 2690 4416 2771 quia
4456 2688 4616 2755 satis

2676 2779 3012 2861 cognoscit
3078 2776 3249 2842 nihil
3313 2796 3382 2842 se
3452 2775 3778 2841 facturum
3840 2773 3968 2839 nisi
4047 2784 4371 2857 quatenus
4437 2774 4618 2840 Deus

2676 2864 3085 2930 concesserit.
3155 2862 3292 2928 Nec
3326 2881 3487 2926 vero
3522 2859 3676 2945 quid
3721 2861 3821 2926 fas
3865 2859 3968 2924 vel
4012 2872 4263 2925 rectum
4310 2859 4399 2925 sit
4438 2880 4618 2943 spec-

2677 2957 2803 3014 tat:
2874 2947 2986 3015 sed
3053 2955 3309 3013 tantum
3372 2948 3536 3031 petit
3590 2967 3661 3011 os
3720 2944 3844 3011 sibi
3905 2945 4172 3029 impune
4236 2944 4481 3028 aperiri
4535 2944 4619 3010 ad

2676 3032 3215 3100 maledicendum.

2849 3120 2952 3185 12.
3014 3119 3113 3187 Ne
3165 3137 3274 3186 eas
3326 3136 3465 3183 cum
3521 3118 3628 3182 eis.
3733 3114 3807 3184 Si
3859 3136 3991 3200 qua
4044 3124 4191 3182 erat
4246 3116 4618 3201 ambigendi

2676 3205 2872 3283 ratio,
2931 3225 3077 3271 eam
3136 3206 3318 3271 Deus
3373 3203 3665 3287 praecise
3724 3201 3926 3281 tollit,
3993 3210 4058 3267 et
4115 3201 4616 3286 prohibitionem

2677 3293 3055 3357 confirmat:
3135 3291 3287 3374 quia
3353 3289 3537 3354 nefas
3607 3288 3695 3354 sit
3762 3285 4150 3371 maledicere
4214 3307 4379 3371 quos
4436 3287 4619 3354 Deus

2676 3377 3033 3443 benedixit.
3121 3376 3354 3459 Neque
3412 3376 3590 3439 enim
3647 3372 3826 3440 aliud
3882 3373 4274 3458 permissum
4323 3384 4426 3439 001
4468 3394 4617 3458 pro-

2676 3465 2892 3547 phetis
2956 3483 3148 3546 quam
3210 3472 3284 3528 ut
3344 3471 3545 3526 testes
3609 3460 3775 3541 sint,
3841 3458 3946 3524 vel
4010 3459 4443 3540 internuncii,
4512 3461 4618 3526 vel

2676 3570 3030 3634 praecones
3074 3549 3359 3633 gratiae,
3423 3566 3551 3630 000
3596 3546 3780 3612 Deus
3815 3565 3933 3628 pro
3978 3564 4100 3610 suo
4143 3545 4416 3610 arbitrio
4459 3566 4616 3630 quos

2676 3636 2821 3704 vult
2860 3634 3065 3700 libere
3109 3632 3439 3717 dignatur.
3506 3630 3771 3697 Dicitur
3806 3651 3998 3714 porro
4020 3630 4203 3698 Deus
4240 3631 4616 3699 benedicere

2675 3743 2833 3806 quos
2878 3720 3106 3786 favore
3149 3739 3269 3785 suo
3312 3718 3693 3801 complexus
3738 3729 3869 3791 est,
3927 3724 3996 3781 et
4046 3716 4281 3801 quibus
4339 3738 4410 3783 se
4469 3738 4613 3801 pro·

2677 3807 2910 3891 pitium
2955 3827 3096 3872 0000
3138 3827 3211 3870 10
3268 3805 3412 3887 1000
3471 3802 3788 3881 declarat,
3847 3801 4001 3867 dum
4052 3822 4171 3868 sua
4227 3802 4615 3870 liberalitate

2676 3893 3106 3977 prosequitur.
3215 3889 3439 3955 Huius
3505 3887 3976 3955 benedictionis
4042 3889 4137 3954 sic
4203 3889 4412 3955 voluit
4468 3910 4614 3976 pro-

2678 3979 2912 4063 phetas
2965 3998 3110 4044 esse
3169 3977 3538 4052 ministros,
3593 3984 3670 4039 ut
3712 3995 3914 4058 penes
3956 3995 4026 4039 se
4068 3994 4275 4040 unum
4320 3987 4614 4041 maneret

2678 4072 2985 4149 potestas.
3073 4064 3255 4145 Ergo
3313 4060 3369 4126 si
3415 4059 3656 4144 absque
3713 4061 3852 4126 eius
3905 4059 4215 4127 mandato
4265 4062 4371 4127 100
4420 4062 4615 4127 bene·

2681 4148 2935 4216 dicendi
2979 4149 3100 4215 sibi
3156 4153 3495 4232 arrogant,
3553 4166 3687 4210 non
3742 4146 3979 4211 frivola
4022 4144 4217 4212 modo
4260 4159 4327 4211 et
4369 4146 4613 4214 nullius

2681 4237 3029 4311 momenti,
3095 4233 3211 4300 sed
3275 4233 3475 4298 etiam
3542 4230 3863 4317 sacrilega
3926 4242 4026 4297 est
4090 4234 4278 4298 actio.
4390 4231 4612 4315 Quare

2678 4322 2914 4387 merito
2953 4318 3258 4387 Ezechiel
3302 4317 3447 4404 (13,
3491 4317 3560 4405 2)
3613 4317 3907 4383 fallaciae
3961 4326 4027 4383 et
4069 4317 4392 4384 mendacii
4435 4340 4612 4385 coar-

2680 4408 2825 4492 guit
2866 4405 3496 4491 pseudoprophetas,
3553 4407 3684 4488 qui·
3720 4402 4055 4470 blanditiis
4098 4404 4350 4470 animas
4393 4405 4611 4471 vivifi·

2679 4502 2832 4558 cant
2931 4512 3053 4558 uae
3113 4491 3307 4556 morti
3362 4498 3552 4554 erant
3616 4489 3941 4556 addictae:
4008 4489 4207 4555 minis
4272 4499 4493 4556 autem
4548 4504 4613 4557 et

2678 4580 2913 4644 terrori
2959 4600 3037 4643 us
3092 4597 3201 4642 eas
3258 4575 3565 4643 occidunt
3623 4575 3855 4658 quibus
3898 4573 4084 4641 Deus
4128 4576 4328 4641 vitam
4374 4577 4611 4661 promi·

2678 4674 2870 4731 serat.
2957 4662 3151 4731 Unde
3208 4662 3577 4746 colligimus
3634 4662 3877 4726 frustra
3926 4662 3972 4726 h
4144 4664 4306 4727 ritas
4348 4663 4610 4727 veniam

2679 4749 2997 4815 redimere
3041 4748 3122 4815 ab
3166 4748 3543 4814 hominibus
3586 4746 3670 4811 ad
3714 4747 3931 4812 Deum
3983 4768 4025 4830 p
4052 4746 4405 4829 acandum,
4446 4749 4613 4833 quod

2677 4844 2900 4901 tamen
2943 4834 3075 4901 illis
3120 4833 3438 4900 usitatum
3483 4845 3615 4900 est:
3660 4853 3780 4899 nec
3823 4833 4206 4900 metuendos
4240 4854 4387 4900 esse
4422 4832 4502 4900 de

2680 4942 2874 4987 neres
2918 4921 3273 5000 ministros,
3317 4920 3429 5003 qui
3473 4920 3670 4987 officii
3713 4926 4061 5004 praetextu
4109 4921 4458 5004 tyrannice
4544 4940 4611 4985 o·

2677 5007 2916 5072 minari
2993 5014 3311 5091 appetunt
3334 5057 3349 5085 ,
3430 5005 3857 5090 quantumvis
3933 5004 4246 5072 adversus
4309 5006 4611 5072 innoxios

2678 5091 3046 5159 fulminent.
3114 5089 3310 5174 Quod
3354 5099 3574 5157 autem
3618 5099 3807 5175 paret
3849 5091 3974 5156 Dei
4017 5091 4289 5176 imperio
4324 5091 4614 5173 Balaam,

2679 5199 2810 5244 non
2855 5179 2997 5245 fieri
3032 5199 3117 5244 ex
3159 5179 3378 5243 animo
3422 5187 3712 5264 apparet.
3781 5174 4015 5260 Specie
4101 5174 4316 5243 uidem
4361 5178 4623 5245 modes·'

2677 5264 2809 5330 tiae
2852 5264 3178 5348 simplices
3220 5263 3525 5329 fallerent
3571 5263 3732 5330 haec
3778 5261 4007 5328 verba:
4133 5284 4215 5329 on
4262 5263 4404 5341 ibo,
4464 5266 4612 5349 quia

2680 5348 2864 5417 Deus
2910 5358 3125 5417 vetat:
3171 5349 3283 5416 sed
3330 5349 3596 5416 minime
3642 5346 3911 5414 dubium
3956 5358 4060 5416 001
4100 5349 4289 5434 quin,
4347 5357 4424 5416 ut
4465 5371 4614 5417 eum
