<?xml version="1.0" encoding="UTF-8"?>
<!DOCTYPE html PUBLIC "-//W3C//DTD XHTML 1.0 Transitional//EN"
    "http://www.w3.org/TR/xhtml1/DTD/xhtml1-transitional.dtd">
<html xmlns="http://www.w3.org/1999/xhtml" xml:lang="en" lang="en">
 <head>
  <title>
</title>
<meta http-equiv="Content-Type" content="text/html;charset=utf-8" />
  <meta name='ocr-system' content='tesseract 3.04.00' />
  <meta name='ocr-capabilities' content='ocr_page ocr_carea ocr_par ocr_line ocrx_word'/>
</head>
<body>
  <div class='ocr_page' id='page_1' title='image "./ioanniscalvinio06unkngoog_0065.png"; bbox 0 0 5017 6142; ppageno 0'>
   <div class='ocr_carea' id='block_1_1' title="bbox 466 473 589 541">
    <p class='ocr_par' dir='ltr' id='par_1_1' title="bbox 466 473 589 541">
     <span class='ocr_line' id='line_1_1' title="bbox 466 473 589 541; baseline -0.033 1"><span class='ocrx_word' id='word_1_1' title='bbox 466 473 589 541; x_wconf 83' lang='lat'><strong>105</strong></span> 
     </span>
    </p>
   </div>
   <div class='ocr_carea' id='block_1_2' title="bbox 463 662 2425 1353">
    <p class='ocr_par' dir='ltr' id='par_1_2' title="bbox 463 662 2425 1353">
     <span class='ocr_line' id='line_1_2' title="bbox 464 662 2417 748; baseline -0.003 -15"><span class='ocrx_word' id='word_1_2' title='bbox 464 663 827 733; x_wconf 86' lang='lat' dir='ltr'><strong>notandum</strong></span> <span class='ocrx_word' id='word_1_3' title='bbox 864 670 982 745; x_wconf 88' lang='lat' dir='ltr'><strong>est,</strong></span> <span class='ocrx_word' id='word_1_4' title='bbox 1018 683 1100 729; x_wconf 92' lang='lat' dir='ltr'><strong>ne</strong></span> <span class='ocrx_word' id='word_1_5' title='bbox 1136 662 1247 729; x_wconf 92' lang='lat' dir='ltr'><strong>ubi</strong></span> <span class='ocrx_word' id='word_1_6' title='bbox 1286 682 1407 729; x_wconf 91' lang='lat' dir='ltr'><strong>nos</strong></span> <span class='ocrx_word' id='word_1_7' title='bbox 1435 663 1545 730; x_wconf 86' lang='lat' dir='ltr'><strong>vel</strong></span> <span class='ocrx_word' id='word_1_8' title='bbox 1581 683 1695 730; x_wconf 91' lang='lat' dir='ltr'><strong>ore</strong></span> <span class='ocrx_word' id='word_1_9' title='bbox 1728 662 1840 729; x_wconf 82' lang='lat' dir='ltr'><strong>vel</strong></span> <span class='ocrx_word' id='word_1_10' title='bbox 1877 684 2082 729; x_wconf 90' lang='lat' dir='ltr'><strong>manu</strong></span> <span class='ocrx_word' id='word_1_11' title='bbox 2117 663 2417 748; x_wconf 88' lang='lat' dir='ltr'><strong>castigat,</strong></span> 
     </span>
     <span class='ocr_line' id='line_1_3' title="bbox 464 749 2422 835; baseline 0 -20"><span class='ocrx_word' id='word_1_12' title='bbox 464 750 873 835; x_wconf 73' lang='lat' dir='ltr'><strong>precationes</strong></span> <span class='ocrx_word' id='word_1_13' title='bbox 934 760 1191 815; x_wconf 90' lang='lat' dir='ltr'><strong>nostras</strong></span> <span class='ocrx_word' id='word_1_14' title='bbox 1249 749 1568 835; x_wconf 88' lang='lat' dir='ltr'><strong>impediat</strong></span> <span class='ocrx_word' id='word_1_15' title='bbox 1631 757 1877 828; x_wconf 90' lang='lat' dir='ltr'><strong>terror,</strong></span> <span class='ocrx_word' id='word_1_16' title='bbox 1954 749 2057 817; x_wconf 85' lang='lat' dir='ltr'><strong>vel</strong></span> <span class='ocrx_word' id='word_1_17' title='bbox 2135 750 2422 834; x_wconf 79' lang='lat' dir='ltr'><strong>cognitio</strong></span> 
     </span>
     <span class='ocr_line' id='line_1_4' title="bbox 463 834 2425 921; baseline -0.002 -18"><span class='ocrx_word' id='word_1_18' title='bbox 463 845 725 905; x_wconf 83' lang='lat' dir='ltr'><strong>reatus:</strong></span> <span class='ocrx_word' id='word_1_19' title='bbox 772 835 884 900; x_wconf 89' lang='lat' dir='ltr'><strong>sed</strong></span> <span class='ocrx_word' id='word_1_20' title='bbox 930 835 1149 920; x_wconf 88' lang='lat' dir='ltr'><strong>ipsum</strong></span> <span class='ocrx_word' id='word_1_21' title='bbox 1184 856 1221 901; x_wconf 94' lang='lat' dir='ltr'><strong>e</strong></span> <span class='ocrx_word' id='word_1_22' title='bbox 1258 836 1614 921; x_wconf 89' lang='lat' dir='ltr'><strong>longinqua</strong></span> <span class='ocrx_word' id='word_1_23' title='bbox 1649 836 1848 901; x_wconf 85' lang='lat' dir='ltr'><strong>etiam</strong></span> <span class='ocrx_word' id='word_1_24' title='bbox 1885 834 2197 902; x_wconf 78' lang='lat' dir='ltr'><strong>distantia</strong></span> <span class='ocrx_word' id='word_1_25' title='bbox 2232 857 2425 920; x_wconf 89' lang='lat' dir='ltr'><strong>quae-</strong></span> 
     </span>
     <span class='ocr_line' id='line_1_5' title="bbox 466 920 2420 988; baseline -0.001 0"><span class='ocrx_word' id='word_1_26' title='bbox 466 942 710 988; x_wconf 73' lang='lat' dir='ltr'><strong>ramuS.</strong></span> <span class='ocrx_word' id='word_1_27' title='bbox 778 923 880 988; x_wconf 88' lang='lat' dir='ltr'><strong>Ac</strong></span> <span class='ocrx_word' id='word_1_28' title='bbox 914 920 1050 988; x_wconf 88' lang='lat' dir='ltr'><strong>fere</strong></span> <span class='ocrx_word' id='word_1_29' title='bbox 1085 922 1318 987; x_wconf 86' lang='lat' dir='ltr'><strong>similis</strong></span> <span class='ocrx_word' id='word_1_30' title='bbox 1354 930 1454 988; x_wconf 88' lang='lat' dir='ltr'><strong>est</strong></span> <span class='ocrx_word' id='word_1_31' title='bbox 1487 921 2179 988; x_wconf 88' lang='lat' dir='ltr'><strong>excommunicationis</strong></span> <span class='ocrx_word' id='word_1_32' title='bbox 2224 921 2420 987; x_wconf 86' lang='lat' dir='ltr'><strong>ratio:</strong></span> 
     </span>
     <span class='ocr_line' id='line_1_6' title="bbox 467 1006 2423 1091; baseline 0 -19"><span class='ocrx_word' id='word_1_33' title='bbox 467 1008 623 1091; x_wconf 92' lang='lat' dir='ltr'><strong>quia</strong></span> <span class='ocrx_word' id='word_1_34' title='bbox 671 1006 957 1075; x_wconf 87' lang='lat' dir='ltr'><strong>Satanae</strong></span> <span class='ocrx_word' id='word_1_35' title='bbox 992 1007 1345 1073; x_wconf 88' lang='lat' dir='ltr'><strong>traduntur</strong></span> <span class='ocrx_word' id='word_1_36' title='bbox 1390 1029 1551 1091; x_wconf 91' lang='lat' dir='ltr'><strong>quos</strong></span> <span class='ocrx_word' id='word_1_37' title='bbox 1595 1007 1872 1075; x_wconf 89' lang='lat' dir='ltr'><strong>ecclesia</strong></span> <span class='ocrx_word' id='word_1_38' title='bbox 1917 1008 2129 1074; x_wconf 88' lang='lat' dir='ltr'><strong>reiicit</strong></span> <span class='ocrx_word' id='word_1_39' title='bbox 2179 1027 2216 1071; x_wconf 89' lang='lat' dir='ltr'><strong>a</strong></span> <span class='ocrx_word' id='word_1_40' title='bbox 2273 1028 2423 1073; x_wconf 91' lang='lat' dir='ltr'><strong>con-</strong></span> 
     </span>
     <span class='ocr_line' id='line_1_7' title="bbox 466 1093 2421 1179; baseline -0.001 -20"><span class='ocrx_word' id='word_1_41' title='bbox 466 1093 769 1159; x_wconf 89' lang='lat' dir='ltr'><strong>tubernio</strong></span> <span class='ocrx_word' id='word_1_42' title='bbox 818 1094 1112 1179; x_wconf 88' lang='lat' dir='ltr'><strong>piorum:</strong></span> <span class='ocrx_word' id='word_1_43' title='bbox 1169 1093 1283 1160; x_wconf 91' lang='lat' dir='ltr'><strong>sed</strong></span> <span class='ocrx_word' id='word_1_44' title='bbox 1339 1102 1597 1159; x_wconf 82' lang='lat' dir='ltr'><strong>tantum</strong></span> <span class='ocrx_word' id='word_1_45' title='bbox 1658 1094 1729 1159; x_wconf 91' lang='lat' dir='ltr'><strong>in</strong></span> <span class='ocrx_word' id='word_1_46' title='bbox 1779 1095 1996 1161; x_wconf 90' lang='lat' dir='ltr'><strong>carnis</strong></span> <span class='ocrx_word' id='word_1_47' title='bbox 2057 1093 2421 1172; x_wconf 89' lang='lat' dir='ltr'><strong>interitum,</strong></span> 
     </span>
     <span class='ocr_line' id='line_1_8' title="bbox 465 1178 2421 1262; baseline -0.001 -17"><span class='ocrx_word' id='word_1_48' title='bbox 465 1190 545 1245; x_wconf 88' lang='lat' dir='ltr'><strong>ut</strong></span> <span class='ocrx_word' id='word_1_49' title='bbox 609 1180 881 1262; x_wconf 89' lang='lat' dir='ltr'><strong>spiritus</strong></span> <span class='ocrx_word' id='word_1_50' title='bbox 962 1180 1186 1245; x_wconf 81' lang='lat' dir='ltr'><strong>salvus</strong></span> <span class='ocrx_word' id='word_1_51' title='bbox 1244 1181 1361 1247; x_wconf 86' lang='lat' dir='ltr'><strong>fiat</strong></span> <span class='ocrx_word' id='word_1_52' title='bbox 1424 1181 1491 1245; x_wconf 92' lang='lat' dir='ltr'><strong>in</strong></span> <span class='ocrx_word' id='word_1_53' title='bbox 1562 1180 1667 1245; x_wconf 90' lang='lat' dir='ltr'><strong>die</strong></span> <span class='ocrx_word' id='word_1_54' title='bbox 1739 1179 2029 1245; x_wconf 88' lang='lat' dir='ltr'><strong>Domini.</strong></span> <span class='ocrx_word' id='word_1_55' title='bbox 2117 1180 2209 1245; x_wconf 83' lang='lat' dir='ltr'><strong>Et</strong></span> <span class='ocrx_word' id='word_1_56' title='bbox 2273 1178 2421 1244; x_wconf 92' lang='lat' dir='ltr'><strong>ideo</strong></span> 
     </span>
     <span class='ocr_line' id='line_1_9' title="bbox 467 1264 2419 1353; baseline -0.001 -22"><span class='ocrx_word' id='word_1_57' title='bbox 467 1265 717 1331; x_wconf 91' lang='lat' dir='ltr'><strong>Paulus</strong></span> <span class='ocrx_word' id='word_1_58' title='bbox 761 1264 849 1351; x_wconf 92' lang='lat'><strong>(2.</strong></span> <span class='ocrx_word' id='word_1_59' title='bbox 896 1264 1123 1331; x_wconf 78' lang='lat' dir='ltr'><strong>Thess.</strong></span> <span class='ocrx_word' id='word_1_60' title='bbox 1162 1266 1236 1346; x_wconf 88' lang='lat'><strong>3,</strong></span> <span class='ocrx_word' id='word_1_61' title='bbox 1298 1265 1405 1353; x_wconf 82' lang='lat'><strong>15)</strong></span> <span class='ocrx_word' id='word_1_62' title='bbox 1450 1287 1586 1331; x_wconf 93' lang='lat' dir='ltr'><strong>non</strong></span> <span class='ocrx_word' id='word_1_63' title='bbox 1630 1265 1777 1331; x_wconf 86' lang='lat' dir='ltr'><strong>vult</strong></span> <span class='ocrx_word' id='word_1_64' title='bbox 1830 1265 2061 1330; x_wconf 89' lang='lat' dir='ltr'><strong>haberi</strong></span> <span class='ocrx_word' id='word_1_65' title='bbox 2107 1274 2419 1348; x_wconf 88' lang='lat' dir='ltr'><strong>tanquam</strong></span> 
     </span>
    </p>
   </div>
   <div class='ocr_carea' id='block_1_3' title="bbox 466 1348 2447 1432">
    <p class='ocr_par' dir='ltr' id='par_1_3' title="bbox 466 1348 2447 1432">
     <span class='ocr_line' id='line_1_10' title="bbox 466 1348 2447 1432; baseline -0.001 -17"><span class='ocrx_word' id='word_1_66' title='bbox 466 1351 796 1427; x_wconf 88' lang='lat' dir='ltr'><strong>inimicos,</strong></span> <span class='ocrx_word' id='word_1_67' title='bbox 855 1348 971 1417; x_wconf 89' lang='lat' dir='ltr'><strong>sed</strong></span> <span class='ocrx_word' id='word_1_68' title='bbox 1037 1350 1377 1418; x_wconf 80' lang='lat' dir='ltr'><strong>admoneri</strong></span> <span class='ocrx_word' id='word_1_69' title='bbox 1441 1363 1515 1417; x_wconf 91' lang='lat' dir='ltr'><strong>ut</strong></span> <span class='ocrx_word' id='word_1_70' title='bbox 1580 1353 1835 1418; x_wconf 88' lang='lat' dir='ltr'><strong>fratres.</strong></span> <span class='ocrx_word' id='word_1_71' title='bbox 1927 1349 2119 1432; x_wconf 77' lang='lat' dir='ltr'><strong>Quod</strong></span> <span class='ocrx_word' id='word_1_72' title='bbox 2186 1351 2447 1416; x_wconf 89' lang='lat' dir='ltr'><strong>dicitur·</strong></span> 
     </span>
    </p>
   </div>
   <div class='ocr_carea' id='block_1_4' title="bbox 462 1436 2427 4273">
    <p class='ocr_par' dir='ltr' id='par_1_4' title="bbox 463 1436 2424 2549">
     <span class='ocr_line' id='line_1_11' title="bbox 464 1436 2420 1523; baseline 0 -22"><span class='ocrx_word' id='word_1_73' title='bbox 464 1436 750 1522; x_wconf 89' lang='lat' dir='ltr'><strong>populus</strong></span> <span class='ocrx_word' id='word_1_74' title='bbox 795 1437 1266 1516; x_wconf 79' lang='lat' dir='ltr'><strong>assurrexisse,</strong></span> <span class='ocrx_word' id='word_1_75' title='bbox 1313 1449 1377 1503; x_wconf 89' lang='lat' dir='ltr'><strong>et</strong></span> <span class='ocrx_word' id='word_1_76' title='bbox 1421 1437 1715 1523; x_wconf 89' lang='lat' dir='ltr'><strong>singulos</strong></span> <span class='ocrx_word' id='word_1_77' title='bbox 1760 1437 2020 1504; x_wconf 80' lang='lat' dir='ltr'><strong>stetisse</strong></span> <span class='ocrx_word' id='word_1_78' title='bbox 2055 1437 2136 1502; x_wconf 90' lang='lat' dir='ltr'><strong>ad</strong></span> <span class='ocrx_word' id='word_1_79' title='bbox 2182 1438 2420 1504; x_wconf 89' lang='lat' dir='ltr'><strong>ostium</strong></span> 
     </span>
     <span class='ocr_line' id='line_1_12' title="bbox 465 1521 2421 1611; baseline -0.001 -23"><span class='ocrx_word' id='word_1_80' title='bbox 465 1521 734 1588; x_wconf 87' lang='lat' dir='ltr'><strong>tentorii</strong></span> <span class='ocrx_word' id='word_1_81' title='bbox 780 1523 900 1602; x_wconf 91' lang='lat' dir='ltr'><strong>sui,</strong></span> <span class='ocrx_word' id='word_1_82' title='bbox 938 1522 1204 1607; x_wconf 90' lang='lat' dir='ltr'><strong>quidam</strong></span> <span class='ocrx_word' id='word_1_83' title='bbox 1233 1544 1577 1608; x_wconf 85' lang='lat' dir='ltr'><strong>perperam</strong></span> <span class='ocrx_word' id='word_1_84' title='bbox 1623 1522 1795 1610; x_wconf 91' lang='lat' dir='ltr'><strong>(meo</strong></span> <span class='ocrx_word' id='word_1_85' title='bbox 1836 1522 2100 1611; x_wconf 87' lang='lat' dir='ltr'><strong>iudicio)</strong></span> <span class='ocrx_word' id='word_1_86' title='bbox 2135 1521 2217 1587; x_wconf 90' lang='lat' dir='ltr'><strong>ad</strong></span> <span class='ocrx_word' id='word_1_87' title='bbox 2263 1523 2421 1588; x_wconf 85' lang='lat' dir='ltr'><strong>civi·</strong></span> 
     </span>
     <span class='ocr_line' id='line_1_13' title="bbox 465 1607 2420 1688; baseline 0.001 -15"><span class='ocrx_word' id='word_1_88' title='bbox 465 1609 597 1674; x_wconf 91' lang='lat' dir='ltr'><strong>lem</strong></span> <span class='ocrx_word' id='word_1_89' title='bbox 622 1608 938 1674; x_wconf 88' lang='lat' dir='ltr'><strong>honorem</strong></span> <span class='ocrx_word' id='word_1_90' title='bbox 964 1610 1277 1688; x_wconf 86' lang='lat' dir='ltr'><strong>referunt,</strong></span> <span class='ocrx_word' id='word_1_91' title='bbox 1316 1630 1390 1676; x_wconf 90' lang='lat' dir='ltr'><strong>ac</strong></span> <span class='ocrx_word' id='word_1_92' title='bbox 1425 1610 1482 1676; x_wconf 91' lang='lat' dir='ltr'><strong>si</strong></span> <span class='ocrx_word' id='word_1_93' title='bbox 1517 1610 1850 1676; x_wconf 86' lang='lat' dir='ltr'><strong>exhibitus</strong></span> <span class='ocrx_word' id='word_1_94' title='bbox 1873 1610 1964 1676; x_wconf 88' lang='lat' dir='ltr'><strong>sit</strong></span> <span class='ocrx_word' id='word_1_95' title='bbox 1985 1607 2137 1676; x_wconf 89' lang='lat' dir='ltr'><strong>duci</strong></span> <span class='ocrx_word' id='word_1_96' title='bbox 2175 1608 2420 1674; x_wconf 87' lang='lat' dir='ltr'><strong>honos:</strong></span> 
     </span>
     <span class='ocr_line' id='line_1_14' title="bbox 466 1694 2420 1779; baseline 0 -20"><span class='ocrx_word' id='word_1_97' title='bbox 466 1696 624 1778; x_wconf 92' lang='lat' dir='ltr'><strong>quin</strong></span> <span class='ocrx_word' id='word_1_98' title='bbox 676 1695 896 1777; x_wconf 86' lang='lat' dir='ltr'><strong>potius</strong></span> <span class='ocrx_word' id='word_1_99' title='bbox 958 1694 1265 1761; x_wconf 87' lang='lat' dir='ltr'><strong>existimo</strong></span> <span class='ocrx_word' id='word_1_100' title='bbox 1286 1747 1300 1775; x_wconf 91' lang='lat'><strong>,</strong></span> <span class='ocrx_word' id='word_1_101' title='bbox 1365 1717 1566 1779; x_wconf 90' lang='lat' dir='ltr'><strong>quum</strong></span> <span class='ocrx_word' id='word_1_102' title='bbox 1627 1696 1815 1761; x_wconf 87' lang='lat' dir='ltr'><strong>statis</strong></span> <span class='ocrx_word' id='word_1_103' title='bbox 1881 1695 2059 1761; x_wconf 89' lang='lat' dir='ltr'><strong>horis</strong></span> <span class='ocrx_word' id='word_1_104' title='bbox 2124 1694 2420 1760; x_wconf 91' lang='lat' dir='ltr'><strong>omnium</strong></span> 
     </span>
     <span class='ocr_line' id='line_1_15' title="bbox 464 1778 2420 1863; baseline -0.001 -17"><span class='ocrx_word' id='word_1_105' title='bbox 464 1780 734 1846; x_wconf 90' lang='lat' dir='ltr'><strong>nomine</strong></span> <span class='ocrx_word' id='word_1_106' title='bbox 775 1780 996 1846; x_wconf 85' lang='lat' dir='ltr'><strong>Moses</strong></span> <span class='ocrx_word' id='word_1_107' title='bbox 1040 1778 1122 1845; x_wconf 91' lang='lat' dir='ltr'><strong>ad</strong></span> <span class='ocrx_word' id='word_1_108' title='bbox 1165 1782 1383 1847; x_wconf 91' lang='lat' dir='ltr'><strong>Deum</strong></span> <span class='ocrx_word' id='word_1_109' title='bbox 1418 1803 1491 1848; x_wconf 92' lang='lat' dir='ltr'><strong>se</strong></span> <span class='ocrx_word' id='word_1_110' title='bbox 1525 1783 1866 1863; x_wconf 85' lang='lat' dir='ltr'><strong>conferret,</strong></span> <span class='ocrx_word' id='word_1_111' title='bbox 1909 1780 2129 1846; x_wconf 87' lang='lat' dir='ltr'><strong>cultus</strong></span> <span class='ocrx_word' id='word_1_112' title='bbox 2165 1789 2232 1847; x_wconf 88' lang='lat' dir='ltr'><strong>et</strong></span> <span class='ocrx_word' id='word_1_113' title='bbox 2266 1780 2420 1846; x_wconf 88' lang='lat' dir='ltr'><strong>ado-</strong></span> 
     </span>
     <span class='ocr_line' id='line_1_16' title="bbox 466 1865 2420 1951; baseline -0.002 -17"><span class='ocrx_word' id='word_1_114' title='bbox 466 1865 746 1934; x_wconf 80' lang='lat' dir='ltr'><strong>rationis</strong></span> <span class='ocrx_word' id='word_1_115' title='bbox 787 1866 990 1932; x_wconf 85' lang='lat' dir='ltr'><strong>fuisse</strong></span> <span class='ocrx_word' id='word_1_116' title='bbox 1032 1867 1259 1934; x_wconf 89' lang='lat' dir='ltr'><strong>socios.</strong></span> <span class='ocrx_word' id='word_1_117' title='bbox 1307 1866 1459 1949; x_wconf 78' lang='lat' dir='ltr'><strong>Qua</strong></span> <span class='ocrx_word' id='word_1_118' title='bbox 1503 1868 1754 1935; x_wconf 89' lang='lat' dir='ltr'><strong>ratione</strong></span> <span class='ocrx_word' id='word_1_119' title='bbox 1797 1867 1995 1933; x_wconf 84' lang='lat' dir='ltr'><strong>etiam</strong></span> <span class='ocrx_word' id='word_1_120' title='bbox 2039 1867 2420 1951; x_wconf 88' lang='lat' dir='ltr'><strong>prosequuti</strong></span> 
     </span>
     <span class='ocr_line' id='line_1_17' title="bbox 468 1951 2419 2038; baseline -0.001 -20"><span class='ocrx_word' id='word_1_121' title='bbox 468 1961 628 2018; x_wconf 90' lang='lat' dir='ltr'><strong>sunt</strong></span> <span class='ocrx_word' id='word_1_122' title='bbox 686 1951 925 2034; x_wconf 89' lang='lat' dir='ltr'><strong>oculis,</strong></span> <span class='ocrx_word' id='word_1_123' title='bbox 985 1951 1190 2018; x_wconf 90' lang='lat' dir='ltr'><strong>donec</strong></span> <span class='ocrx_word' id='word_1_124' title='bbox 1245 1974 1398 2019; x_wconf 89' lang='lat' dir='ltr'><strong>eum</strong></span> <span class='ocrx_word' id='word_1_125' title='bbox 1458 1953 1667 2020; x_wconf 90' lang='lat' dir='ltr'><strong>nubes</strong></span> <span class='ocrx_word' id='word_1_126' title='bbox 1724 1953 2075 2038; x_wconf 84' lang='lat' dir='ltr'><strong>obtegeret.</strong></span> <span class='ocrx_word' id='word_1_127' title='bbox 2166 1953 2419 2018; x_wconf 87' lang='lat' dir='ltr'><strong>Eodem</strong></span> 
     </span>
     <span class='ocr_line' id='line_1_18' title="bbox 466 2038 2420 2123; baseline -0.002 -18"><span class='ocrx_word' id='word_1_128' title='bbox 466 2057 668 2105; x_wconf 89' lang='lat' dir='ltr'><strong>sensu</strong></span> <span class='ocrx_word' id='word_1_129' title='bbox 713 2038 1022 2104; x_wconf 88' lang='lat' dir='ltr'><strong>continuo</strong></span> <span class='ocrx_word' id='word_1_130' title='bbox 1055 2045 1205 2122; x_wconf 88' lang='lat' dir='ltr'><strong>post</strong></span> <span class='ocrx_word' id='word_1_131' title='bbox 1246 2039 1564 2123; x_wconf 90' lang='lat' dir='ltr'><strong>repetitur</strong></span> <span class='ocrx_word' id='word_1_132' title='bbox 1600 2040 2011 2119; x_wconf 89' lang='lat' dir='ltr'><strong>assurrectio,</strong></span> <span class='ocrx_word' id='word_1_133' title='bbox 2057 2038 2167 2105; x_wconf 91' lang='lat' dir='ltr'><strong>ubi</strong></span> <span class='ocrx_word' id='word_1_134' title='bbox 2203 2058 2420 2105; x_wconf 90' lang='lat' dir='ltr'><strong>sermo</strong></span> 
     </span>
     <span class='ocr_line' id='line_1_19' title="bbox 464 2123 2423 2206; baseline -0.001 -15"><span class='ocrx_word' id='word_1_135' title='bbox 464 2125 542 2191; x_wconf 89' lang='lat' dir='ltr'><strong>fit</strong></span> <span class='ocrx_word' id='word_1_136' title='bbox 586 2123 668 2189; x_wconf 90' lang='lat' dir='ltr'><strong>de</strong></span> <span class='ocrx_word' id='word_1_137' title='bbox 708 2123 1015 2191; x_wconf 88' lang='lat' dir='ltr'><strong>columna</strong></span> <span class='ocrx_word' id='word_1_138' title='bbox 1056 2124 1268 2191; x_wconf 89' lang='lat' dir='ltr'><strong>nubis.</strong></span> <span class='ocrx_word' id='word_1_139' title='bbox 1349 2126 1575 2206; x_wconf 76' lang='lat' dir='ltr'><strong>Quare</strong></span> <span class='ocrx_word' id='word_1_140' title='bbox 1618 2125 1785 2190; x_wconf 88' lang='lat' dir='ltr'><strong>mihi</strong></span> <span class='ocrx_word' id='word_1_141' title='bbox 1830 2125 2100 2192; x_wconf 90' lang='lat' dir='ltr'><strong>dubium</strong></span> <span class='ocrx_word' id='word_1_142' title='bbox 2145 2146 2278 2190; x_wconf 92' lang='lat' dir='ltr'><strong>non</strong></span> <span class='ocrx_word' id='word_1_143' title='bbox 2323 2133 2423 2190; x_wconf 90' lang='lat' dir='ltr'><strong>est</strong></span> 
     </span>
     <span class='ocr_line' id='line_1_20' title="bbox 463 2209 2420 2298; baseline 0 -23"><span class='ocrx_word' id='word_1_144' title='bbox 463 2209 625 2294; x_wconf 92' lang='lat' dir='ltr'><strong>quin</strong></span> <span class='ocrx_word' id='word_1_145' title='bbox 705 2216 983 2293; x_wconf 88' lang='lat' dir='ltr'><strong>uterque</strong></span> <span class='ocrx_word' id='word_1_146' title='bbox 1063 2232 1291 2278; x_wconf 82' lang='lat' dir='ltr'><strong>versus</strong></span> <span class='ocrx_word' id='word_1_147' title='bbox 1372 2212 1452 2277; x_wconf 90' lang='lat' dir='ltr'><strong>de</strong></span> <span class='ocrx_word' id='word_1_148' title='bbox 1537 2210 1861 2298; x_wconf 86' lang='lat' dir='ltr'><strong>spirituali</strong></span> <span class='ocrx_word' id='word_1_149' title='bbox 1929 2212 2112 2277; x_wconf 90' lang='lat' dir='ltr'><strong>cultu</strong></span> <span class='ocrx_word' id='word_1_150' title='bbox 2179 2210 2420 2295; x_wconf 83' lang='lat' dir='ltr'><strong>exponi</strong></span> 
     </span>
     <span class='ocr_line' id='line_1_21' title="bbox 464 2294 2422 2382; baseline -0.001 -21"><span class='ocrx_word' id='word_1_151' title='bbox 464 2295 721 2362; x_wconf 89' lang='lat' dir='ltr'><strong>debeat.</strong></span> <span class='ocrx_word' id='word_1_152' title='bbox 812 2294 1154 2377; x_wconf 76' lang='lat' dir='ltr'><strong>Quomodo</strong></span> <span class='ocrx_word' id='word_1_153' title='bbox 1219 2304 1439 2365; x_wconf 88' lang='lat' dir='ltr'><strong>autem</strong></span> <span class='ocrx_word' id='word_1_154' title='bbox 1501 2318 1716 2363; x_wconf 88' lang='lat' dir='ltr'><strong>coram</strong></span> <span class='ocrx_word' id='word_1_155' title='bbox 1763 2298 1955 2382; x_wconf 89' lang='lat' dir='ltr'><strong>signo</strong></span> <span class='ocrx_word' id='word_1_156' title='bbox 2000 2298 2223 2362; x_wconf 84' lang='lat' dir='ltr'><strong>testati</strong></span> <span class='ocrx_word' id='word_1_157' title='bbox 2285 2296 2422 2360; x_wconf 90' lang='lat' dir='ltr'><strong>sint</strong></span> 
     </span>
     <span class='ocr_line' id='line_1_22' title="bbox 466 2382 2424 2467; baseline -0.002 -18"><span class='ocrx_word' id='word_1_158' title='bbox 466 2403 653 2449; x_wconf 85' lang='lat' dir='ltr'><strong>suam</strong></span> <span class='ocrx_word' id='word_1_159' title='bbox 714 2382 1060 2466; x_wconf 88' lang='lat' dir='ltr'><strong>pietatem,</strong></span> <span class='ocrx_word' id='word_1_160' title='bbox 1120 2404 1331 2467; x_wconf 91' lang='lat' dir='ltr'><strong>neque</strong></span> <span class='ocrx_word' id='word_1_161' title='bbox 1395 2393 1616 2449; x_wconf 87' lang='lat' dir='ltr'><strong>tamen</strong></span> <span class='ocrx_word' id='word_1_162' title='bbox 1676 2404 1896 2451; x_wconf 88' lang='lat' dir='ltr'><strong>crassa</strong></span> <span class='ocrx_word' id='word_1_163' title='bbox 1950 2382 2424 2467; x_wconf 85' lang='lat' dir='ltr'><strong>imaginatione</strong></span> 
     </span>
     <span class='ocr_line' id='line_1_23' title="bbox 464 2466 1792 2549; baseline -0.001 -15"><span class='ocrx_word' id='word_1_164' title='bbox 464 2466 686 2534; x_wconf 91' lang='lat' dir='ltr'><strong>Deum</strong></span> <span class='ocrx_word' id='word_1_165' title='bbox 725 2467 862 2533; x_wconf 87' lang='lat' dir='ltr'><strong>illio</strong></span> <span class='ocrx_word' id='word_1_166' title='bbox 904 2468 1243 2549; x_wconf 80' lang='lat' dir='ltr'><strong>coluerint,</strong></span> <span class='ocrx_word' id='word_1_167' title='bbox 1287 2470 1445 2535; x_wconf 81' lang='lat' dir='ltr'><strong>alibi</strong></span> <span class='ocrx_word' id='word_1_168' title='bbox 1487 2469 1792 2536; x_wconf 80' lang='lat' dir='ltr'><strong>diximus.</strong></span> 
     </span>
    </p>

    <p class='ocr_par' dir='ltr' id='par_1_5' title="bbox 462 2553 2427 4273">
     <span class='ocr_line' id='line_1_24' title="bbox 644 2553 2423 2639; baseline 0.001 -20"><span class='ocrx_word' id='word_1_169' title='bbox 644 2554 744 2620; x_wconf 94' lang='lat'><strong>11.</strong></span> <span class='ocrx_word' id='word_1_170' title='bbox 812 2553 902 2620; x_wconf 81' lang='lat' dir='ltr'><strong>Et</strong></span> <span class='ocrx_word' id='word_1_171' title='bbox 965 2554 1327 2638; x_wconf 75' lang='lat' dir='ltr'><strong>loquebatur</strong></span> <span class='ocrx_word' id='word_1_172' title='bbox 1392 2556 1624 2623; x_wconf 76' lang='lat' dir='ltr'><strong>Iehova</strong></span> <span class='ocrx_word' id='word_1_173' title='bbox 1683 2557 1851 2639; x_wconf 80' lang='lat' dir='ltr'><strong>facie</strong></span> <span class='ocrx_word' id='word_1_174' title='bbox 1914 2555 2002 2621; x_wconf 90' lang='lat' dir='ltr'><strong>ad</strong></span> <span class='ocrx_word' id='word_1_175' title='bbox 2061 2554 2186 2636; x_wconf 80' lang='lat' dir='ltr'><strong>fac.</strong></span> <span class='ocrx_word' id='word_1_176' title='bbox 2277 2553 2423 2621; x_wconf 89' lang='lat' dir='ltr'><strong>Hoc</strong></span> 
     </span>
     <span class='ocr_line' id='line_1_25' title="bbox 465 2640 2421 2729; baseline -0.001 -23"><span class='ocrx_word' id='word_1_177' title='bbox 465 2640 676 2725; x_wconf 87' lang='lat' dir='ltr'><strong>elogio</strong></span> <span class='ocrx_word' id='word_1_178' title='bbox 710 2649 935 2725; x_wconf 90' lang='lat' dir='ltr'><strong>postea</strong></span> <span class='ocrx_word' id='word_1_179' title='bbox 969 2640 1369 2727; x_wconf 90' lang='lat' dir='ltr'><strong>insignietur</strong></span> <span class='ocrx_word' id='word_1_180' title='bbox 1413 2643 1632 2709; x_wconf 85' lang='lat' dir='ltr'><strong>Moses</strong></span> <span class='ocrx_word' id='word_1_181' title='bbox 1677 2642 1900 2729; x_wconf 90' lang='lat' dir='ltr'><strong>(Num.</strong></span> <span class='ocrx_word' id='word_1_182' title='bbox 1950 2642 2049 2719; x_wconf 94' lang='lat'><strong>12,</strong></span> <span class='ocrx_word' id='word_1_183' title='bbox 2089 2640 2175 2728; x_wconf 90' lang='grc'><strong>8),</strong></span> <span class='ocrx_word' id='word_1_184' title='bbox 2219 2661 2421 2724; x_wconf 90' lang='lat' dir='ltr'><strong>quum</strong></span> 
     </span>
     <span class='ocr_line' id='line_1_26' title="bbox 466 2726 2419 2812; baseline -0.003 -16"><span class='ocrx_word' id='word_1_185' title='bbox 466 2727 652 2796; x_wconf 91' lang='lat' dir='ltr'><strong>Deus</strong></span> <span class='ocrx_word' id='word_1_186' title='bbox 709 2726 886 2791; x_wconf 88' lang='lat' dir='ltr'><strong>volet</strong></span> <span class='ocrx_word' id='word_1_187' title='bbox 950 2726 1138 2792; x_wconf 91' lang='lat' dir='ltr'><strong>illum</strong></span> <span class='ocrx_word' id='word_1_188' title='bbox 1203 2728 1570 2795; x_wconf 89' lang='lat' dir='ltr'><strong>discernere</strong></span> <span class='ocrx_word' id='word_1_189' title='bbox 1630 2749 1670 2793; x_wconf 88' lang='lat' dir='ltr'><strong>a</strong></span> <span class='ocrx_word' id='word_1_190' title='bbox 1727 2729 1997 2812; x_wconf 88' lang='lat' dir='ltr'><strong>reliquis</strong></span> <span class='ocrx_word' id='word_1_191' title='bbox 2061 2726 2419 2812; x_wconf 89' lang='lat' dir='ltr'><strong>prophetis.</strong></span> 
     </span>
     <span class='ocr_line' id='line_1_27' title="bbox 462 2811 2423 2898; baseline 0 -19"><span class='ocrx_word' id='word_1_192' title='bbox 462 2811 825 2879; x_wconf 81' lang='lat' dir='ltr'><strong>Familiare</strong></span> <span class='ocrx_word' id='word_1_193' title='bbox 868 2834 1025 2897; x_wconf 90' lang='lat' dir='ltr'><strong>ergo</strong></span> <span class='ocrx_word' id='word_1_194' title='bbox 1069 2812 1465 2896; x_wconf 91' lang='lat' dir='ltr'><strong>colloquium</strong></span> <span class='ocrx_word' id='word_1_195' title='bbox 1509 2814 1634 2881; x_wconf 88' lang='lat' dir='ltr'><strong>hac</strong></span> <span class='ocrx_word' id='word_1_196' title='bbox 1680 2836 1834 2881; x_wconf 83' lang='lat' dir='ltr'><strong>voce</strong></span> <span class='ocrx_word' id='word_1_197' title='bbox 1878 2815 2302 2898; x_wconf 89' lang='lat' dir='ltr'><strong>exprimitur,</strong></span> <span class='ocrx_word' id='word_1_198' title='bbox 2348 2833 2423 2879; x_wconf 91' lang='lat' dir='ltr'><strong>ac</strong></span> 
     </span>
     <span class='ocr_line' id='line_1_28' title="bbox 468 2897 2423 2985; baseline -0.002 -19"><span class='ocrx_word' id='word_1_199' title='bbox 468 2899 523 2966; x_wconf 89' lang='lat' dir='ltr'><strong>si</strong></span> <span class='ocrx_word' id='word_1_200' title='bbox 581 2897 825 2963; x_wconf 88' lang='lat' dir='ltr'><strong>dictum</strong></span> <span class='ocrx_word' id='word_1_201' title='bbox 885 2906 1092 2977; x_wconf 88' lang='lat' dir='ltr'><strong>esset,</strong></span> <span class='ocrx_word' id='word_1_202' title='bbox 1151 2897 1371 2965; x_wconf 91' lang='lat' dir='ltr'><strong>Deum</strong></span> <span class='ocrx_word' id='word_1_203' title='bbox 1432 2901 1812 2985; x_wconf 89' lang='lat' dir='ltr'><strong>apparuisse</strong></span> <span class='ocrx_word' id='word_1_204' title='bbox 1870 2899 2044 2966; x_wconf 85' lang='lat' dir='ltr'><strong>Mosi</strong></span> <span class='ocrx_word' id='word_1_205' title='bbox 2100 2898 2423 2982; x_wconf 86' lang='lat' dir='ltr'><strong>singulari</strong></span> 
     </span>
     <span class='ocr_line' id='line_1_29' title="bbox 474 2984 2420 3071; baseline -0.001 -20"><span class='ocrx_word' id='word_1_206' title='bbox 474 2984 898 3051; x_wconf 80' lang='lat' dir='ltr'><strong>revelationis</strong></span> <span class='ocrx_word' id='word_1_207' title='bbox 956 2985 1170 3052; x_wconf 88' lang='lat' dir='ltr'><strong>modo.</strong></span> <span class='ocrx_word' id='word_1_208' title='bbox 1260 2984 1339 3053; x_wconf 84' lang='lat' dir='ltr'><strong>Si</strong></span> <span class='ocrx_word' id='word_1_209' title='bbox 1384 2989 1527 3071; x_wconf 89' lang='lat' dir='ltr'><strong>quis</strong></span> <span class='ocrx_word' id='word_1_210' title='bbox 1581 2986 1874 3065; x_wconf 88' lang='lat' dir='ltr'><strong>obiiciat,</strong></span> <span class='ocrx_word' id='word_1_211' title='bbox 1927 3005 2224 3071; x_wconf 89' lang='lat' dir='ltr'><strong>pugnare</strong></span> <span class='ocrx_word' id='word_1_212' title='bbox 2268 3005 2420 3051; x_wconf 89' lang='lat' dir='ltr'><strong>cum</strong></span> 
     </span>
     <span class='ocr_line' id='line_1_30' title="bbox 470 3069 2423 3156; baseline 0 -20"><span class='ocrx_word' id='word_1_213' title='bbox 470 3070 593 3136; x_wconf 86' lang='lat' dir='ltr'><strong>hac</strong></span> <span class='ocrx_word' id='word_1_214' title='bbox 659 3069 990 3137; x_wconf 88' lang='lat' dir='ltr'><strong>sententia</strong></span> <span class='ocrx_word' id='word_1_215' title='bbox 1053 3071 1223 3156; x_wconf 91' lang='lat' dir='ltr'><strong>quod</strong></span> <span class='ocrx_word' id='word_1_216' title='bbox 1286 3094 1441 3138; x_wconf 89' lang='lat' dir='ltr'><strong>mox</strong></span> <span class='ocrx_word' id='word_1_217' title='bbox 1509 3072 1906 3139; x_wconf 83' lang='lat' dir='ltr'><strong>videbimus:</strong></span> <span class='ocrx_word' id='word_1_218' title='bbox 1964 3072 2116 3138; x_wconf 87' lang='lat' dir='ltr'><strong>Non</strong></span> <span class='ocrx_word' id='word_1_219' title='bbox 2180 3072 2423 3156; x_wconf 91' lang='lat' dir='ltr'><strong>poteris</strong></span> 
     </span>
     <span class='ocr_line' id='line_1_31' title="bbox 468 3155 2423 3240; baseline 0 -17"><span class='ocrx_word' id='word_1_220' title='bbox 468 3155 706 3223; x_wconf 88' lang='lat' dir='ltr'><strong>faciem</strong></span> <span class='ocrx_word' id='word_1_221' title='bbox 766 3177 981 3223; x_wconf 91' lang='lat' dir='ltr'><strong>meam</strong></span> <span class='ocrx_word' id='word_1_222' title='bbox 1037 3156 1290 3237; x_wconf 82' lang='lat' dir='ltr'><strong>videre,</strong></span> <span class='ocrx_word' id='word_1_223' title='bbox 1356 3157 1565 3223; x_wconf 83' lang='lat' dir='ltr'><strong>facilis</strong></span> <span class='ocrx_word' id='word_1_224' title='bbox 1631 3166 1731 3224; x_wconf 90' lang='lat' dir='ltr'><strong>est</strong></span> <span class='ocrx_word' id='word_1_225' title='bbox 1786 3159 2057 3224; x_wconf 86' lang='lat' dir='ltr'><strong>solutio:</strong></span> <span class='ocrx_word' id='word_1_226' title='bbox 2123 3157 2423 3240; x_wconf 87' lang='lat' dir='ltr'><strong>quamvis</strong></span> 
     </span>
     <span class='ocr_line' id='line_1_32' title="bbox 468 3242 2421 3328; baseline -0.001 -20"><span class='ocrx_word' id='word_1_227' title='bbox 468 3242 783 3328; x_wconf 74' lang='lat' dir='ltr'><strong>peculiari</strong></span> <span class='ocrx_word' id='word_1_228' title='bbox 847 3242 1037 3307; x_wconf 90' lang='lat' dir='ltr'><strong>modo</strong></span> <span class='ocrx_word' id='word_1_229' title='bbox 1088 3242 1272 3308; x_wconf 92' lang='lat' dir='ltr'><strong>Deus</strong></span> <span class='ocrx_word' id='word_1_230' title='bbox 1316 3264 1388 3309; x_wconf 86' lang='lat' dir='ltr'><strong>se</strong></span> <span class='ocrx_word' id='word_1_231' title='bbox 1430 3243 1812 3328; x_wconf 87' lang='lat' dir='ltr'><strong>patefecerit</strong></span> <span class='ocrx_word' id='word_1_232' title='bbox 1854 3244 2044 3321; x_wconf 89' lang='lat' dir='ltr'><strong>Mosi,</strong></span> <span class='ocrx_word' id='word_1_233' title='bbox 2085 3264 2421 3327; x_wconf 88' lang='lat' dir='ltr'><strong>nunquam</strong></span> 
     </span>
     <span class='ocr_line' id='line_1_33' title="bbox 468 3327 2423 3416; baseline 0 -21"><span class='ocrx_word' id='word_1_234' title='bbox 468 3345 696 3395; x_wconf 83' lang='lat' dir='ltr'><strong>tamen</strong></span> <span class='ocrx_word' id='word_1_235' title='bbox 732 3328 1114 3411; x_wconf 88' lang='lat' dir='ltr'><strong>apparuisse</strong></span> <span class='ocrx_word' id='word_1_236' title='bbox 1155 3329 1228 3393; x_wconf 90' lang='lat' dir='ltr'><strong>in</strong></span> <span class='ocrx_word' id='word_1_237' title='bbox 1264 3329 1473 3395; x_wconf 87' lang='lat' dir='ltr'><strong>solida</strong></span> <span class='ocrx_word' id='word_1_238' title='bbox 1505 3352 1626 3397; x_wconf 89' lang='lat' dir='ltr'><strong>sua</strong></span> <span class='ocrx_word' id='word_1_239' title='bbox 1660 3331 1894 3416; x_wconf 86' lang='lat' dir='ltr'><strong>gloria:</strong></span> <span class='ocrx_word' id='word_1_240' title='bbox 1941 3327 2057 3396; x_wconf 90' lang='lat' dir='ltr'><strong>sed</strong></span> <span class='ocrx_word' id='word_1_241' title='bbox 2100 3339 2423 3413; x_wconf 89' lang='lat' dir='ltr'><strong>quatenus</strong></span> 
     </span>
     <span class='ocr_line' id='line_1_34' title="bbox 468 3413 2424 3499; baseline -0.003 -15"><span class='ocrx_word' id='word_1_242' title='bbox 468 3415 640 3485; x_wconf 87' lang='lat' dir='ltr'><strong>ferre</strong></span> <span class='ocrx_word' id='word_1_243' title='bbox 673 3424 932 3498; x_wconf 88' lang='lat' dir='ltr'><strong>poterat</strong></span> <span class='ocrx_word' id='word_1_244' title='bbox 959 3413 1243 3481; x_wconf 89' lang='lat' dir='ltr'><strong>hominis</strong></span> <span class='ocrx_word' id='word_1_245' title='bbox 1277 3416 1645 3482; x_wconf 85' lang='lat' dir='ltr'><strong>infirmitas.</strong></span> <span class='ocrx_word' id='word_1_246' title='bbox 1706 3417 1892 3484; x_wconf 89' lang='lat' dir='ltr'><strong>Haec</strong></span> <span class='ocrx_word' id='word_1_247' title='bbox 1917 3418 2095 3482; x_wconf 88' lang='lat' dir='ltr'><strong>enim</strong></span> <span class='ocrx_word' id='word_1_248' title='bbox 2130 3415 2424 3499; x_wconf 90' lang='lat' dir='ltr'><strong>loquutio</strong></span> 
     </span>
     <span class='ocr_line' id='line_1_35' title="bbox 467 3500 2423 3587; baseline -0.002 -18"><span class='ocrx_word' id='word_1_249' title='bbox 467 3501 760 3569; x_wconf 88' lang='lat' dir='ltr'><strong>continet</strong></span> <span class='ocrx_word' id='word_1_250' title='bbox 816 3500 1079 3565; x_wconf 88' lang='lat' dir='ltr'><strong>tacitam</strong></span> <span class='ocrx_word' id='word_1_251' title='bbox 1123 3502 1675 3584; x_wconf 90' lang='lat' dir='ltr'><strong>comparationem</strong></span> <span class='ocrx_word' id='word_1_252' title='bbox 1728 3502 1898 3587; x_wconf 91' lang='lat' dir='ltr'><strong>quod</strong></span> <span class='ocrx_word' id='word_1_253' title='bbox 1942 3502 2190 3569; x_wconf 90' lang='lat' dir='ltr'><strong>scilicet</strong></span> <span class='ocrx_word' id='word_1_254' title='bbox 2232 3521 2423 3566; x_wconf 93' lang='lat' dir='ltr'><strong>nemo</strong></span> 
     </span>
     <span class='ocr_line' id='line_1_36' title="bbox 466 3585 2420 3673; baseline -0.001 -21"><span class='ocrx_word' id='word_1_255' title='bbox 466 3585 762 3668; x_wconf 88' lang='lat' dir='ltr'><strong>aequalis</strong></span> <span class='ocrx_word' id='word_1_256' title='bbox 805 3585 1007 3651; x_wconf 88' lang='lat' dir='ltr'><strong>fuerit</strong></span> <span class='ocrx_word' id='word_1_257' title='bbox 1049 3586 1257 3668; x_wconf 83' lang='lat' dir='ltr'><strong>Mosi,</strong></span> <span class='ocrx_word' id='word_1_258' title='bbox 1299 3586 1408 3653; x_wconf 81' lang='lat' dir='ltr'><strong>vel</strong></span> <span class='ocrx_word' id='word_1_259' title='bbox 1444 3587 1528 3652; x_wconf 91' lang='lat' dir='ltr'><strong>ad</strong></span> <span class='ocrx_word' id='word_1_260' title='bbox 1573 3597 1833 3654; x_wconf 91' lang='lat' dir='ltr'><strong>tantum</strong></span> <span class='ocrx_word' id='word_1_261' title='bbox 1881 3586 2224 3673; x_wconf 86' lang='lat' dir='ltr'><strong>dignitatis</strong></span> <span class='ocrx_word' id='word_1_262' title='bbox 2268 3608 2420 3670; x_wconf 87' lang='lat' dir='ltr'><strong>gra-</strong></span> 
     </span>
     <span class='ocr_line' id='line_1_37' title="bbox 467 3670 2423 3759; baseline 0 -21"><span class='ocrx_word' id='word_1_263' title='bbox 467 3672 626 3738; x_wconf 92' lang='lat' dir='ltr'><strong>dum</strong></span> <span class='ocrx_word' id='word_1_264' title='bbox 690 3670 1073 3737; x_wconf 89' lang='lat' dir='ltr'><strong>ascenderit.</strong></span> <span class='ocrx_word' id='word_1_265' title='bbox 1161 3672 1311 3739; x_wconf 90' lang='lat' dir='ltr'><strong>Hoc</strong></span> <span class='ocrx_word' id='word_1_266' title='bbox 1365 3694 1525 3739; x_wconf 84' lang='lat' dir='ltr'><strong>vero</strong></span> <span class='ocrx_word' id='word_1_267' title='bbox 1583 3674 1667 3740; x_wconf 88' lang='lat' dir='ltr'><strong>ad</strong></span> <span class='ocrx_word' id='word_1_268' title='bbox 1705 3674 1870 3759; x_wconf 90' lang='lat' dir='ltr'><strong>legis</strong></span> <span class='ocrx_word' id='word_1_269' title='bbox 1913 3672 2423 3740; x_wconf 89' lang='lat' dir='ltr'><strong>commendatio-</strong></span> 
     </span>
     <span class='ocr_line' id='line_1_38' title="bbox 467 3758 2423 3843; baseline -0.001 -18"><span class='ocrx_word' id='word_1_270' title='bbox 467 3778 623 3825; x_wconf 85' lang='lat' dir='ltr'><strong>nem</strong></span> <span class='ocrx_word' id='word_1_271' title='bbox 668 3759 994 3843; x_wconf 90' lang='lat' dir='ltr'><strong>pertinet,</strong></span> <span class='ocrx_word' id='word_1_272' title='bbox 1039 3758 1272 3825; x_wconf 83' lang='lat' dir='ltr'><strong>Mosen</strong></span> <span class='ocrx_word' id='word_1_273' title='bbox 1319 3760 1461 3825; x_wconf 90' lang='lat' dir='ltr'><strong>eius</strong></span> <span class='ocrx_word' id='word_1_274' title='bbox 1504 3760 1882 3826; x_wconf 89' lang='lat' dir='ltr'><strong>ministrum</strong></span> <span class='ocrx_word' id='word_1_275' title='bbox 1928 3759 2096 3843; x_wconf 89' lang='lat' dir='ltr'><strong>quod</strong></span> <span class='ocrx_word' id='word_1_276' title='bbox 2142 3758 2423 3824; x_wconf 86' lang='lat' dir='ltr'><strong>familia-</strong></span> 
     </span>
     <span class='ocr_line' id='line_1_39' title="bbox 465 3842 2427 3931; baseline -0.001 -21"><span class='ocrx_word' id='word_1_277' title='bbox 465 3844 633 3910; x_wconf 88' lang='lat' dir='ltr'><strong>riter</strong></span> <span class='ocrx_word' id='word_1_278' title='bbox 715 3842 1027 3910; x_wconf 88' lang='lat' dir='ltr'><strong>didicerat</strong></span> <span class='ocrx_word' id='word_1_279' title='bbox 1108 3845 1452 3922; x_wconf 85' lang='lat' dir='ltr'><strong>retulisse,</strong></span> <span class='ocrx_word' id='word_1_280' title='bbox 1531 3867 1616 3910; x_wconf 92' lang='lat' dir='ltr'><strong>ne</strong></span> <span class='ocrx_word' id='word_1_281' title='bbox 1680 3866 1807 3931; x_wconf 89' lang='lat' dir='ltr'><strong>qua</strong></span> <span class='ocrx_word' id='word_1_282' title='bbox 1876 3845 2272 3930; x_wconf 71' lang='lat' dir='ltr'><strong>ambiguitas</strong></span> <span class='ocrx_word' id='word_1_283' title='bbox 2337 3844 2427 3909; x_wconf 89' lang='lat' dir='ltr'><strong>sit</strong></span> 
     </span>
     <span class='ocr_line' id='line_1_40' title="bbox 470 3928 2427 4013; baseline -0.001 -18"><span class='ocrx_word' id='word_1_284' title='bbox 470 3938 796 4013; x_wconf 90' lang='lat' dir='ltr'><strong>suspecta.</strong></span> <span class='ocrx_word' id='word_1_285' title='bbox 883 3928 1077 4011; x_wconf 77' lang='lat' dir='ltr'><strong>Quod</strong></span> <span class='ocrx_word' id='word_1_286' title='bbox 1134 3932 1375 3998; x_wconf 89' lang='lat' dir='ltr'><strong>dicitur</strong></span> <span class='ocrx_word' id='word_1_287' title='bbox 1430 3930 1714 3998; x_wconf 88' lang='lat' dir='ltr'><strong>Iehosua</strong></span> <span class='ocrx_word' id='word_1_288' title='bbox 1778 3952 1913 3998; x_wconf 92' lang='lat' dir='ltr'><strong>non</strong></span> <span class='ocrx_word' id='word_1_289' title='bbox 1980 3931 2324 3997; x_wconf 86' lang='lat' dir='ltr'><strong>recessisse</strong></span> <span class='ocrx_word' id='word_1_290' title='bbox 2387 3949 2427 3993; x_wconf 88' lang='lat' dir='ltr'><strong>a</strong></span> 
     </span>
     <span class='ocr_line' id='line_1_41' title="bbox 468 4015 2422 4101; baseline -0.001 -20"><span class='ocrx_word' id='word_1_291' title='bbox 468 4015 910 4091; x_wconf 87' lang='lat' dir='ltr'><strong>tabernaculo,</strong></span> <span class='ocrx_word' id='word_1_292' title='bbox 955 4015 1109 4082; x_wconf 88' lang='lat' dir='ltr'><strong>inde</strong></span> <span class='ocrx_word' id='word_1_293' title='bbox 1151 4017 1523 4101; x_wconf 89' lang='lat' dir='ltr'><strong>colligimus</strong></span> <span class='ocrx_word' id='word_1_294' title='bbox 1558 4018 1731 4084; x_wconf 85' lang='lat' dir='ltr'><strong>Mosi</strong></span> <span class='ocrx_word' id='word_1_295' title='bbox 1772 4017 1979 4085; x_wconf 85' lang='lat' dir='ltr'><strong>fuisse</strong></span> <span class='ocrx_word' id='word_1_296' title='bbox 2024 4016 2422 4083; x_wconf 90' lang='lat' dir='ltr'><strong>domicilium</strong></span> 
     </span>
     <span class='ocr_line' id='line_1_42' title="bbox 469 4102 2422 4182; baseline -0.001 -14"><span class='ocrx_word' id='word_1_297' title='bbox 469 4123 663 4168; x_wconf 90' lang='lat' dir='ltr'><strong>suum</strong></span> <span class='ocrx_word' id='word_1_298' title='bbox 720 4103 791 4166; x_wconf 92' lang='lat' dir='ltr'><strong>in</strong></span> <span class='ocrx_word' id='word_1_299' title='bbox 845 4103 1097 4169; x_wconf 90' lang='lat' dir='ltr'><strong>castris.</strong></span> <span class='ocrx_word' id='word_1_300' title='bbox 1187 4104 1281 4168; x_wconf 88' lang='lat' dir='ltr'><strong>Et</strong></span> <span class='ocrx_word' id='word_1_301' title='bbox 1337 4104 1505 4167; x_wconf 86' lang='lat' dir='ltr'><strong>forte</strong></span> <span class='ocrx_word' id='word_1_302' title='bbox 1547 4102 1692 4171; x_wconf 90' lang='lat' dir='ltr'><strong>ideo</strong></span> <span class='ocrx_word' id='word_1_303' title='bbox 1737 4104 2114 4172; x_wconf 86' lang='lat' dir='ltr'><strong>adolescens</strong></span> <span class='ocrx_word' id='word_1_304' title='bbox 2156 4102 2422 4182; x_wconf 89' lang='lat' dir='ltr'><strong>dicitur,</strong></span> 
     </span>
     <span class='ocr_line' id='line_1_43' title="bbox 465 4187 2425 4273; baseline -0.001 -19"><span class='ocrx_word' id='word_1_305' title='bbox 465 4197 542 4254; x_wconf 89' lang='lat' dir='ltr'><strong>ut</strong></span> <span class='ocrx_word' id='word_1_306' title='bbox 587 4187 904 4254; x_wconf 87' lang='lat' dir='ltr'><strong>illustrior</strong></span> <span class='ocrx_word' id='word_1_307' title='bbox 950 4189 1018 4254; x_wconf 91' lang='lat' dir='ltr'><strong>in</strong></span> <span class='ocrx_word' id='word_1_308' title='bbox 1062 4210 1139 4255; x_wconf 90' lang='lat' dir='ltr'><strong>eo</strong></span> <span class='ocrx_word' id='word_1_309' title='bbox 1182 4190 1271 4255; x_wconf 88' lang='lat' dir='ltr'><strong>sit</strong></span> <span class='ocrx_word' id='word_1_310' title='bbox 1306 4189 1435 4255; x_wconf 90' lang='lat' dir='ltr'><strong>Dei</strong></span> <span class='ocrx_word' id='word_1_311' title='bbox 1473 4191 1721 4273; x_wconf 88' lang='lat' dir='ltr'><strong>gratia,</strong></span> <span class='ocrx_word' id='word_1_312' title='bbox 1764 4190 1935 4273; x_wconf 90' lang='lat' dir='ltr'><strong>quod</strong></span> <span class='ocrx_word' id='word_1_313' title='bbox 1981 4211 2133 4256; x_wconf 92' lang='lat' dir='ltr'><strong>eum</strong></span> <span class='ocrx_word' id='word_1_314' title='bbox 2176 4189 2425 4256; x_wconf 92' lang='lat' dir='ltr'><strong>aeditui</strong></span> 
     </span>
    </p>
   </div>
   <div class='ocr_carea' id='block_1_5' title="bbox 465 4274 2471 4359">
    <p class='ocr_par' dir='ltr' id='par_1_6' title="bbox 465 4274 2471 4359">
     <span class='ocr_line' id='line_1_44' title="bbox 465 4274 2471 4359; baseline 0.001 -22"><span class='ocrx_word' id='word_1_315' title='bbox 465 4294 745 4338; x_wconf 89' lang='lat' dir='ltr'><strong>munere</strong></span> <span class='ocrx_word' id='word_1_316' title='bbox 788 4274 973 4358; x_wconf 87' lang='lat' dir='ltr'><strong>fungi</strong></span> <span class='ocrx_word' id='word_1_317' title='bbox 1038 4275 1338 4341; x_wconf 87' lang='lat' dir='ltr'><strong>voluerit.</strong></span> <span class='ocrx_word' id='word_1_318' title='bbox 1427 4275 1594 4340; x_wconf 84' lang='lat' dir='ltr'><strong>Erat</strong></span> <span class='ocrx_word' id='word_1_319' title='bbox 1637 4276 1897 4359; x_wconf 91' lang='lat' dir='ltr'><strong>quidem</strong></span> <span class='ocrx_word' id='word_1_320' title='bbox 1957 4277 2066 4342; x_wconf 83' lang='lat' dir='ltr'><strong>vir</strong></span> <span class='ocrx_word' id='word_1_321' title='bbox 2121 4284 2422 4342; x_wconf 88' lang='lat' dir='ltr'><strong>maturae</strong></span> <span class='ocrx_word' id='word_1_322' title='bbox 2470 4314 2471 4319; x_wconf 20' lang='grc' dir='ltr'><strong>κ</strong></span> 
     </span>
    </p>
   </div>
   <div class='ocr_carea' id='block_1_6' title="bbox 463 4358 2427 4684">
    <p class='ocr_par' dir='ltr' id='par_1_7' title="bbox 463 4358 2427 4684">
     <span class='ocr_line' id='line_1_45' title="bbox 466 4358 2427 4444; baseline 0 -19"><span class='ocrx_word' id='word_1_323' title='bbox 466 4360 704 4425; x_wconf 83' lang='lat' dir='ltr'><strong>aetatis</strong></span> <span class='ocrx_word' id='word_1_324' title='bbox 767 4358 1051 4426; x_wconf 88' lang='lat' dir='ltr'><strong>Iehosua</strong></span> <span class='ocrx_word' id='word_1_325' title='bbox 1116 4383 1191 4425; x_wconf 93' lang='lat' dir='ltr'><strong>eo</strong></span> <span class='ocrx_word' id='word_1_326' title='bbox 1258 4372 1580 4444; x_wconf 89' lang='lat' dir='ltr'><strong>tempore:</strong></span> <span class='ocrx_word' id='word_1_327' title='bbox 1665 4363 1778 4427; x_wconf 90' lang='lat' dir='ltr'><strong>sed</strong></span> <span class='ocrx_word' id='word_1_328' title='bbox 1844 4361 2232 4429; x_wconf 89' lang='lat' dir='ltr'><strong>beneficium</strong></span> <span class='ocrx_word' id='word_1_329' title='bbox 2296 4359 2427 4426; x_wconf 90' lang='lat' dir='ltr'><strong>Dei</strong></span> 
     </span>
     <span class='ocr_line' id='line_1_46' title="bbox 466 4444 2425 4532; baseline 0.001 -23"><span class='ocrx_word' id='word_1_330' title='bbox 466 4444 803 4529; x_wconf 85' lang='lat' dir='ltr'><strong>singulare</strong></span> <span class='ocrx_word' id='word_1_331' title='bbox 873 4446 944 4510; x_wconf 93' lang='lat' dir='ltr'><strong>in</strong></span> <span class='ocrx_word' id='word_1_332' title='bbox 1020 4467 1097 4512; x_wconf 90' lang='lat' dir='ltr'><strong>eo</strong></span> <span class='ocrx_word' id='word_1_333' title='bbox 1172 4448 1511 4532; x_wconf 85' lang='lat' dir='ltr'><strong>apparuit,</strong></span> <span class='ocrx_word' id='word_1_334' title='bbox 1603 4447 1777 4531; x_wconf 88' lang='lat' dir='ltr'><strong>quod</strong></span> <span class='ocrx_word' id='word_1_335' title='bbox 1857 4449 2084 4515; x_wconf 89' lang='lat' dir='ltr'><strong>multis</strong></span> <span class='ocrx_word' id='word_1_336' title='bbox 2160 4446 2425 4513; x_wconf 90' lang='lat' dir='ltr'><strong>senibus</strong></span> 
     </span>
     <span class='ocr_line' id='line_1_47' title="bbox 464 4530 2425 4618; baseline 0.003 -25"><span class='ocrx_word' id='word_1_337' title='bbox 464 4530 892 4615; x_wconf 67' lang='lat' dir='ltr'><strong>posthabitis,</strong></span> <span class='ocrx_word' id='word_1_338' title='bbox 916 4552 1067 4597; x_wconf 91' lang='lat' dir='ltr'><strong>eum</strong></span> <span class='ocrx_word' id='word_1_339' title='bbox 1102 4533 1426 4598; x_wconf 91' lang='lat' dir='ltr'><strong>minorem</strong></span> <span class='ocrx_word' id='word_1_340' title='bbox 1462 4542 1624 4600; x_wconf 89' lang='lat' dir='ltr'><strong>natu</strong></span> <span class='ocrx_word' id='word_1_341' title='bbox 1659 4535 1975 4618; x_wconf 87' lang='lat' dir='ltr'><strong>praefecit</strong></span> <span class='ocrx_word' id='word_1_342' title='bbox 2009 4531 2425 4599; x_wconf 88' lang='lat' dir='ltr'><strong>tabernaculo</strong></span> 
     </span>
     <span class='ocr_line' id='line_1_48' title="bbox 463 4616 985 4684; baseline 0 -1"><span class='ocrx_word' id='word_1_343' title='bbox 463 4636 587 4683; x_wconf 88' lang='lat' dir='ltr'><strong>suo</strong></span> <span class='ocrx_word' id='word_1_344' title='bbox 629 4616 985 4684; x_wconf 89' lang='lat' dir='ltr'><strong>custodem.</strong></span> 
     </span>
    </p>
   </div>
   <div class='ocr_carea' id='block_1_7' title="bbox 995 5008 1896 5080">
    <p class='ocr_par' dir='ltr' id='par_1_8' title="bbox 995 5008 1896 5080">
     <span class='ocr_line' id='line_1_49' title="bbox 995 5008 1896 5080; baseline 0.004 -4"><span class='ocrx_word' id='word_1_345' title='bbox 995 5010 1119 5077; x_wconf 89' lang='lat' dir='ltr'><strong>EX</strong></span> <span class='ocrx_word' id='word_1_346' title='bbox 1164 5008 1492 5077; x_wconf 84' lang='lat' dir='ltr'>EODEM</span> <span class='ocrx_word' id='word_1_347' title='bbox 1541 5012 1896 5080; x_wconf 72' lang='lat' dir='ltr'><strong>CAPI&#39;PE.</strong></span> 
     </span>
    </p>
   </div>
   <div class='ocr_carea' id='block_1_8' title="bbox 458 5215 2429 5474">
    <p class='ocr_par' dir='ltr' id='par_1_9' title="bbox 458 5215 2429 5474">
     <span class='ocr_line' id='line_1_50' title="bbox 642 5215 2429 5288; baseline 0.003 -7"><span class='ocrx_word' id='word_1_348' title='bbox 642 5215 743 5281; x_wconf 94' lang='lat'><strong>12.</strong></span> <span class='ocrx_word' id='word_1_349' title='bbox 802 5216 889 5282; x_wconf 89' lang='lat' dir='ltr'><strong>Et</strong></span> <span class='ocrx_word' id='word_1_350' title='bbox 941 5217 1108 5282; x_wconf 77' lang='lat' dir='ltr'><strong>dixit</strong></span> <span class='ocrx_word' id='word_1_351' title='bbox 1148 5216 1364 5284; x_wconf 86' lang='lat' dir='ltr'><strong>Moses</strong></span> <span class='ocrx_word' id='word_1_352' title='bbox 1410 5217 1496 5285; x_wconf 88' lang='lat' dir='ltr'><strong>ad</strong></span> <span class='ocrx_word' id='word_1_353' title='bbox 1555 5218 1885 5285; x_wconf 76' lang='lat' dir='ltr'><strong>Iebovam:</strong></span> <span class='ocrx_word' id='word_1_354' title='bbox 1956 5219 2116 5288; x_wconf 85' lang='lat' dir='ltr'><strong>Vide</strong></span> <span class='ocrx_word' id='word_1_355' title='bbox 2156 5226 2225 5286; x_wconf 88' lang='lat' dir='ltr'><strong>tu</strong></span> <span class='ocrx_word' id='word_1_356' title='bbox 2267 5221 2429 5287; x_wconf 74' lang='lat' dir='ltr'><strong>dim&#39;s</strong></span> 
     </span>
     <span class='ocr_line' id='line_1_51' title="bbox 458 5301 2428 5385; baseline 0.001 -15"><span class='ocrx_word' id='word_1_357' title='bbox 458 5302 623 5371; x_wconf 75' lang='lat' dir='ltr'><strong>mihi</strong></span> <span class='ocrx_word' id='word_1_358' title='bbox 636 5354 651 5381; x_wconf 93' lang='lat'><strong>,</strong></span> <span class='ocrx_word' id='word_1_359' title='bbox 699 5301 885 5368; x_wconf 84' lang='lat' dir='ltr'><strong>Educ</strong></span> <span class='ocrx_word' id='word_1_360' title='bbox 913 5302 1224 5385; x_wconf 80' lang='lat' dir='ltr'><strong>populum</strong></span> <span class='ocrx_word' id='word_1_361' title='bbox 1276 5303 1441 5370; x_wconf 78' lang='lat' dir='ltr'><strong>hunc</strong></span> <span class='ocrx_word' id='word_1_362' title='bbox 1455 5353 1472 5385; x_wconf 94' lang='lat'><strong>,</strong></span> <span class='ocrx_word' id='word_1_363' title='bbox 1532 5310 1588 5371; x_wconf 88' lang='lat' dir='ltr'><strong>et</strong></span> <span class='ocrx_word' id='word_1_364' title='bbox 1640 5311 1710 5370; x_wconf 88' lang='lat' dir='ltr'><strong>tu</strong></span> <span class='ocrx_word' id='word_1_365' title='bbox 1750 5325 1873 5371; x_wconf 87' lang='lat' dir='ltr'><strong>non</strong></span> <span class='ocrx_word' id='word_1_366' title='bbox 1926 5305 2229 5374; x_wconf 77' lang='lat' dir='ltr'><strong>indicasti</strong></span> <span class='ocrx_word' id='word_1_367' title='bbox 2269 5306 2428 5371; x_wconf 77' lang='lat' dir='ltr'><strong>mihi</strong></span> 
     </span>
     <span class='ocr_line' id='line_1_52' title="bbox 460 5390 2428 5474; baseline 0.002 -20"><span class='ocrx_word' id='word_1_368' title='bbox 460 5409 646 5474; x_wconf 85' lang='lat' dir='ltr'><strong>quem</strong></span> <span class='ocrx_word' id='word_1_369' title='bbox 689 5390 1006 5455; x_wconf 81' lang='lat' dir='ltr'><strong>missurus</strong></span> <span class='ocrx_word' id='word_1_370' title='bbox 1048 5391 1142 5456; x_wconf 86' lang='lat' dir='ltr'><strong>sis</strong></span> <span class='ocrx_word' id='word_1_371' title='bbox 1182 5410 1433 5458; x_wconf 79' lang='lat' dir='ltr'><strong>mecum.</strong></span> <span class='ocrx_word' id='word_1_372' title='bbox 1503 5391 1708 5473; x_wconf 80' lang='lat' dir='ltr'><strong>Atqui</strong></span> <span class='ocrx_word' id='word_1_373' title='bbox 1749 5396 1817 5457; x_wconf 86' lang='lat' dir='ltr'><strong>tu</strong></span> <span class='ocrx_word' id='word_1_374' title='bbox 1858 5391 2118 5459; x_wconf 71' lang='lat' dir='ltr'><strong>dixisti.-</strong></span> <span class='ocrx_word' id='word_1_375' title='bbox 2164 5391 2331 5458; x_wconf 87' lang='lat' dir='ltr'><strong>Novi</strong></span> <span class='ocrx_word' id='word_1_376' title='bbox 2373 5397 2428 5458; x_wconf 90' lang='lat' dir='ltr'><strong>te</strong></span> 
     </span>
    </p>
   </div>
   <div class='ocr_carea' id='block_1_9' title="bbox 1886 473 3062 542">
    <p class='ocr_par' dir='ltr' id='par_1_10' title="bbox 1886 473 3062 542">
     <span class='ocr_line' id='line_1_53' title="bbox 1886 473 3062 542; baseline 0.003 -3"><span class='ocrx_word' id='word_1_377' title='bbox 1886 473 2297 542; x_wconf 72' lang='lat' dir='ltr'>REDITUS</span> <span class='ocrx_word' id='word_1_378' title='bbox 2344 475 2469 541; x_wconf 84' lang='lat' dir='ltr'><strong>AD</strong></span> <span class='ocrx_word' id='word_1_379' title='bbox 2514 473 3062 542; x_wconf 78' lang='lat' dir='ltr'><strong>HISTORIAM.</strong></span> 
     </span>
    </p>
   </div>
   <div class='ocr_carea' id='block_1_10' title="bbox 2470 681 2483 5456">
    <p class='ocr_par' dir='ltr' id='par_1_11' title="bbox 2470 681 2483 5456">
     <span class='ocr_line' id='line_1_54' title="bbox 2470 681 2483 5456; baseline 0 0"><span class='ocrx_word' id='word_1_380' title='bbox 2470 681 2483 5456; x_wconf 95' lang='lat' dir='ltr'><strong> </strong></span> 
     </span>
    </p>
   </div>
   <div class='ocr_carea' id='block_1_11' title="bbox 4359 476 4483 543">
    <p class='ocr_par' dir='ltr' id='par_1_12' title="bbox 4359 476 4483 543">
     <span class='ocr_line' id='line_1_55' title="bbox 4359 476 4483 543; baseline 0.016 -2"><span class='ocrx_word' id='word_1_381' title='bbox 4359 476 4483 543; x_wconf 88' lang='grc'><strong>106</strong></span> 
     </span>
    </p>
   </div>
   <div class='ocr_carea' id='block_1_12' title="bbox 2515 664 4488 2894">
    <p class='ocr_par' dir='ltr' id='par_1_13' title="bbox 2515 664 4488 2894">
     <span class='ocr_line' id='line_1_56' title="bbox 2522 664 4484 835; baseline 0.002 -21"><span class='ocrx_word' id='word_1_382' title='bbox 2522 664 3430 834; x_wconf 52' lang='grc' dir='ltr'><strong>ΐῖειέωἺέθ’Νῗῖἕσ“ῖ,-Ξῗέ’ἔ’</strong></span> <span class='ocrx_word' id='word_1_383' title='bbox 3448 664 4484 835; x_wconf 49' lang='grc' dir='ltr'><strong>λ’ἕῖ’ἷῖῗῖ.ηὲ’ῖῗὲἳῖἑᾶ”ὤοὲἓ</strong></span> 
     </span>
     <span class='ocr_line' id='line_1_57' title="bbox 2521 835 4482 921; baseline 0.001 -21"><span class='ocrx_word' id='word_1_384' title='bbox 2521 835 2608 901; x_wconf 83' lang='lat' dir='ltr'><strong>lis</strong></span> <span class='ocrx_word' id='word_1_385' title='bbox 2645 836 2791 920; x_wconf 85' lang='lat' dir='ltr'><strong>tuis,</strong></span> <span class='ocrx_word' id='word_1_386' title='bbox 2837 837 3081 902; x_wconf 76' lang='lat' dir='ltr'><strong>ostende</strong></span> <span class='ocrx_word' id='word_1_387' title='bbox 3123 856 3353 918; x_wconf 79' lang='lat' dir='ltr'><strong>quaeso</strong></span> <span class='ocrx_word' id='word_1_388' title='bbox 3390 836 3550 902; x_wconf 79' lang='lat' dir='ltr'><strong>mibi</strong></span> <span class='ocrx_word' id='word_1_389' title='bbox 3592 836 3764 900; x_wconf 89' lang='lat' dir='ltr'><strong>viam</strong></span> <span class='ocrx_word' id='word_1_390' title='bbox 3806 841 3983 902; x_wconf 86' lang='lat' dir='ltr'><strong>tuam</strong></span> <span class='ocrx_word' id='word_1_391' title='bbox 4023 842 4078 902; x_wconf 87' lang='lat' dir='ltr'><strong>et</strong></span> <span class='ocrx_word' id='word_1_392' title='bbox 4119 857 4482 921; x_wconf 72' lang='lat' dir='ltr'><strong>coqnoscam</strong></span> 
     </span>
     <span class='ocr_line' id='line_1_58' title="bbox 2523 921 4486 1007; baseline 0.002 -21"><span class='ocrx_word' id='word_1_393' title='bbox 2523 926 2579 986; x_wconf 89' lang='lat' dir='ltr'><strong>te</strong></span> <span class='ocrx_word' id='word_1_394' title='bbox 2593 972 2610 1000; x_wconf 93' lang='lat'><em>‚</em></span> <span class='ocrx_word' id='word_1_395' title='bbox 2666 927 2851 1004; x_wconf 86' lang='lat' dir='ltr'><strong>atque</strong></span> <span class='ocrx_word' id='word_1_396' title='bbox 2902 923 3223 988; x_wconf 84' lang='lat' dir='ltr'><strong>inveniam</strong></span> <span class='ocrx_word' id='word_1_397' title='bbox 3282 923 3557 1007; x_wconf 71' lang='lat' dir='ltr'><strong>qratiam</strong></span> <span class='ocrx_word' id='word_1_398' title='bbox 3621 921 3687 985; x_wconf 89' lang='lat' dir='ltr'><strong>in</strong></span> <span class='ocrx_word' id='word_1_399' title='bbox 3753 923 3950 988; x_wconf 85' lang='lat' dir='ltr'><strong>oculis</strong></span> <span class='ocrx_word' id='word_1_400' title='bbox 4013 923 4169 1002; x_wconf 86' lang='lat' dir='ltr'><strong>tuis,</strong></span> <span class='ocrx_word' id='word_1_401' title='bbox 4227 928 4283 987; x_wconf 88' lang='lat' dir='ltr'><strong>et</strong></span> <span class='ocrx_word' id='word_1_402' title='bbox 4342 924 4486 990; x_wconf 89' lang='lat' dir='ltr'><strong>vide</strong></span> 
     </span>
     <span class='ocr_line' id='line_1_59' title="bbox 2524 1006 4486 1093; baseline 0.001 -20"><span class='ocrx_word' id='word_1_403' title='bbox 2524 1007 2686 1088; x_wconf 85' lang='lat' dir='ltr'><strong>quod</strong></span> <span class='ocrx_word' id='word_1_404' title='bbox 2716 1006 2996 1090; x_wconf 83' lang='lat' dir='ltr'><strong>populus</strong></span> <span class='ocrx_word' id='word_1_405' title='bbox 3039 1013 3187 1073; x_wconf 86' lang='lat' dir='ltr'><strong>tuus</strong></span> <span class='ocrx_word' id='word_1_406' title='bbox 3228 1009 3342 1075; x_wconf 87' lang='lat' dir='ltr'><strong>sit-</strong></span> <span class='ocrx_word' id='word_1_407' title='bbox 3353 1028 3505 1091; x_wconf 76' lang='lat' dir='ltr'><strong>qens</strong></span> <span class='ocrx_word' id='word_1_408' title='bbox 3545 1008 3688 1072; x_wconf 89' lang='lat' dir='ltr'><strong>ista.</strong></span> <span class='ocrx_word' id='word_1_409' title='bbox 3782 1007 3881 1074; x_wconf 84' lang='lat'><strong>14.</strong></span> <span class='ocrx_word' id='word_1_410' title='bbox 3933 1007 4023 1074; x_wconf 86' lang='lat' dir='ltr'><strong>Et</strong></span> <span class='ocrx_word' id='word_1_411' title='bbox 4054 1009 4246 1076; x_wconf 76' lang='lat' dir='ltr'><strong>dixit.-</strong></span> <span class='ocrx_word' id='word_1_412' title='bbox 4286 1010 4486 1093; x_wconf 81' lang='lat' dir='ltr'><strong>facies</strong></span> 
     </span>
     <span class='ocr_line' id='line_1_60' title="bbox 2522 1094 4486 1176; baseline 0.002 -18"><span class='ocrx_word' id='word_1_413' title='bbox 2522 1113 2662 1158; x_wconf 87' lang='lat' dir='ltr'><strong>mea</strong></span> <span class='ocrx_word' id='word_1_414' title='bbox 2715 1094 3042 1174; x_wconf 76' lang='lat' dir='ltr'><strong>praecedet</strong></span> <span class='ocrx_word' id='word_1_415' title='bbox 3059 1141 3074 1169; x_wconf 87' lang='lat'>‚</span> <span class='ocrx_word' id='word_1_416' title='bbox 3148 1098 3206 1159; x_wconf 88' lang='lat' dir='ltr'><strong>et</strong></span> <span class='ocrx_word' id='word_1_417' title='bbox 3265 1095 3645 1176; x_wconf 86' lang='lat' dir='ltr'><strong>requiescere</strong></span> <span class='ocrx_word' id='word_1_418' title='bbox 3705 1094 3943 1176; x_wconf 80' lang='lat' dir='ltr'><strong>faciam</strong></span> <span class='ocrx_word' id='word_1_419' title='bbox 4006 1100 4077 1161; x_wconf 87' lang='lat' dir='ltr'><strong>te.</strong></span> <span class='ocrx_word' id='word_1_420' title='bbox 4193 1095 4292 1161; x_wconf 87' lang='lat'><strong>15.</strong></span> <span class='ocrx_word' id='word_1_421' title='bbox 4364 1094 4486 1162; x_wconf 84' lang='lat' dir='ltr'><strong>Cui</strong></span> 
     </span>
     <span class='ocr_line' id='line_1_61' title="bbox 2522 1179 4485 1262; baseline 0.002 -18"><span class='ocrx_word' id='word_1_422' title='bbox 2522 1180 2875 1260; x_wconf 73' lang='lat' dir='ltr'><strong>respondit:</strong></span> <span class='ocrx_word' id='word_1_423' title='bbox 2936 1179 3092 1245; x_wconf 86' lang='lat' dir='ltr'><strong>Nisi</strong></span> <span class='ocrx_word' id='word_1_424' title='bbox 3131 1180 3330 1262; x_wconf 81' lang='lat' dir='ltr'><strong>facies</strong></span> <span class='ocrx_word' id='word_1_425' title='bbox 3385 1185 3495 1245; x_wconf 87' lang='lat' dir='ltr'><strong>tua</strong></span> <span class='ocrx_word' id='word_1_426' title='bbox 3539 1181 3902 1261; x_wconf 85' lang='lat' dir='ltr'><strong>praecedat,</strong></span> <span class='ocrx_word' id='word_1_427' title='bbox 3958 1201 4036 1246; x_wconf 87' lang='lat' dir='ltr'><strong>ne</strong></span> <span class='ocrx_word' id='word_1_428' title='bbox 4090 1182 4317 1247; x_wconf 84' lang='lat' dir='ltr'><strong>educas</strong></span> <span class='ocrx_word' id='word_1_429' title='bbox 4371 1201 4485 1248; x_wconf 84' lang='lat' dir='ltr'><strong>nos</strong></span> 
     </span>
     <span class='ocr_line' id='line_1_62' title="bbox 2524 1263 4485 1353; baseline 0.002 -24"><span class='ocrx_word' id='word_1_430' title='bbox 2524 1264 2684 1329; x_wconf 79' lang='lat' dir='ltr'><strong>hinc.</strong></span> <span class='ocrx_word' id='word_1_431' title='bbox 2778 1264 2877 1329; x_wconf 86' lang='lat'><strong>16.</strong></span> <span class='ocrx_word' id='word_1_432' title='bbox 2939 1265 3027 1330; x_wconf 84' lang='lat' dir='ltr'><strong>Et</strong></span> <span class='ocrx_word' id='word_1_433' title='bbox 3075 1263 3304 1353; x_wconf 89' lang='lat' dir='ltr'><strong>(certe)</strong></span> <span class='ocrx_word' id='word_1_434' title='bbox 3361 1286 3488 1347; x_wconf 83' lang='lat' dir='ltr'><strong>qua</strong></span> <span class='ocrx_word' id='word_1_435' title='bbox 3531 1266 3601 1330; x_wconf 87' lang='lat' dir='ltr'><strong>in</strong></span> <span class='ocrx_word' id='word_1_436' title='bbox 3643 1286 3710 1330; x_wconf 87' lang='lat' dir='ltr'><strong>re</strong></span> <span class='ocrx_word' id='word_1_437' title='bbox 3760 1271 3973 1332; x_wconf 81' lang='lat' dir='ltr'><strong>notum</strong></span> <span class='ocrx_word' id='word_1_438' title='bbox 4014 1268 4134 1331; x_wconf 86' lang='lat' dir='ltr'><strong>erit</strong></span> <span class='ocrx_word' id='word_1_439' title='bbox 4179 1267 4279 1333; x_wconf 78' lang='lat' dir='ltr'><strong>hio</strong></span> <span class='ocrx_word' id='word_1_440' title='bbox 4320 1268 4485 1350; x_wconf 86' lang='lat' dir='ltr'><strong>quod</strong></span> 
     </span>
     <span class='ocr_line' id='line_1_63' title="bbox 2526 1350 4484 1435; baseline 0.002 -19"><span class='ocrx_word' id='word_1_441' title='bbox 2526 1352 2868 1417; x_wconf 79' lang='lat' dir='ltr'><strong>invenerim</strong></span> <span class='ocrx_word' id='word_1_442' title='bbox 2905 1353 3181 1435; x_wconf 72' lang='lat' dir='ltr'><strong>qratiam</strong></span> <span class='ocrx_word' id='word_1_443' title='bbox 3221 1352 3294 1418; x_wconf 87' lang='lat' dir='ltr'><strong>in</strong></span> <span class='ocrx_word' id='word_1_444' title='bbox 3328 1350 3524 1417; x_wconf 84' lang='lat' dir='ltr'><strong>oculis</strong></span> <span class='ocrx_word' id='word_1_445' title='bbox 3557 1352 3690 1416; x_wconf 86' lang='lat' dir='ltr'><strong>tuis.</strong></span> <span class='ocrx_word' id='word_1_446' title='bbox 3717 1372 3840 1435; x_wconf 75' lang='lat' dir='ltr'><strong>eqo,</strong></span> <span class='ocrx_word' id='word_1_447' title='bbox 3883 1357 3939 1418; x_wconf 88' lang='lat' dir='ltr'><strong>et</strong></span> <span class='ocrx_word' id='word_1_448' title='bbox 3967 1352 4245 1435; x_wconf 68' lang='lat' dir='ltr'><strong>pqmbus</strong></span> <span class='ocrx_word' id='word_1_449' title='bbox 4285 1353 4484 1419; x_wconf 77' lang='lat' dir='ltr'><strong>tuus?</strong></span> 
     </span>
     <span class='ocr_line' id='line_1_64' title="bbox 2524 1436 4485 1522; baseline 0.002 -20"><span class='ocrx_word' id='word_1_450' title='bbox 2524 1457 2724 1503; x_wconf 88' lang='lat' dir='ltr'><strong>nonne</strong></span> <span class='ocrx_word' id='word_1_451' title='bbox 2788 1458 2980 1521; x_wconf 84' lang='lat' dir='ltr'><strong>quum</strong></span> <span class='ocrx_word' id='word_1_452' title='bbox 3032 1436 3455 1503; x_wconf 78' lang='lat' dir='ltr'><strong>ambulaveris</strong></span> <span class='ocrx_word' id='word_1_453' title='bbox 3515 1438 3832 1503; x_wconf 85' lang='lat' dir='ltr'><strong>nobiscum</strong></span> <span class='ocrx_word' id='word_1_454' title='bbox 3847 1489 3864 1517; x_wconf 93' lang='lat'><strong>,</strong></span> <span class='ocrx_word' id='word_1_455' title='bbox 3929 1443 3987 1502; x_wconf 89' lang='lat' dir='ltr'><strong>et</strong></span> <span class='ocrx_word' id='word_1_456' title='bbox 4045 1439 4485 1522; x_wconf 78' lang='lat' dir='ltr'><strong>separabimur</strong></span> 
     </span>
     <span class='ocr_line' id='line_1_65' title="bbox 2526 1522 4485 1607; baseline 0.001 -19"><span class='ocrx_word' id='word_1_457' title='bbox 2526 1543 2634 1607; x_wconf 73' lang='lat' dir='ltr'><strong>eqo</strong></span> <span class='ocrx_word' id='word_1_458' title='bbox 2683 1528 2739 1587; x_wconf 87' lang='lat' dir='ltr'><strong>et</strong></span> <span class='ocrx_word' id='word_1_459' title='bbox 2783 1524 3065 1607; x_wconf 85' lang='lat' dir='ltr'><strong>populus</strong></span> <span class='ocrx_word' id='word_1_460' title='bbox 3120 1529 3267 1589; x_wconf 89' lang='lat' dir='ltr'><strong>tuus</strong></span> <span class='ocrx_word' id='word_1_461' title='bbox 3321 1522 3401 1589; x_wconf 89' lang='lat' dir='ltr'><strong>ab</strong></span> <span class='ocrx_word' id='word_1_462' title='bbox 3459 1523 3632 1588; x_wconf 87' lang='lat' dir='ltr'><strong>omni</strong></span> <span class='ocrx_word' id='word_1_463' title='bbox 3676 1523 3915 1606; x_wconf 84' lang='lat' dir='ltr'><strong>populo</strong></span> <span class='ocrx_word' id='word_1_464' title='bbox 3982 1525 4092 1607; x_wconf 88' lang='lat' dir='ltr'><strong>qui</strong></span> <span class='ocrx_word' id='word_1_465' title='bbox 4150 1528 4240 1589; x_wconf 87' lang='lat' dir='ltr'><strong>est</strong></span> <span class='ocrx_word' id='word_1_466' title='bbox 4290 1544 4485 1605; x_wconf 88' lang='lat' dir='ltr'><strong>super</strong></span> 
     </span>
     <span class='ocr_line' id='line_1_66' title="bbox 2522 1607 4484 1691; baseline 0.002 -18"><span class='ocrx_word' id='word_1_467' title='bbox 2522 1609 2750 1691; x_wconf 78' lang='lat' dir='ltr'><strong>faciem</strong></span> <span class='ocrx_word' id='word_1_468' title='bbox 2825 1609 3081 1675; x_wconf 74' lang='lat' dir='ltr'><strong>terrae?</strong></span> <span class='ocrx_word' id='word_1_469' title='bbox 3202 1609 3301 1675; x_wconf 82' lang='lat'><strong>17.</strong></span> <span class='ocrx_word' id='word_1_470' title='bbox 3368 1608 3457 1674; x_wconf 84' lang='lat' dir='ltr'><strong>Et</strong></span> <span class='ocrx_word' id='word_1_471' title='bbox 3532 1609 3698 1674; x_wconf 73' lang='lat' dir='ltr'><strong>divit</strong></span> <span class='ocrx_word' id='word_1_472' title='bbox 3776 1607 4004 1675; x_wconf 73' lang='lat' dir='ltr'><strong>Iehova</strong></span> <span class='ocrx_word' id='word_1_473' title='bbox 4080 1610 4167 1675; x_wconf 87' lang='lat' dir='ltr'><strong>ad</strong></span> <span class='ocrx_word' id='word_1_474' title='bbox 4233 1609 4484 1676; x_wconf 79' lang='lat' dir='ltr'><strong>Mosen:</strong></span> 
     </span>
     <span class='ocr_line' id='line_1_67' title="bbox 2525 1693 4485 1778; baseline 0.003 -20"><span class='ocrx_word' id='word_1_475' title='bbox 2525 1693 2746 1759; x_wconf 84' lang='lat' dir='ltr'><strong>Etiam</strong></span> <span class='ocrx_word' id='word_1_476' title='bbox 2786 1715 2919 1760; x_wconf 85' lang='lat' dir='ltr'><strong>rem</strong></span> <span class='ocrx_word' id='word_1_477' title='bbox 2958 1695 3119 1761; x_wconf 79' lang='lat' dir='ltr'><strong>hanc</strong></span> <span class='ocrx_word' id='word_1_478' title='bbox 3160 1716 3351 1778; x_wconf 86' lang='lat' dir='ltr'><strong>quam</strong></span> <span class='ocrx_word' id='word_1_479' title='bbox 3394 1695 3617 1760; x_wconf 75' lang='lat' dir='ltr'><strong>dixisti</strong></span> <span class='ocrx_word' id='word_1_480' title='bbox 3655 1695 3928 1777; x_wconf 80' lang='lat' dir='ltr'><strong>faciam.-</strong></span> <span class='ocrx_word' id='word_1_481' title='bbox 3983 1698 4135 1777; x_wconf 86' lang='lat' dir='ltr'><strong>quia</strong></span> <span class='ocrx_word' id='word_1_482' title='bbox 4191 1696 4485 1763; x_wconf 79' lang='lat' dir='ltr'><strong>invenisti</strong></span> 
     </span>
     <span class='ocr_line' id='line_1_68' title="bbox 2523 1780 4484 1865; baseline 0.002 -20"><span class='ocrx_word' id='word_1_483' title='bbox 2523 1780 2800 1865; x_wconf 74' lang='lat' dir='ltr'><strong>qratiam</strong></span> <span class='ocrx_word' id='word_1_484' title='bbox 2832 1783 2902 1846; x_wconf 85' lang='lat' dir='ltr'><strong>in</strong></span> <span class='ocrx_word' id='word_1_485' title='bbox 2937 1781 3132 1847; x_wconf 79' lang='lat' dir='ltr'><strong>oculis</strong></span> <span class='ocrx_word' id='word_1_486' title='bbox 3164 1783 3337 1861; x_wconf 68' lang='lat' dir='ltr'><strong>mei-3,</strong></span> <span class='ocrx_word' id='word_1_487' title='bbox 3374 1786 3427 1846; x_wconf 88' lang='lat' dir='ltr'><strong>et</strong></span> <span class='ocrx_word' id='word_1_488' title='bbox 3460 1781 3603 1846; x_wconf 87' lang='lat' dir='ltr'><strong>novi</strong></span> <span class='ocrx_word' id='word_1_489' title='bbox 3637 1786 3694 1846; x_wconf 87' lang='lat' dir='ltr'><strong>te</strong></span> <span class='ocrx_word' id='word_1_490' title='bbox 3728 1801 3806 1846; x_wconf 79' lang='lat' dir='ltr'><strong>ex</strong></span> <span class='ocrx_word' id='word_1_491' title='bbox 3836 1783 4100 1848; x_wconf 85' lang='lat' dir='ltr'><strong>nomine.</strong></span> <span class='ocrx_word' id='word_1_492' title='bbox 4149 1781 4249 1846; x_wconf 88' lang='grc'><strong>18.</strong></span> <span class='ocrx_word' id='word_1_493' title='bbox 4288 1782 4484 1849; x_wconf 84' lang='lat' dir='ltr'><strong>Adie-</strong></span> 
     </span>
     <span class='ocr_line' id='line_1_69' title="bbox 2524 1865 4486 1950; baseline 0.001 -18"><span class='ocrx_word' id='word_1_494' title='bbox 2524 1867 2752 1949; x_wconf 83' lang='lat' dir='ltr'><strong>citque.-</strong></span> <span class='ocrx_word' id='word_1_495' title='bbox 2816 1865 3080 1933; x_wconf 82' lang='lat' dir='ltr'><strong>Ostende</strong></span> <span class='ocrx_word' id='word_1_496' title='bbox 3121 1867 3280 1932; x_wconf 76' lang='lat' dir='ltr'><strong>mihi</strong></span> <span class='ocrx_word' id='word_1_497' title='bbox 3331 1885 3559 1948; x_wconf 88' lang='lat' dir='ltr'><strong>quaeso</strong></span> <span class='ocrx_word' id='word_1_498' title='bbox 3615 1867 3885 1950; x_wconf 68' lang='lat' dir='ltr'><strong>gloriam</strong></span> <span class='ocrx_word' id='word_1_499' title='bbox 3928 1872 4119 1933; x_wconf 82' lang='lat' dir='ltr'><strong>tuam.</strong></span> <span class='ocrx_word' id='word_1_500' title='bbox 4211 1868 4311 1933; x_wconf 89' lang='lat'><strong>19.</strong></span> <span class='ocrx_word' id='word_1_501' title='bbox 4362 1867 4486 1934; x_wconf 85' lang='lat' dir='ltr'><strong>Cui</strong></span> 
     </span>
     <span class='ocr_line' id='line_1_70' title="bbox 2523 1952 4485 2038; baseline 0.001 -20"><span class='ocrx_word' id='word_1_502' title='bbox 2523 1953 2838 2038; x_wconf 78' lang='lat' dir='ltr'><strong>respondit</strong></span> <span class='ocrx_word' id='word_1_503' title='bbox 2853 1979 2872 2018; x_wconf 92' lang='lat'><strong>.·</strong></span> <span class='ocrx_word' id='word_1_504' title='bbox 2914 1952 3052 2037; x_wconf 75' lang='lat' dir='ltr'><strong>qu</strong></span> <span class='ocrx_word' id='word_1_505' title='bbox 3074 1954 3420 2033; x_wconf 87' lang='lat' dir='ltr'><strong>praeterire</strong></span> <span class='ocrx_word' id='word_1_506' title='bbox 3441 1952 3685 2034; x_wconf 79' lang='lat' dir='ltr'><strong>faciam</strong></span> <span class='ocrx_word' id='word_1_507' title='bbox 3710 1973 3948 2019; x_wconf 82' lang='lat' dir='ltr'><strong>omnem</strong></span> <span class='ocrx_word' id='word_1_508' title='bbox 3976 1954 4248 2020; x_wconf 84' lang='lat' dir='ltr'><strong>decorem</strong></span> <span class='ocrx_word' id='word_1_509' title='bbox 4280 1974 4485 2019; x_wconf 87' lang='lat' dir='ltr'><strong>meum</strong></span> 
     </span>
     <span class='ocr_line' id='line_1_71' title="bbox 2527 2038 4486 2120; baseline 0.001 -17"><span class='ocrx_word' id='word_1_510' title='bbox 2527 2044 2670 2104; x_wconf 84' lang='lat' dir='ltr'><strong>ante</strong></span> <span class='ocrx_word' id='word_1_511' title='bbox 2709 2038 2937 2120; x_wconf 81' lang='lat' dir='ltr'><strong>faciem</strong></span> <span class='ocrx_word' id='word_1_512' title='bbox 2980 2045 3172 2118; x_wconf 86' lang='lat' dir='ltr'><strong>tuam,</strong></span> <span class='ocrx_word' id='word_1_513' title='bbox 3218 2044 3274 2105; x_wconf 90' lang='lat' dir='ltr'><strong>et</strong></span> <span class='ocrx_word' id='word_1_514' title='bbox 3315 2038 3534 2104; x_wconf 87' lang='lat' dir='ltr'><strong>vocabo</strong></span> <span class='ocrx_word' id='word_1_515' title='bbox 3575 2058 3651 2104; x_wconf 72' lang='lat' dir='ltr'><strong>ex</strong></span> <span class='ocrx_word' id='word_1_516' title='bbox 3692 2039 3938 2105; x_wconf 83' lang='lat' dir='ltr'><strong>nomine</strong></span> <span class='ocrx_word' id='word_1_517' title='bbox 3974 2039 4236 2106; x_wconf 77' lang='lat' dir='ltr'><strong>Iekovae</strong></span> <span class='ocrx_word' id='word_1_518' title='bbox 4273 2060 4486 2107; x_wconf 85' lang='lat' dir='ltr'><strong>eoram</strong></span> 
     </span>
     <span class='ocr_line' id='line_1_72' title="bbox 2524 2123 4486 2201; baseline 0 -12"><span class='ocrx_word' id='word_1_519' title='bbox 2524 2130 2613 2189; x_wconf 79' lang='lat' dir='ltr'><strong>te.-</strong></span> <span class='ocrx_word' id='word_1_520' title='bbox 2670 2128 2727 2189; x_wconf 87' lang='lat' dir='ltr'><strong>et</strong></span> <span class='ocrx_word' id='word_1_521' title='bbox 2766 2125 3125 2201; x_wconf 83' lang='lat' dir='ltr'><strong>miserebor,</strong></span> <span class='ocrx_word' id='word_1_522' title='bbox 3185 2125 3369 2190; x_wconf 70' lang='lat' dir='ltr'><strong>maius</strong></span> <span class='ocrx_word' id='word_1_523' title='bbox 3420 2123 3786 2190; x_wconf 84' lang='lat' dir='ltr'><strong>miserebor.-</strong></span> <span class='ocrx_word' id='word_1_524' title='bbox 3845 2131 3901 2190; x_wconf 91' lang='lat' dir='ltr'><strong>et</strong></span> <span class='ocrx_word' id='word_1_525' title='bbox 3951 2126 4212 2191; x_wconf 81' lang='lat' dir='ltr'><strong>clemens</strong></span> <span class='ocrx_word' id='word_1_526' title='bbox 4267 2146 4372 2191; x_wconf 88' lang='lat' dir='ltr'><strong>ero</strong></span> <span class='ocrx_word' id='word_1_527' title='bbox 4414 2127 4486 2190; x_wconf 87' lang='lat' dir='ltr'><strong>in</strong></span> 
     </span>
     <span class='ocr_line' id='line_1_73' title="bbox 2524 2209 4486 2293; baseline 0.001 -18"><span class='ocrx_word' id='word_1_528' title='bbox 2524 2230 2704 2293; x_wconf 85' lang='lat' dir='ltr'><strong>quem</strong></span> <span class='ocrx_word' id='word_1_529' title='bbox 2745 2210 3004 2276; x_wconf 84' lang='lat' dir='ltr'><strong>clemens</strong></span> <span class='ocrx_word' id='word_1_530' title='bbox 3060 2231 3180 2276; x_wconf 88' lang='lat' dir='ltr'><strong>ero.</strong></span> <span class='ocrx_word' id='word_1_531' title='bbox 3271 2210 3375 2276; x_wconf 89' lang='lat'><strong>20.</strong></span> <span class='ocrx_word' id='word_1_532' title='bbox 3433 2209 3623 2274; x_wconf 78' lang='lat' dir='ltr'><strong>Dixit</strong></span> <span class='ocrx_word' id='word_1_533' title='bbox 3652 2216 4016 2292; x_wconf 87' lang='lat' dir='ltr'><strong>praeterea.-</strong></span> <span class='ocrx_word' id='word_1_534' title='bbox 4063 2211 4210 2277; x_wconf 87' lang='lat' dir='ltr'><strong>Non</strong></span> <span class='ocrx_word' id='word_1_535' title='bbox 4240 2211 4486 2293; x_wconf 83' lang='lat' dir='ltr'><strong>poteris</strong></span> 
     </span>
     <span class='ocr_line' id='line_1_74' title="bbox 2523 2296 4488 2378; baseline 0.001 -17"><span class='ocrx_word' id='word_1_536' title='bbox 2523 2297 2732 2361; x_wconf 86' lang='lat' dir='ltr'><strong>videre</strong></span> <span class='ocrx_word' id='word_1_537' title='bbox 2781 2296 3008 2378; x_wconf 80' lang='lat' dir='ltr'><strong>faciem</strong></span> <span class='ocrx_word' id='word_1_538' title='bbox 3064 2316 3299 2362; x_wconf 84' lang='lat' dir='ltr'><strong>meam.-</strong></span> <span class='ocrx_word' id='word_1_539' title='bbox 3357 2296 3511 2377; x_wconf 88' lang='lat' dir='ltr'><strong>quia</strong></span> <span class='ocrx_word' id='word_1_540' title='bbox 3567 2315 3691 2361; x_wconf 86' lang='lat' dir='ltr'><strong>non</strong></span> <span class='ocrx_word' id='word_1_541' title='bbox 3745 2297 3974 2362; x_wconf 85' lang='lat' dir='ltr'><strong>videbit</strong></span> <span class='ocrx_word' id='word_1_542' title='bbox 4020 2317 4118 2362; x_wconf 87' lang='lat' dir='ltr'><strong>me</strong></span> <span class='ocrx_word' id='word_1_543' title='bbox 4170 2296 4377 2373; x_wconf 73' lang='lat' dir='ltr'><strong>homo,</strong></span> <span class='ocrx_word' id='word_1_544' title='bbox 4433 2301 4488 2363; x_wconf 87' lang='lat' dir='ltr'><strong>et</strong></span> 
     </span>
     <span class='ocr_line' id='line_1_75' title="bbox 2524 2381 4487 2465; baseline 0.002 -19"><span class='ocrx_word' id='word_1_545' title='bbox 2524 2384 2697 2447; x_wconf 85' lang='lat' dir='ltr'><strong>vivet.</strong></span> <span class='ocrx_word' id='word_1_546' title='bbox 2787 2381 2893 2448; x_wconf 93' lang='lat'><strong>21.</strong></span> <span class='ocrx_word' id='word_1_547' title='bbox 2955 2381 3151 2448; x_wconf 73' lang='lat' dir='ltr'><strong>Discit</strong></span> <span class='ocrx_word' id='word_1_548' title='bbox 3193 2387 3511 2463; x_wconf 78' lang='lat' dir='ltr'><strong>postremo</strong></span> <span class='ocrx_word' id='word_1_549' title='bbox 3546 2381 3814 2447; x_wconf 77' lang='lat' dir='ltr'><strong>Iehova:</strong></span> <span class='ocrx_word' id='word_1_550' title='bbox 3858 2382 4032 2461; x_wconf 83' lang='lat' dir='ltr'><strong>Ecce,</strong></span> <span class='ocrx_word' id='word_1_551' title='bbox 4088 2383 4257 2449; x_wconf 82' lang='lat' dir='ltr'><strong>locus</strong></span> <span class='ocrx_word' id='word_1_552' title='bbox 4311 2383 4487 2465; x_wconf 82' lang='lat' dir='ltr'><strong>apud</strong></span> 
     </span>
     <span class='ocr_line' id='line_1_76' title="bbox 2526 2466 4488 2552; baseline 0.002 -21"><span class='ocrx_word' id='word_1_553' title='bbox 2526 2487 2650 2545; x_wconf 88' lang='lat' dir='ltr'><strong>me,</strong></span> <span class='ocrx_word' id='word_1_554' title='bbox 2703 2473 2759 2533; x_wconf 84' lang='lat' dir='ltr'><strong>et</strong></span> <span class='ocrx_word' id='word_1_555' title='bbox 2809 2467 3007 2534; x_wconf 81' lang='lat' dir='ltr'><strong>stabis</strong></span> <span class='ocrx_word' id='word_1_556' title='bbox 3058 2486 3260 2550; x_wconf 85' lang='lat' dir='ltr'><strong>supra</strong></span> <span class='ocrx_word' id='word_1_557' title='bbox 3301 2472 3571 2550; x_wconf 87' lang='lat' dir='ltr'><strong>petram.</strong></span> <span class='ocrx_word' id='word_1_558' title='bbox 3670 2467 3774 2532; x_wconf 92' lang='lat'><strong>22.</strong></span> <span class='ocrx_word' id='word_1_559' title='bbox 3833 2466 3985 2533; x_wconf 68' lang='lat' dir='ltr'><strong>Erit</strong></span> <span class='ocrx_word' id='word_1_560' title='bbox 4036 2473 4243 2534; x_wconf 85' lang='lat' dir='ltr'><strong>autem</strong></span> <span class='ocrx_word' id='word_1_561' title='bbox 4294 2489 4488 2552; x_wconf 88' lang='lat' dir='ltr'><strong>quum</strong></span> 
     </span>
     <span class='ocr_line' id='line_1_77' title="bbox 2515 2552 4483 2638; baseline 0.002 -20"><span class='ocrx_word' id='word_1_562' title='bbox 2515 2553 2934 2633; x_wconf 84' lang='lat' dir='ltr'><strong>pertransibit</strong></span> <span class='ocrx_word' id='word_1_563' title='bbox 2970 2552 3175 2638; x_wconf 74' lang='lat' dir='ltr'><strong>qloria</strong></span> <span class='ocrx_word' id='word_1_564' title='bbox 3217 2574 3357 2620; x_wconf 88' lang='lat' dir='ltr'><strong>mea</strong></span> <span class='ocrx_word' id='word_1_565' title='bbox 3370 2604 3387 2634; x_wconf 93' lang='lat'><strong>,</strong></span> <span class='ocrx_word' id='word_1_566' title='bbox 3434 2573 3670 2636; x_wconf 86' lang='lat' dir='ltr'><strong>ponam</strong></span> <span class='ocrx_word' id='word_1_567' title='bbox 3712 2558 3770 2618; x_wconf 90' lang='lat' dir='ltr'><strong>te</strong></span> <span class='ocrx_word' id='word_1_568' title='bbox 3811 2554 3880 2618; x_wconf 90' lang='lat' dir='ltr'><strong>in</strong></span> <span class='ocrx_word' id='word_1_569' title='bbox 3921 2554 4215 2635; x_wconf 83' lang='lat' dir='ltr'><strong>spelunea</strong></span> <span class='ocrx_word' id='word_1_570' title='bbox 4246 2559 4483 2637; x_wconf 82' lang='lat' dir='ltr'><strong>petrae,</strong></span> 
     </span>
     <span class='ocr_line' id='line_1_78' title="bbox 2526 2639 4486 2724; baseline -0.001 -18"><span class='ocrx_word' id='word_1_571' title='bbox 2526 2644 2582 2706; x_wconf 90' lang='lat' dir='ltr'><strong>et</strong></span> <span class='ocrx_word' id='word_1_572' title='bbox 2612 2645 2938 2724; x_wconf 75' lang='lat' dir='ltr'><strong>proteyam</strong></span> <span class='ocrx_word' id='word_1_573' title='bbox 2979 2645 3036 2706; x_wconf 87' lang='lat' dir='ltr'><strong>te</strong></span> <span class='ocrx_word' id='word_1_574' title='bbox 3076 2660 3273 2706; x_wconf 83' lang='lat' dir='ltr'><strong>manu</strong></span> <span class='ocrx_word' id='word_1_575' title='bbox 3310 2660 3453 2706; x_wconf 88' lang='lat' dir='ltr'><strong>mea</strong></span> <span class='ocrx_word' id='word_1_576' title='bbox 3496 2640 3682 2706; x_wconf 88' lang='lat' dir='ltr'><strong>donec</strong></span> <span class='ocrx_word' id='word_1_577' title='bbox 3717 2640 4046 2706; x_wconf 81' lang='lat' dir='ltr'><strong>transiero.</strong></span> <span class='ocrx_word' id='word_1_578' title='bbox 4106 2640 4208 2706; x_wconf 86' lang='lat'><strong>23.</strong></span> <span class='ocrx_word' id='word_1_579' title='bbox 4261 2639 4486 2706; x_wconf 84' lang='lat' dir='ltr'><strong>Postea</strong></span> 
     </span>
     <span class='ocr_line' id='line_1_79' title="bbox 2527 2724 4482 2810; baseline 0 -19"><span class='ocrx_word' id='word_1_580' title='bbox 2527 2726 2835 2792; x_wconf 86' lang='lat' dir='ltr'><strong>removebo</strong></span> <span class='ocrx_word' id='word_1_581' title='bbox 2890 2746 3149 2791; x_wconf 86' lang='lat' dir='ltr'><strong>manum</strong></span> <span class='ocrx_word' id='word_1_582' title='bbox 3200 2746 3406 2792; x_wconf 84' lang='lat' dir='ltr'><strong>meam</strong></span> <span class='ocrx_word' id='word_1_583' title='bbox 3421 2775 3437 2804; x_wconf 90' lang='lat'><em>‚</em></span> <span class='ocrx_word' id='word_1_584' title='bbox 3504 2730 3561 2791; x_wconf 87' lang='lat' dir='ltr'><strong>et</strong></span> <span class='ocrx_word' id='word_1_585' title='bbox 3623 2724 3861 2793; x_wconf 87' lang='lat' dir='ltr'><strong>videbis</strong></span> <span class='ocrx_word' id='word_1_586' title='bbox 3912 2727 4271 2810; x_wconf 83' lang='lat' dir='ltr'><strong>posteriora</strong></span> <span class='ocrx_word' id='word_1_587' title='bbox 4326 2745 4482 2806; x_wconf 87' lang='lat' dir='ltr'><strong>mea,</strong></span> 
     </span>
     <span class='ocr_line' id='line_1_80' title="bbox 2524 2811 3437 2894; baseline -0.002 -16"><span class='ocrx_word' id='word_1_588' title='bbox 2524 2812 2722 2894; x_wconf 81' lang='lat' dir='ltr'><strong>facies</strong></span> <span class='ocrx_word' id='word_1_589' title='bbox 2761 2831 2905 2877; x_wconf 88' lang='lat' dir='ltr'><strong>vero</strong></span> <span class='ocrx_word' id='word_1_590' title='bbox 2947 2832 3064 2877; x_wconf 84' lang='lat' dir='ltr'><strong>non</strong></span> <span class='ocrx_word' id='word_1_591' title='bbox 3107 2811 3437 2878; x_wconf 85' lang='lat' dir='ltr'><strong>videbitur.</strong></span> 
     </span>
    </p>
   </div>
   <div class='ocr_carea' id='block_1_13' title="bbox 2528 2981 4484 3414">
    <p class='ocr_par' dir='ltr' id='par_1_14' title="bbox 2528 2981 4484 3414">
     <span class='ocr_line' id='line_1_81' title="bbox 2701 2981 3860 3051; baseline 0 -3"><span class='ocrx_word' id='word_1_592' title='bbox 2701 2984 2802 3049; x_wconf 93' lang='lat'><strong>12.</strong></span> <span class='ocrx_word' id='word_1_593' title='bbox 2883 2983 3042 3051; x_wconf 85' lang='lat' dir='ltr'><strong>Vide</strong></span> <span class='ocrx_word' id='word_1_594' title='bbox 3083 2987 3150 3048; x_wconf 87' lang='lat' dir='ltr'><strong>tu</strong></span> <span class='ocrx_word' id='word_1_595' title='bbox 3192 2984 3353 3050; x_wconf 82' lang='lat' dir='ltr'><strong>dicis</strong></span> <span class='ocrx_word' id='word_1_596' title='bbox 3410 2981 3604 3049; x_wconf 75' lang='lat' dir='ltr'><strong>mihi.-</strong></span> <span class='ocrx_word' id='word_1_597' title='bbox 3660 2982 3860 3050; x_wconf 88' lang='lat' dir='ltr'><strong>Educ.</strong></span> 
     </span>
     <span class='ocr_line' id='line_1_82' title="bbox 2529 3068 4480 3156; baseline -0.002 -18"><span class='ocrx_word' id='word_1_598' title='bbox 2529 3068 2940 3138; x_wconf 87' lang='lat' dir='ltr'><strong>conciliando</strong></span> <span class='ocrx_word' id='word_1_599' title='bbox 2996 3069 3238 3156; x_wconf 89' lang='lat' dir='ltr'><strong>populo</strong></span> <span class='ocrx_word' id='word_1_600' title='bbox 3294 3069 3537 3154; x_wconf 86' lang='lat' dir='ltr'><strong>satagit</strong></span> <span class='ocrx_word' id='word_1_601' title='bbox 3581 3068 3820 3135; x_wconf 85' lang='lat' dir='ltr'><strong>Moses.</strong></span> <span class='ocrx_word' id='word_1_602' title='bbox 3905 3069 4081 3135; x_wconf 88' lang='lat' dir='ltr'><strong>Nam</strong></span> <span class='ocrx_word' id='word_1_603' title='bbox 4137 3070 4480 3153; x_wconf 88' lang='lat' dir='ltr'><strong>promissio</strong></span> 
     </span>
     <span class='ocr_line' id='line_1_83' title="bbox 2528 3154 4483 3241; baseline -0.001 -20"><span class='ocrx_word' id='word_1_604' title='bbox 2528 3157 2792 3222; x_wconf 86' lang='lat' dir='ltr'><strong>uberior</strong></span> <span class='ocrx_word' id='word_1_605' title='bbox 2834 3176 2953 3241; x_wconf 91' lang='lat' dir='ltr'><strong>per</strong></span> <span class='ocrx_word' id='word_1_606' title='bbox 3010 3156 3207 3221; x_wconf 90' lang='lat' dir='ltr'><strong>antici</strong></span> <span class='ocrx_word' id='word_1_607' title='bbox 3258 3157 3541 3220; x_wconf 90' lang='lat' dir='ltr'><strong>ationem</strong></span> <span class='ocrx_word' id='word_1_608' title='bbox 3599 3155 3847 3220; x_wconf 90' lang='lat' dir='ltr'><strong>inserta</strong></span> <span class='ocrx_word' id='word_1_609' title='bbox 3894 3156 4039 3220; x_wconf 88' lang='lat' dir='ltr'><strong>fuit.</strong></span> <span class='ocrx_word' id='word_1_610' title='bbox 4127 3154 4483 3221; x_wconf 82' lang='lat' dir='ltr'><strong>Caeterum</strong></span> 
     </span>
     <span class='ocr_line' id='line_1_84' title="bbox 2528 3237 4484 3324; baseline -0.002 -16"><span class='ocrx_word' id='word_1_611' title='bbox 2528 3264 2568 3308; x_wconf 92' lang='lat' dir='ltr'><strong>a</strong></span> <span class='ocrx_word' id='word_1_612' title='bbox 2604 3242 2962 3308; x_wconf 87' lang='lat' dir='ltr'><strong>defectione</strong></span> <span class='ocrx_word' id='word_1_613' title='bbox 2997 3242 3168 3307; x_wconf 89' lang='lat' dir='ltr'><strong>nihil</strong></span> <span class='ocrx_word' id='word_1_614' title='bbox 3248 3261 3361 3306; x_wconf 91' lang='lat' dir='ltr'><strong>um</strong></span> <span class='ocrx_word' id='word_1_615' title='bbox 3406 3237 3586 3306; x_wconf 91' lang='lat' dir='ltr'><strong>aliud</strong></span> <span class='ocrx_word' id='word_1_616' title='bbox 3629 3242 4017 3324; x_wconf 87' lang='lat' dir='ltr'><strong>promiserat</strong></span> <span class='ocrx_word' id='word_1_617' title='bbox 4059 3241 4240 3307; x_wconf 90' lang='lat' dir='ltr'><strong>Deus</strong></span> <span class='ocrx_word' id='word_1_618' title='bbox 4284 3261 4484 3324; x_wconf 84' lang='lat' dir='ltr'><strong>quam</strong></span> 
     </span>
     <span class='ocr_line' id='line_1_85' title="bbox 2529 3325 4483 3414; baseline -0.003 -19"><span class='ocrx_word' id='word_1_619' title='bbox 2529 3351 2599 3396; x_wconf 90' lang='lat' dir='ltr'><strong>se</strong></span> <span class='ocrx_word' id='word_1_620' title='bbox 2664 3329 2906 3414; x_wconf 88' lang='lat' dir='ltr'><strong>populo</strong></span> <span class='ocrx_word' id='word_1_621' title='bbox 2975 3337 3219 3394; x_wconf 88' lang='lat' dir='ltr'><strong>terram</strong></span> <span class='ocrx_word' id='word_1_622' title='bbox 3283 3325 3613 3391; x_wconf 85' lang='lat' dir='ltr'><strong>daturum.</strong></span> <span class='ocrx_word' id='word_1_623' title='bbox 3702 3327 3851 3406; x_wconf 77' lang='lat' dir='ltr'><strong>Etsi</strong></span> <span class='ocrx_word' id='word_1_624' title='bbox 3918 3331 4139 3392; x_wconf 90' lang='lat' dir='ltr'><strong>autem</strong></span> <span class='ocrx_word' id='word_1_625' title='bbox 4207 3325 4286 3391; x_wconf 90' lang='lat' dir='ltr'><strong>de</strong></span> <span class='ocrx_word' id='word_1_626' title='bbox 4343 3327 4483 3391; x_wconf 89' lang='lat' dir='ltr'><strong>sola</strong></span> 
     </span>
    </p>
   </div>
   <div class='ocr_carea' id='block_1_14' title="bbox 3949 2983 4483 3049">
    <p class='ocr_par' dir='ltr' id='par_1_15' title="bbox 3949 2983 4483 3049">
     <span class='ocr_line' id='line_1_86' title="bbox 3949 2983 4483 3049; baseline 0.002 -1"><span class='ocrx_word' id='word_1_627' title='bbox 3949 2983 4206 3049; x_wconf 90' lang='lat' dir='ltr'><strong>Iterum</strong></span> <span class='ocrx_word' id='word_1_628' title='bbox 4255 2983 4334 3048; x_wconf 88' lang='lat' dir='ltr'><strong>de</strong></span> <span class='ocrx_word' id='word_1_629' title='bbox 4379 3004 4483 3049; x_wconf 91' lang='lat' dir='ltr'><strong>re-</strong></span> 
     </span>
    </p>
   </div>
   <div class='ocr_carea' id='block_1_15' title="bbox 2531 3411 4588 3497">
    <p class='ocr_par' dir='ltr' id='par_1_16' title="bbox 2531 3411 4588 3497">
     <span class='ocr_line' id='line_1_87' title="bbox 2531 3411 4588 3497; baseline -0.002 -17"><span class='ocrx_word' id='word_1_630' title='bbox 2531 3426 2745 3480; x_wconf 88' lang='lat' dir='ltr'><strong>terrae</strong></span> <span class='ocrx_word' id='word_1_631' title='bbox 2796 3413 3205 3497; x_wconf 88' lang='lat' dir='ltr'><strong>possessione</strong></span> <span class='ocrx_word' id='word_1_632' title='bbox 3262 3411 3572 3478; x_wconf 84' lang='lat' dir='ltr'><strong>certiores</strong></span> <span class='ocrx_word' id='word_1_633' title='bbox 3637 3411 3909 3479; x_wconf 89' lang='lat' dir='ltr'><strong>reddere</strong></span> <span class='ocrx_word' id='word_1_634' title='bbox 3968 3412 4233 3493; x_wconf 87' lang='lat' dir='ltr'><strong>volens,</strong></span> <span class='ocrx_word' id='word_1_635' title='bbox 4300 3411 4482 3477; x_wconf 87' lang='lat' dir='ltr'><strong>addi·</strong></span> <span class='ocrx_word' id='word_1_636' title='bbox 4581 3442 4588 3449; x_wconf 90' lang='lat'><strong>·</strong></span> 
     </span>
    </p>
   </div>
   <div class='ocr_carea' id='block_1_16' title="bbox 2527 3497 4485 5477">
    <p class='ocr_par' dir='ltr' id='par_1_17' title="bbox 2527 3497 4485 5477">
     <span class='ocr_line' id='line_1_88' title="bbox 2529 3497 4483 3585; baseline -0.001 -19"><span class='ocrx_word' id='word_1_637' title='bbox 2529 3501 2716 3567; x_wconf 86' lang='lat' dir='ltr'><strong>derat</strong></span> <span class='ocrx_word' id='word_1_638' title='bbox 2758 3500 3068 3585; x_wconf 87' lang='lat' dir='ltr'><strong>angelum</strong></span> <span class='ocrx_word' id='word_1_639' title='bbox 3107 3500 3246 3565; x_wconf 89' lang='lat' dir='ltr'><strong>fore</strong></span> <span class='ocrx_word' id='word_1_640' title='bbox 3281 3497 3544 3565; x_wconf 89' lang='lat' dir='ltr'><strong>ducem:</strong></span> <span class='ocrx_word' id='word_1_641' title='bbox 3591 3498 3717 3564; x_wconf 86' lang='lat' dir='ltr'><strong>hoe</strong></span> <span class='ocrx_word' id='word_1_642' title='bbox 3762 3506 3982 3565; x_wconf 89' lang='lat' dir='ltr'><strong>tamen</strong></span> <span class='ocrx_word' id='word_1_643' title='bbox 4018 3499 4284 3564; x_wconf 91' lang='lat' dir='ltr'><strong>nonnisi</strong></span> <span class='ocrx_word' id='word_1_644' title='bbox 4320 3506 4483 3564; x_wconf 88' lang='lat' dir='ltr'><strong>tem-</strong></span> 
     </span>
     <span class='ocr_line' id='line_1_89' title="bbox 2529 3582 4483 3672; baseline -0.002 -20"><span class='ocrx_word' id='word_1_645' title='bbox 2529 3587 2752 3672; x_wconf 89' lang='lat' dir='ltr'><strong>porale</strong></span> <span class='ocrx_word' id='word_1_646' title='bbox 2787 3594 2930 3652; x_wconf 87' lang='lat' dir='ltr'><strong>erat</strong></span> <span class='ocrx_word' id='word_1_647' title='bbox 2972 3585 3378 3665; x_wconf 88' lang='lat' dir='ltr'><strong>beneficium,</strong></span> <span class='ocrx_word' id='word_1_648' title='bbox 3424 3592 3490 3650; x_wconf 88' lang='lat' dir='ltr'><strong>et</strong></span> <span class='ocrx_word' id='word_1_649' title='bbox 3524 3582 3694 3667; x_wconf 91' lang='lat' dir='ltr'><strong>quod</strong></span> <span class='ocrx_word' id='word_1_650' title='bbox 3741 3584 4107 3668; x_wconf 89' lang='lat' dir='ltr'><strong>promiscue</strong></span> <span class='ocrx_word' id='word_1_651' title='bbox 4137 3583 4282 3650; x_wconf 91' lang='lat' dir='ltr'><strong>aliis</strong></span> <span class='ocrx_word' id='word_1_652' title='bbox 4324 3603 4483 3667; x_wconf 90' lang='lat' dir='ltr'><strong>quo-</strong></span> 
     </span>
     <span class='ocr_line' id='line_1_90' title="bbox 2528 3668 4484 3757; baseline -0.002 -19"><span class='ocrx_word' id='word_1_653' title='bbox 2528 3695 2654 3757; x_wconf 91' lang='lat' dir='ltr'><strong>que</strong></span> <span class='ocrx_word' id='word_1_654' title='bbox 2698 3671 3003 3757; x_wconf 88' lang='lat' dir='ltr'><strong>gentibus</strong></span> <span class='ocrx_word' id='word_1_655' title='bbox 3061 3672 3361 3739; x_wconf 88' lang='lat' dir='ltr'><strong>conferre</strong></span> <span class='ocrx_word' id='word_1_656' title='bbox 3415 3671 3599 3737; x_wconf 88' lang='lat' dir='ltr'><strong>solet.</strong></span> <span class='ocrx_word' id='word_1_657' title='bbox 3679 3668 3785 3736; x_wconf 89' lang='lat' dir='ltr'><strong>Ita</strong></span> <span class='ocrx_word' id='word_1_658' title='bbox 3828 3669 4093 3736; x_wconf 84' lang='lat' dir='ltr'><strong>videbat</strong></span> <span class='ocrx_word' id='word_1_659' title='bbox 4149 3670 4369 3736; x_wconf 85' lang='lat' dir='ltr'><strong>Moses</strong></span> <span class='ocrx_word' id='word_1_660' title='bbox 4411 3691 4484 3736; x_wconf 92' lang='lat' dir='ltr'><strong>se</strong></span> 
     </span>
     <span class='ocr_line' id='line_1_91' title="bbox 2527 3755 4483 3843; baseline -0.003 -19"><span class='ocrx_word' id='word_1_661' title='bbox 2527 3769 2592 3825; x_wconf 90' lang='lat' dir='ltr'><strong>et</strong></span> <span class='ocrx_word' id='word_1_662' title='bbox 2635 3758 2949 3843; x_wconf 90' lang='lat' dir='ltr'><strong>populum</strong></span> <span class='ocrx_word' id='word_1_663' title='bbox 2995 3758 3317 3843; x_wconf 85' lang='lat' dir='ltr'><strong>singulari</strong></span> <span class='ocrx_word' id='word_1_664' title='bbox 3361 3756 3532 3822; x_wconf 90' lang='lat' dir='ltr'><strong>bono</strong></span> <span class='ocrx_word' id='word_1_665' title='bbox 3576 3756 3840 3840; x_wconf 87' lang='lat' dir='ltr'><strong>privari,</strong></span> <span class='ocrx_word' id='word_1_666' title='bbox 3885 3778 4015 3840; x_wconf 93' lang='lat' dir='ltr'><strong>quo</strong></span> <span class='ocrx_word' id='word_1_667' title='bbox 4058 3765 4253 3821; x_wconf 90' lang='lat' dir='ltr'><strong>antea</strong></span> <span class='ocrx_word' id='word_1_668' title='bbox 4294 3755 4483 3839; x_wconf 91' lang='lat' dir='ltr'><strong>potiti</strong></span> 
     </span>
     <span class='ocr_line' id='line_1_92' title="bbox 2527 3842 4481 3927; baseline -0.001 -18"><span class='ocrx_word' id='word_1_669' title='bbox 2527 3847 2801 3911; x_wconf 86' lang='lat' dir='ltr'><strong>fuerant.</strong></span> <span class='ocrx_word' id='word_1_670' title='bbox 2892 3843 3079 3912; x_wconf 91' lang='lat' dir='ltr'><strong>Idem</strong></span> <span class='ocrx_word' id='word_1_671' title='bbox 3136 3845 3312 3909; x_wconf 93' lang='lat' dir='ltr'><strong>enim</strong></span> <span class='ocrx_word' id='word_1_672' title='bbox 3370 3844 3486 3909; x_wconf 91' lang='lat' dir='ltr'><strong>ille</strong></span> <span class='ocrx_word' id='word_1_673' title='bbox 3544 3842 3816 3927; x_wconf 87' lang='lat' dir='ltr'><strong>angelus</strong></span> <span class='ocrx_word' id='word_1_674' title='bbox 3886 3843 3994 3926; x_wconf 86' lang='lat' dir='ltr'><strong>qui</strong></span> <span class='ocrx_word' id='word_1_675' title='bbox 4058 3842 4236 3925; x_wconf 90' lang='lat' dir='ltr'><strong>ipsos</strong></span> <span class='ocrx_word' id='word_1_676' title='bbox 4291 3863 4481 3926; x_wconf 90' lang='lat' dir='ltr'><strong>prae-</strong></span> 
     </span>
     <span class='ocr_line' id='line_1_93' title="bbox 2527 3929 4481 4015; baseline -0.003 -17"><span class='ocrx_word' id='word_1_677' title='bbox 2527 3939 2848 4010; x_wconf 87' lang='lat' dir='ltr'><strong>cesserat,</strong></span> <span class='ocrx_word' id='word_1_678' title='bbox 2892 3931 3153 4015; x_wconf 88' lang='lat' dir='ltr'><strong>saepius</strong></span> <span class='ocrx_word' id='word_1_679' title='bbox 3200 3938 3469 3996; x_wconf 86' lang='lat' dir='ltr'><strong>vocatus</strong></span> <span class='ocrx_word' id='word_1_680' title='bbox 3521 3929 3652 3995; x_wconf 84' lang='lat' dir='ltr'><strong>fuit</strong></span> <span class='ocrx_word' id='word_1_681' title='bbox 3697 3929 3879 3995; x_wconf 90' lang='lat' dir='ltr'><strong>Deus</strong></span> <span class='ocrx_word' id='word_1_682' title='bbox 3923 3929 4360 4008; x_wconf 87' lang='lat' dir='ltr'><strong>exercituum,</strong></span> <span class='ocrx_word' id='word_1_683' title='bbox 4403 3935 4481 3993; x_wconf 88' lang='lat' dir='ltr'><strong>ut</strong></span> 
     </span>
     <span class='ocr_line' id='line_1_94' title="bbox 2528 4013 4480 4101; baseline -0.002 -19"><span class='ocrx_word' id='word_1_684' title='bbox 2528 4018 2849 4083; x_wconf 87' lang='lat' dir='ltr'><strong>sentirent</strong></span> <span class='ocrx_word' id='word_1_685' title='bbox 2883 4018 3100 4083; x_wconf 91' lang='lat' dir='ltr'><strong>Deum</strong></span> <span class='ocrx_word' id='word_1_686' title='bbox 3140 4015 3455 4101; x_wconf 88' lang='lat' dir='ltr'><strong>peculiari</strong></span> <span class='ocrx_word' id='word_1_687' title='bbox 3489 4013 3681 4081; x_wconf 91' lang='lat' dir='ltr'><strong>modo</strong></span> <span class='ocrx_word' id='word_1_688' title='bbox 3709 4013 3833 4080; x_wconf 90' lang='lat' dir='ltr'><strong>sibi</strong></span> <span class='ocrx_word' id='word_1_689' title='bbox 3869 4035 4010 4081; x_wconf 90' lang='lat' dir='ltr'><strong>esse</strong></span> <span class='ocrx_word' id='word_1_690' title='bbox 4046 4022 4480 4100; x_wconf 85' lang='lat' dir='ltr'><strong>praesentem.</strong></span> 
     </span>
     <span class='ocr_line' id='line_1_95' title="bbox 2529 4100 4484 4188; baseline -0.003 -19"><span class='ocrx_word' id='word_1_691' title='bbox 2529 4103 2764 4188; x_wconf 90' lang='lat' dir='ltr'><strong>Itaque</strong></span> <span class='ocrx_word' id='word_1_692' title='bbox 2824 4124 2955 4169; x_wconf 91' lang='lat' dir='ltr'><strong>non</strong></span> <span class='ocrx_word' id='word_1_693' title='bbox 3012 4104 3128 4169; x_wconf 91' lang='lat' dir='ltr'><strong>abs</strong></span> <span class='ocrx_word' id='word_1_694' title='bbox 3184 4124 3256 4169; x_wconf 97' lang='lat' dir='ltr'><strong>re</strong></span> <span class='ocrx_word' id='word_1_695' title='bbox 3314 4102 3737 4186; x_wconf 88' lang='lat' dir='ltr'><strong>conqueritur</strong></span> <span class='ocrx_word' id='word_1_696' title='bbox 3791 4101 4016 4167; x_wconf 85' lang='lat' dir='ltr'><strong>Moses</strong></span> <span class='ocrx_word' id='word_1_697' title='bbox 4072 4100 4290 4166; x_wconf 91' lang='lat' dir='ltr'><strong>Deum</strong></span> <span class='ocrx_word' id='word_1_698' title='bbox 4347 4121 4484 4166; x_wconf 92' lang='lat' dir='ltr'><strong>non</strong></span> 
     </span>
     <span class='ocr_line' id='line_1_96' title="bbox 2528 4185 4484 4273; baseline -0.002 -19"><span class='ocrx_word' id='word_1_699' title='bbox 2528 4190 2851 4256; x_wconf 87' lang='lat' dir='ltr'><strong>indicasse</strong></span> <span class='ocrx_word' id='word_1_700' title='bbox 2908 4210 3103 4273; x_wconf 87' lang='lat' dir='ltr'><strong>quem</strong></span> <span class='ocrx_word' id='word_1_701' title='bbox 3161 4189 3485 4254; x_wconf 89' lang='lat' dir='ltr'><strong>missurus</strong></span> <span class='ocrx_word' id='word_1_702' title='bbox 3553 4188 3668 4252; x_wconf 89' lang='lat' dir='ltr'><strong>sit:</strong></span> <span class='ocrx_word' id='word_1_703' title='bbox 3726 4188 3877 4269; x_wconf 88' lang='lat' dir='ltr'><strong>quia</strong></span> <span class='ocrx_word' id='word_1_704' title='bbox 3941 4185 4337 4271; x_wconf 88' lang='lat' dir='ltr'><strong>generaliter</strong></span> <span class='ocrx_word' id='word_1_705' title='bbox 4403 4185 4484 4251; x_wconf 90' lang='lat' dir='ltr'><strong>de</strong></span> 
     </span>
     <span class='ocr_line' id='line_1_97' title="bbox 2531 4270 4485 4360; baseline -0.002 -20"><span class='ocrx_word' id='word_1_706' title='bbox 2531 4275 2763 4358; x_wconf 83' lang='lat' dir='ltr'><strong>angelo</strong></span> <span class='ocrx_word' id='word_1_707' title='bbox 2813 4276 3104 4360; x_wconf 89' lang='lat' dir='ltr'><strong>quolibet</strong></span> <span class='ocrx_word' id='word_1_708' title='bbox 3148 4274 3487 4358; x_wconf 90' lang='lat' dir='ltr'><strong>loquendo,</strong></span> <span class='ocrx_word' id='word_1_709' title='bbox 3534 4273 3799 4339; x_wconf 89' lang='lat' dir='ltr'><strong>unicum</strong></span> <span class='ocrx_word' id='word_1_710' title='bbox 3843 4272 4031 4338; x_wconf 92' lang='lat' dir='ltr'><strong>illum</strong></span> <span class='ocrx_word' id='word_1_711' title='bbox 4069 4270 4485 4337; x_wconf 89' lang='lat' dir='ltr'><strong>liberatorem</strong></span> 
     </span>
     <span class='ocr_line' id='line_1_98' title="bbox 2528 4356 4483 4446; baseline -0.002 -21"><span class='ocrx_word' id='word_1_712' title='bbox 2528 4361 2751 4446; x_wconf 91' lang='lat' dir='ltr'><strong>populi</strong></span> <span class='ocrx_word' id='word_1_713' title='bbox 2795 4360 3159 4445; x_wconf 89' lang='lat' dir='ltr'><strong>praesidem</strong></span> <span class='ocrx_word' id='word_1_714' title='bbox 3205 4368 3272 4425; x_wconf 88' lang='lat' dir='ltr'><strong>et</strong></span> <span class='ocrx_word' id='word_1_715' title='bbox 3298 4356 3631 4424; x_wconf 90' lang='lat' dir='ltr'><strong>custodem</strong></span> <span class='ocrx_word' id='word_1_716' title='bbox 3667 4367 4020 4442; x_wconf 88' lang='lat' dir='ltr'><strong>perpetuae</strong></span> <span class='ocrx_word' id='word_1_717' title='bbox 4060 4357 4290 4423; x_wconf 91' lang='lat' dir='ltr'><strong>salutis</strong></span> <span class='ocrx_word' id='word_1_718' title='bbox 4335 4356 4483 4423; x_wconf 89' lang='lat' dir='ltr'><strong>abs-</strong></span> 
     </span>
     <span class='ocr_line' id='line_1_99' title="bbox 2529 4443 4479 4531; baseline -0.003 -19"><span class='ocrx_word' id='word_1_719' title='bbox 2529 4447 2787 4514; x_wconf 88' lang='lat' dir='ltr'><strong>tulerat.</strong></span> <span class='ocrx_word' id='word_1_720' title='bbox 2885 4446 3034 4511; x_wconf 91' lang='lat' dir='ltr'><strong>Non</strong></span> <span class='ocrx_word' id='word_1_721' title='bbox 3100 4446 3305 4531; x_wconf 88' lang='lat' dir='ltr'><strong>igitur</strong></span> <span class='ocrx_word' id='word_1_722' title='bbox 3362 4444 3743 4510; x_wconf 86' lang='lat' dir='ltr'><strong>Aharonem</strong></span> <span class='ocrx_word' id='word_1_723' title='bbox 3816 4444 3940 4510; x_wconf 90' lang='lat' dir='ltr'><strong>sibi</strong></span> <span class='ocrx_word' id='word_1_724' title='bbox 3999 4443 4165 4527; x_wconf 89' lang='lat' dir='ltr'><strong>petit</strong></span> <span class='ocrx_word' id='word_1_725' title='bbox 4204 4444 4479 4521; x_wconf 89' lang='lat' dir='ltr'><strong>restitui,</strong></span> 
     </span>
     <span class='ocr_line' id='line_1_100' title="bbox 2531 4529 4479 4616; baseline -0.003 -17"><span class='ocrx_word' id='word_1_726' title='bbox 2531 4533 2633 4599; x_wconf 84' lang='lat' dir='ltr'><strong>vel</strong></span> <span class='ocrx_word' id='word_1_727' title='bbox 2701 4533 3072 4616; x_wconf 88' lang='lat' dir='ltr'><strong>quempiam</strong></span> <span class='ocrx_word' id='word_1_728' title='bbox 3139 4531 3411 4616; x_wconf 88' lang='lat' dir='ltr'><strong>adiungi</strong></span> <span class='ocrx_word' id='word_1_729' title='bbox 3475 4529 3716 4596; x_wconf 88' lang='lat' dir='ltr'><strong>laboris</strong></span> <span class='ocrx_word' id='word_1_730' title='bbox 3781 4529 4029 4596; x_wconf 92' lang='lat' dir='ltr'><strong>socium</strong></span> <span class='ocrx_word' id='word_1_731' title='bbox 4088 4531 4160 4595; x_wconf 90' lang='lat' dir='ltr'><strong>in</strong></span> <span class='ocrx_word' id='word_1_732' title='bbox 4214 4529 4479 4613; x_wconf 86' lang='lat' dir='ltr'><strong>negotio</strong></span> 
     </span>
     <span class='ocr_line' id='line_1_101' title="bbox 2531 4615 4480 4697; baseline -0.003 -12"><span class='ocrx_word' id='word_1_733' title='bbox 2531 4617 2783 4685; x_wconf 88' lang='lat' dir='ltr'><strong>difficili</strong></span> <span class='ocrx_word' id='word_1_734' title='bbox 2847 4627 2914 4683; x_wconf 88' lang='lat' dir='ltr'><strong>et</strong></span> <span class='ocrx_word' id='word_1_735' title='bbox 2994 4616 3231 4685; x_wconf 88' lang='lat' dir='ltr'><strong>arduo:</strong></span> <span class='ocrx_word' id='word_1_736' title='bbox 3312 4617 3428 4683; x_wconf 90' lang='lat' dir='ltr'><strong>sed</strong></span> <span class='ocrx_word' id='word_1_737' title='bbox 3494 4615 3573 4682; x_wconf 90' lang='lat' dir='ltr'><strong>de</strong></span> <span class='ocrx_word' id='word_1_738' title='bbox 3638 4616 3951 4683; x_wconf 87' lang='lat' dir='ltr'><strong>continua</strong></span> <span class='ocrx_word' id='word_1_739' title='bbox 4014 4616 4181 4682; x_wconf 90' lang='lat' dir='ltr'><strong>serie</strong></span> <span class='ocrx_word' id='word_1_740' title='bbox 4246 4615 4480 4697; x_wconf 90' lang='lat' dir='ltr'><strong>prioris</strong></span> 
     </span>
     <span class='ocr_line' id='line_1_102' title="bbox 2528 4698 4481 4790; baseline -0.004 -19"><span class='ocrx_word' id='word_1_741' title='bbox 2528 4706 2779 4790; x_wconf 86' lang='lat' dir='ltr'><strong>gratiae</strong></span> <span class='ocrx_word' id='word_1_742' title='bbox 2859 4704 3098 4770; x_wconf 87' lang='lat' dir='ltr'><strong>certior</strong></span> <span class='ocrx_word' id='word_1_743' title='bbox 3174 4705 3316 4769; x_wconf 86' lang='lat' dir='ltr'><strong>fieri</strong></span> <span class='ocrx_word' id='word_1_744' title='bbox 3373 4703 3573 4786; x_wconf 90' lang='lat' dir='ltr'><strong>cupit.</strong></span> <span class='ocrx_word' id='word_1_745' title='bbox 3661 4702 3869 4769; x_wconf 87' lang='lat' dir='ltr'><strong>Porro</strong></span> <span class='ocrx_word' id='word_1_746' title='bbox 3941 4701 4022 4768; x_wconf 89' lang='lat' dir='ltr'><strong>ad</strong></span> <span class='ocrx_word' id='word_1_747' title='bbox 4086 4698 4481 4785; x_wconf 89' lang='lat' dir='ltr'><strong>impetrandi</strong></span> 
     </span>
     <span class='ocr_line' id='line_1_103' title="bbox 2529 4786 4481 4873; baseline -0.003 -17"><span class='ocrx_word' id='word_1_748' title='bbox 2529 4792 2837 4859; x_wconf 89' lang='lat' dir='ltr'><strong>fiduciam</strong></span> <span class='ocrx_word' id='word_1_749' title='bbox 2898 4810 3032 4856; x_wconf 93' lang='lat' dir='ltr'><strong>non</strong></span> <span class='ocrx_word' id='word_1_750' title='bbox 3089 4788 3268 4855; x_wconf 90' lang='lat' dir='ltr'><strong>aliud</strong></span> <span class='ocrx_word' id='word_1_751' title='bbox 3320 4790 3568 4873; x_wconf 87' lang='lat' dir='ltr'><strong>profert</strong></span> <span class='ocrx_word' id='word_1_752' title='bbox 3617 4788 3685 4854; x_wconf 91' lang='lat' dir='ltr'><strong>in</strong></span> <span class='ocrx_word' id='word_1_753' title='bbox 3757 4788 4043 4854; x_wconf 90' lang='lat' dir='ltr'><strong>medium</strong></span> <span class='ocrx_word' id='word_1_754' title='bbox 4104 4807 4297 4871; x_wconf 90' lang='lat' dir='ltr'><strong>quam</strong></span> <span class='ocrx_word' id='word_1_755' title='bbox 4351 4786 4481 4851; x_wconf 90' lang='lat' dir='ltr'><strong>Dei</strong></span> 
     </span>
     <span class='ocr_line' id='line_1_104' title="bbox 2528 4870 4479 4961; baseline -0.004 -18"><span class='ocrx_word' id='word_1_756' title='bbox 2528 4878 3015 4961; x_wconf 89' lang='lat' dir='ltr'><strong>promissiones.</strong></span> <span class='ocrx_word' id='word_1_757' title='bbox 3076 4875 3277 4942; x_wconf 92' lang='lat' dir='ltr'><strong>Nulla</strong></span> <span class='ocrx_word' id='word_1_758' title='bbox 3311 4876 3518 4960; x_wconf 89' lang='lat' dir='ltr'><strong>igitur</strong></span> <span class='ocrx_word' id='word_1_759' title='bbox 3553 4877 3820 4960; x_wconf 91' lang='lat' dir='ltr'><strong>propria</strong></span> <span class='ocrx_word' id='word_1_760' title='bbox 3860 4874 4182 4958; x_wconf 88' lang='lat' dir='ltr'><strong>dignitate</strong></span> <span class='ocrx_word' id='word_1_761' title='bbox 4227 4870 4479 4952; x_wconf 88' lang='lat' dir='ltr'><strong>nititur,</strong></span> 
     </span>
     <span class='ocr_line' id='line_1_105' title="bbox 2527 4959 4482 5046; baseline -0.004 -17"><span class='ocrx_word' id='word_1_762' title='bbox 2527 4984 2651 5029; x_wconf 89' lang='lat' dir='ltr'><strong>nec</strong></span> <span class='ocrx_word' id='word_1_763' title='bbox 2686 4963 2899 5030; x_wconf 87' lang='lat' dir='ltr'><strong>officia</strong></span> <span class='ocrx_word' id='word_1_764' title='bbox 2941 4963 3078 5030; x_wconf 90' lang='lat' dir='ltr'><strong>ulla</strong></span> <span class='ocrx_word' id='word_1_765' title='bbox 3117 4962 3337 5029; x_wconf 89' lang='lat' dir='ltr'><strong>obiicit</strong></span> <span class='ocrx_word' id='word_1_766' title='bbox 3381 4962 3618 5045; x_wconf 89' lang='lat' dir='ltr'><strong>quibus</strong></span> <span class='ocrx_word' id='word_1_767' title='bbox 3653 4962 4048 5046; x_wconf 87' lang='lat' dir='ltr'><strong>promeritus</strong></span> <span class='ocrx_word' id='word_1_768' title='bbox 4091 4959 4178 5023; x_wconf 89' lang='lat' dir='ltr'><strong>sit</strong></span> <span class='ocrx_word' id='word_1_769' title='bbox 4222 4964 4482 5023; x_wconf 84' lang='lat' dir='ltr'><strong>tantum</strong></span> 
     </span>
     <span class='ocr_line' id='line_1_106' title="bbox 2528 5044 4480 5127; baseline -0.003 -13"><span class='ocrx_word' id='word_1_770' title='bbox 2528 5048 2853 5127; x_wconf 84' lang='lat' dir='ltr'><strong>favorem,</strong></span> <span class='ocrx_word' id='word_1_771' title='bbox 2921 5050 3037 5116; x_wconf 82' lang='lat' dir='ltr'><strong>sed</strong></span> <span class='ocrx_word' id='word_1_772' title='bbox 3095 5050 3218 5115; x_wconf 89' lang='lat' dir='ltr'><strong>hae</strong></span> <span class='ocrx_word' id='word_1_773' title='bbox 3275 5068 3538 5115; x_wconf 90' lang='lat' dir='ltr'><strong>summa</strong></span> <span class='ocrx_word' id='word_1_774' title='bbox 3596 5055 3941 5113; x_wconf 90' lang='lat' dir='ltr'><strong>contentus</strong></span> <span class='ocrx_word' id='word_1_775' title='bbox 3997 5051 4125 5110; x_wconf 87' lang='lat' dir='ltr'><strong>est:</strong></span> <span class='ocrx_word' id='word_1_776' title='bbox 4193 5044 4480 5109; x_wconf 90' lang='lat' dir='ltr'><strong>Domine</strong></span> 
     </span>
     <span class='ocr_line' id='line_1_107' title="bbox 2528 5127 4482 5221; baseline -0.003 -21"><span class='ocrx_word' id='word_1_777' title='bbox 2528 5136 2659 5215; x_wconf 82' lang='lat' dir='ltr'><strong>fac,</strong></span> <span class='ocrx_word' id='word_1_778' title='bbox 2703 5143 2778 5200; x_wconf 89' lang='lat' dir='ltr'><strong>ut</strong></span> <span class='ocrx_word' id='word_1_779' title='bbox 2842 5137 3062 5202; x_wconf 86' lang='lat' dir='ltr'><strong>verbis</strong></span> <span class='ocrx_word' id='word_1_780' title='bbox 3126 5137 3259 5202; x_wconf 87' lang='lat' dir='ltr'><strong>tuis</strong></span> <span class='ocrx_word' id='word_1_781' title='bbox 3325 5133 3720 5218; x_wconf 89' lang='lat' dir='ltr'><strong>respondeat</strong></span> <span class='ocrx_word' id='word_1_782' title='bbox 3787 5138 4079 5197; x_wconf 85' lang='lat' dir='ltr'><strong>eventus.</strong></span> <span class='ocrx_word' id='word_1_783' title='bbox 4158 5127 4334 5210; x_wconf 78' lang='lat' dir='ltr'><strong>Quid</strong></span> <span class='ocrx_word' id='word_1_784' title='bbox 4375 5131 4482 5221; x_wconf 53' lang='lat' dir='ltr'><strong>³sit</strong></span> 
     </span>
     <span class='ocr_line' id='line_1_108' title="bbox 2530 5216 4479 5304; baseline -0.004 -17"><span class='ocrx_word' id='word_1_785' title='bbox 2530 5241 2916 5304; x_wconf 90' lang='lat' dir='ltr'><strong>cognoscere</strong></span> <span class='ocrx_word' id='word_1_786' title='bbox 2966 5242 3048 5286; x_wconf 88' lang='lat' dir='ltr'><strong>ex</strong></span> <span class='ocrx_word' id='word_1_787' title='bbox 3097 5222 3375 5299; x_wconf 90' lang='lat' dir='ltr'><strong>nomine,</strong></span> <span class='ocrx_word' id='word_1_788' title='bbox 3418 5221 3551 5284; x_wconf 90' lang='lat' dir='ltr'><strong>iam</strong></span> <span class='ocrx_word' id='word_1_789' title='bbox 3587 5226 3739 5283; x_wconf 90' lang='lat' dir='ltr'><strong>ante</strong></span> <span class='ocrx_word' id='word_1_790' title='bbox 3782 5216 4027 5281; x_wconf 87' lang='lat' dir='ltr'><strong>dictum</strong></span> <span class='ocrx_word' id='word_1_791' title='bbox 4072 5223 4197 5281; x_wconf 88' lang='lat' dir='ltr'><strong>est:</strong></span> <span class='ocrx_word' id='word_1_792' title='bbox 4242 5236 4479 5300; x_wconf 89' lang='lat' dir='ltr'><strong>nempe</strong></span> 
     </span>
     <span class='ocr_line' id='line_1_109' title="bbox 2533 5300 4474 5391; baseline -0.002 -20"><span class='ocrx_word' id='word_1_793' title='bbox 2533 5306 2819 5391; x_wconf 88' lang='lat' dir='ltr'><strong>deligere</strong></span> <span class='ocrx_word' id='word_1_794' title='bbox 2864 5329 2944 5371; x_wconf 87' lang='lat' dir='ltr'><strong>ex</strong></span> <span class='ocrx_word' id='word_1_795' title='bbox 2992 5307 3269 5373; x_wconf 89' lang='lat' dir='ltr'><strong>aliorum</strong></span> <span class='ocrx_word' id='word_1_796' title='bbox 3332 5324 3643 5380; x_wconf 88' lang='lat' dir='ltr'><strong>numero,</strong></span> <span class='ocrx_word' id='word_1_797' title='bbox 3702 5301 3811 5369; x_wconf 84' lang='lat' dir='ltr'><strong>vel</strong></span> <span class='ocrx_word' id='word_1_798' title='bbox 3855 5301 4167 5368; x_wconf 90' lang='lat' dir='ltr'><strong>eximium</strong></span> <span class='ocrx_word' id='word_1_799' title='bbox 4214 5300 4474 5367; x_wconf 91' lang='lat' dir='ltr'><strong>habere.</strong></span> 
     </span>
     <span class='ocr_line' id='line_1_110' title="bbox 2531 5387 4474 5477; baseline -0.002 -20"><span class='ocrx_word' id='word_1_800' title='bbox 2531 5392 2886 5477; x_wconf 86' lang='lat' dir='ltr'><strong>Postquam</strong></span> <span class='ocrx_word' id='word_1_801' title='bbox 2958 5415 3113 5460; x_wconf 83' lang='lat' dir='ltr'><strong>vero</strong></span> <span class='ocrx_word' id='word_1_802' title='bbox 3173 5392 3472 5457; x_wconf 81' lang='lat' dir='ltr'><strong>recitavit</strong></span> <span class='ocrx_word' id='word_1_803' title='bbox 3535 5390 3756 5455; x_wconf 85' lang='lat' dir='ltr'><strong>Moses</strong></span> <span class='ocrx_word' id='word_1_804' title='bbox 3810 5387 3984 5471; x_wconf 93' lang='lat' dir='ltr'><strong>quod</strong></span> <span class='ocrx_word' id='word_1_805' title='bbox 4038 5409 4078 5453; x_wconf 87' lang='lat' dir='ltr'><strong>a</strong></span> <span class='ocrx_word' id='word_1_806' title='bbox 4125 5390 4270 5455; x_wconf 93' lang='lat' dir='ltr'><strong>Deo</strong></span> <span class='ocrx_word' id='word_1_807' title='bbox 4326 5409 4474 5471; x_wconf 89' lang='lat' dir='ltr'><strong>pro-</strong></span> 
     </span>
    </p>
   </div>
  </div>
 </body>
</html>
