<?xml version="1.0" encoding="UTF-8"?>
<!DOCTYPE html PUBLIC "-//W3C//DTD XHTML 1.0 Transitional//EN"
    "http://www.w3.org/TR/xhtml1/DTD/xhtml1-transitional.dtd">
<html xmlns="http://www.w3.org/1999/xhtml" xml:lang="en" lang="en">
 <head>
  <title>
</title>
<meta http-equiv="Content-Type" content="text/html;charset=utf-8" />
  <meta name='ocr-system' content='tesseract 3.04.00' />
  <meta name='ocr-capabilities' content='ocr_page ocr_carea ocr_par ocr_line ocrx_word'/>
</head>
<body>
  <div class='ocr_page' id='page_1' title='image "./ioanniscalvinio06unkngoog_0039.png"; bbox 0 0 5017 6142; ppageno 0'>
   <div class='ocr_carea' id='block_1_1' title="bbox 445 470 3456 541">
    <p class='ocr_par' dir='ltr' id='par_1_1' title="bbox 445 470 3456 541">
     <span class='ocr_line' id='line_1_1' title="bbox 445 470 3456 541; baseline 0.001 -2"><span class='ocrx_word' id='word_1_1' title='bbox 445 472 533 539; x_wconf 83' lang='lat'><strong>53</strong></span> <span class='ocrx_word' id='word_1_2' title='bbox 1438 471 2015 540; x_wconf 80' lang='lat' dir='ltr'>SANCTIONES</span> <span class='ocrx_word' id='word_1_3' title='bbox 2062 478 2122 539; x_wconf 86' lang='lat' dir='ltr'>A</span> <span class='ocrx_word' id='word_1_4' title='bbox 2166 470 2963 541; x_wconf 77' lang='lat' dir='ltr'>PROMISSIONIBUS</span> <span class='ocrx_word' id='word_1_5' title='bbox 3010 475 3127 539; x_wconf 73' lang='lat' dir='ltr'><strong>ET</strong></span> <span class='ocrx_word' id='word_1_6' title='bbox 3170 473 3456 541; x_wconf 79' lang='lat' dir='ltr'><strong>MINIS.</strong></span> 
     </span>
    </p>
   </div>
   <div class='ocr_carea' id='block_1_2' title="bbox 428 661 2396 5462">
    <p class='ocr_par' dir='ltr' id='par_1_2' title="bbox 442 661 2396 4696">
     <span class='ocr_line' id='line_1_2' title="bbox 445 661 2395 745; baseline -0.002 -14"><span class='ocrx_word' id='word_1_7' title='bbox 445 663 728 745; x_wconf 79' lang='lat' dir='ltr'><strong>aliquem</strong></span> <span class='ocrx_word' id='word_1_8' title='bbox 774 661 1085 745; x_wconf 91' lang='lat' dir='ltr'><strong>populum</strong></span> <span class='ocrx_word' id='word_1_9' title='bbox 1130 663 1550 745; x_wconf 79' lang='lat' dir='ltr'><strong>superstitem</strong></span> <span class='ocrx_word' id='word_1_10' title='bbox 1596 682 1862 726; x_wconf 90' lang='lat' dir='ltr'><strong>manere</strong></span> <span class='ocrx_word' id='word_1_11' title='bbox 1904 663 2223 744; x_wconf 89' lang='lat' dir='ltr'><strong>oportuit,</strong></span> <span class='ocrx_word' id='word_1_12' title='bbox 2268 682 2395 744; x_wconf 92' lang='lat' dir='ltr'><strong>quo</strong></span> 
     </span>
     <span class='ocr_line' id='line_1_3' title="bbox 449 745 2391 830; baseline -0.002 -15"><span class='ocrx_word' id='word_1_13' title='bbox 449 751 712 815; x_wconf 88' lang='lat' dir='ltr'><strong>firmum</strong></span> <span class='ocrx_word' id='word_1_14' title='bbox 780 756 847 812; x_wconf 93' lang='lat' dir='ltr'><strong>et</strong></span> <span class='ocrx_word' id='word_1_15' title='bbox 912 761 1127 812; x_wconf 86' lang='lat' dir='ltr'><strong>ratum</strong></span> <span class='ocrx_word' id='word_1_16' title='bbox 1193 759 1398 812; x_wconf 89' lang='lat' dir='ltr'><strong>staret</strong></span> <span class='ocrx_word' id='word_1_17' title='bbox 1461 745 1589 810; x_wconf 88' lang='lat' dir='ltr'><strong>Dei</strong></span> <span class='ocrx_word' id='word_1_18' title='bbox 1656 746 1902 813; x_wconf 87' lang='lat' dir='ltr'><strong>foedus.</strong></span> <span class='ocrx_word' id='word_1_19' title='bbox 1993 746 2391 830; x_wconf 75' lang='lat' dir='ltr'><strong>Quanquam</strong></span> 
     </span>
     <span class='ocr_line' id='line_1_4' title="bbox 448 831 2392 916; baseline -0.002 -15"><span class='ocrx_word' id='word_1_20' title='bbox 448 856 575 901; x_wconf 90' lang='lat' dir='ltr'><strong>non</strong></span> <span class='ocrx_word' id='word_1_21' title='bbox 622 843 874 898; x_wconf 87' lang='lat' dir='ltr'><strong>tantum</strong></span> <span class='ocrx_word' id='word_1_22' title='bbox 919 833 1099 899; x_wconf 89' lang='lat' dir='ltr'><strong>iubet</strong></span> <span class='ocrx_word' id='word_1_23' title='bbox 1137 833 1355 899; x_wconf 88' lang='lat' dir='ltr'><strong>Moses</strong></span> <span class='ocrx_word' id='word_1_24' title='bbox 1390 831 1724 898; x_wconf 89' lang='lat' dir='ltr'><strong>Israelitas</strong></span> <span class='ocrx_word' id='word_1_25' title='bbox 1762 834 2072 916; x_wconf 88' lang='lat' dir='ltr'><strong>proficere</strong></span> <span class='ocrx_word' id='word_1_26' title='bbox 2109 835 2228 899; x_wconf 92' lang='lat' dir='ltr'><strong>sub</strong></span> <span class='ocrx_word' id='word_1_27' title='bbox 2269 834 2392 898; x_wconf 90' lang='lat' dir='ltr'><strong>Dei</strong></span> 
     </span>
     <span class='ocr_line' id='line_1_5' title="bbox 448 917 2393 1002; baseline -0.002 -15"><span class='ocrx_word' id='word_1_28' title='bbox 448 919 704 997; x_wconf 85' lang='lat' dir='ltr'><strong>ferulis,</strong></span> <span class='ocrx_word' id='word_1_29' title='bbox 750 919 863 984; x_wconf 89' lang='lat' dir='ltr'><strong>sed</strong></span> <span class='ocrx_word' id='word_1_30' title='bbox 910 919 1050 985; x_wconf 91' lang='lat' dir='ltr'><strong>eius</strong></span> <span class='ocrx_word' id='word_1_31' title='bbox 1094 919 1293 985; x_wconf 90' lang='lat' dir='ltr'><strong>simul</strong></span> <span class='ocrx_word' id='word_1_32' title='bbox 1340 917 1821 985; x_wconf 88' lang='lat' dir='ltr'><strong>benedictiones</strong></span> <span class='ocrx_word' id='word_1_33' title='bbox 1865 930 2203 1002; x_wconf 87' lang='lat' dir='ltr'><strong>reputare,</strong></span> <span class='ocrx_word' id='word_1_34' title='bbox 2249 920 2393 1002; x_wconf 91' lang='lat' dir='ltr'><strong>qui-</strong></span> 
     </span>
     <span class='ocr_line' id='line_1_6' title="bbox 450 1001 2389 1072; baseline -0.001 0"><span class='ocrx_word' id='word_1_35' title='bbox 450 1007 573 1072; x_wconf 87' lang='lat' dir='ltr'><strong>bus</strong></span> <span class='ocrx_word' id='word_1_36' title='bbox 627 1006 916 1071; x_wconf 79' lang='lat' dir='ltr'><strong>suaviter</strong></span> <span class='ocrx_word' id='word_1_37' title='bbox 971 1003 1052 1070; x_wconf 89' lang='lat' dir='ltr'><strong>ad</strong></span> <span class='ocrx_word' id='word_1_38' title='bbox 1108 1026 1254 1070; x_wconf 88' lang='lat' dir='ltr'><strong>eum</strong></span> <span class='ocrx_word' id='word_1_39' title='bbox 1315 1003 1659 1070; x_wconf 91' lang='lat' dir='ltr'><strong>colendum</strong></span> <span class='ocrx_word' id='word_1_40' title='bbox 1718 1001 1953 1070; x_wconf 82' lang='lat' dir='ltr'><strong>adduci</strong></span> <span class='ocrx_word' id='word_1_41' title='bbox 2009 1004 2389 1070; x_wconf 84' lang='lat' dir='ltr'><strong>debuerant.</strong></span> 
     </span>
     <span class='ocr_line' id='line_1_7' title="bbox 446 1089 2393 1174; baseline 0.001 -17"><span class='ocrx_word' id='word_1_42' title='bbox 446 1093 632 1157; x_wconf 89' lang='lat' dir='ltr'><strong>Haec</strong></span> <span class='ocrx_word' id='word_1_43' title='bbox 690 1093 863 1156; x_wconf 90' lang='lat' dir='ltr'><strong>enim</strong></span> <span class='ocrx_word' id='word_1_44' title='bbox 923 1091 1319 1174; x_wconf 90' lang='lat' dir='ltr'><strong>comparatio</strong></span> <span class='ocrx_word' id='word_1_45' title='bbox 1378 1089 1458 1155; x_wconf 88' lang='lat' dir='ltr'><strong>ad</strong></span> <span class='ocrx_word' id='word_1_46' title='bbox 1513 1089 1909 1156; x_wconf 88' lang='lat' dir='ltr'><strong>illustranda</strong></span> <span class='ocrx_word' id='word_1_47' title='bbox 1966 1089 2095 1154; x_wconf 89' lang='lat' dir='ltr'><strong>Dei</strong></span> <span class='ocrx_word' id='word_1_48' title='bbox 2154 1090 2393 1158; x_wconf 89' lang='lat' dir='ltr'><strong>iudicia</strong></span> 
     </span>
     <span class='ocr_line' id='line_1_8' title="bbox 446 1176 2389 1261; baseline -0.001 -18"><span class='ocrx_word' id='word_1_49' title='bbox 446 1199 579 1244; x_wconf 92' lang='lat' dir='ltr'><strong>non</strong></span> <span class='ocrx_word' id='word_1_50' title='bbox 627 1197 856 1261; x_wconf 89' lang='lat' dir='ltr'><strong>parum</strong></span> <span class='ocrx_word' id='word_1_51' title='bbox 899 1177 1179 1242; x_wconf 80' lang='lat' dir='ltr'><strong>valebat.</strong></span> <span class='ocrx_word' id='word_1_52' title='bbox 1270 1176 1346 1241; x_wconf 76' lang='lat' dir='ltr'><strong>Si</strong></span> <span class='ocrx_word' id='word_1_53' title='bbox 1392 1187 1648 1241; x_wconf 88' lang='lat' dir='ltr'><strong>tantum</strong></span> <span class='ocrx_word' id='word_1_54' title='bbox 1694 1196 1943 1259; x_wconf 89' lang='lat' dir='ltr'><strong>poenae</strong></span> <span class='ocrx_word' id='word_1_55' title='bbox 1986 1178 2053 1241; x_wconf 90' lang='lat' dir='ltr'><strong>in</strong></span> <span class='ocrx_word' id='word_1_56' title='bbox 2101 1187 2389 1242; x_wconf 88' lang='lat' dir='ltr'><strong>mentem</strong></span> 
     </span>
     <span class='ocr_line' id='line_1_9' title="bbox 446 1261 2384 1345; baseline -0.003 -14"><span class='ocrx_word' id='word_1_57' title='bbox 446 1265 816 1342; x_wconf 85' lang='lat' dir='ltr'><strong>venissent,</strong></span> <span class='ocrx_word' id='word_1_58' title='bbox 884 1262 1153 1328; x_wconf 88' lang='lat' dir='ltr'><strong>dimidia</strong></span> <span class='ocrx_word' id='word_1_59' title='bbox 1212 1262 1316 1327; x_wconf 84' lang='lat' dir='ltr'><strong>vel</strong></span> <span class='ocrx_word' id='word_1_60' title='bbox 1385 1261 1719 1327; x_wconf 91' lang='lat' dir='ltr'><strong>obscurior</strong></span> <span class='ocrx_word' id='word_1_61' title='bbox 1784 1263 2013 1328; x_wconf 82' lang='lat' dir='ltr'><strong>fuisset</strong></span> <span class='ocrx_word' id='word_1_62' title='bbox 2078 1264 2384 1345; x_wconf 80' lang='lat' dir='ltr'><strong>cognitio:</strong></span> 
     </span>
     <span class='ocr_line' id='line_1_10' title="bbox 447 1348 2390 1432; baseline -0.002 -16"><span class='ocrx_word' id='word_1_63' title='bbox 447 1371 677 1417; x_wconf 83' lang='lat' dir='ltr'><strong>verum</strong></span> <span class='ocrx_word' id='word_1_64' title='bbox 744 1369 942 1432; x_wconf 90' lang='lat' dir='ltr'><strong>quum</strong></span> <span class='ocrx_word' id='word_1_65' title='bbox 1012 1349 1092 1413; x_wconf 89' lang='lat' dir='ltr'><strong>ab</strong></span> <span class='ocrx_word' id='word_1_66' title='bbox 1151 1370 1286 1413; x_wconf 91' lang='lat' dir='ltr'><strong>una</strong></span> <span class='ocrx_word' id='word_1_67' title='bbox 1339 1358 1525 1432; x_wconf 88' lang='lat' dir='ltr'><strong>parte</strong></span> <span class='ocrx_word' id='word_1_68' title='bbox 1584 1348 2065 1431; x_wconf 81' lang='lat' dir='ltr'><strong>expenderent,</strong></span> <span class='ocrx_word' id='word_1_69' title='bbox 2133 1369 2203 1414; x_wconf 89' lang='lat' dir='ltr'><strong>se</strong></span> <span class='ocrx_word' id='word_1_70' title='bbox 2258 1370 2390 1414; x_wconf 93' lang='lat' dir='ltr'><strong>non</strong></span> 
     </span>
     <span class='ocr_line' id='line_1_11' title="bbox 448 1432 2392 1509; baseline -0.002 -8"><span class='ocrx_word' id='word_1_71' title='bbox 448 1438 691 1501; x_wconf 84' lang='lat' dir='ltr'><strong>frustra</strong></span> <span class='ocrx_word' id='word_1_72' title='bbox 755 1435 972 1499; x_wconf 91' lang='lat' dir='ltr'><strong>Deum</strong></span> <span class='ocrx_word' id='word_1_73' title='bbox 1040 1433 1348 1509; x_wconf 89' lang='lat' dir='ltr'><strong>coluisse,</strong></span> <span class='ocrx_word' id='word_1_74' title='bbox 1429 1455 1693 1499; x_wconf 89' lang='lat' dir='ltr'><strong>rursum</strong></span> <span class='ocrx_word' id='word_1_75' title='bbox 1760 1456 1834 1499; x_wconf 91' lang='lat' dir='ltr'><strong>eo</strong></span> <span class='ocrx_word' id='word_1_76' title='bbox 1901 1432 2239 1509; x_wconf 81' lang='lat' dir='ltr'><strong>derelicto,</strong></span> <span class='ocrx_word' id='word_1_77' title='bbox 2307 1457 2392 1499; x_wconf 89' lang='lat' dir='ltr'><strong>ex</strong></span> 
     </span>
     <span class='ocr_line' id='line_1_12' title="bbox 447 1519 2390 1603; baseline -0.001 -15"><span class='ocrx_word' id='word_1_78' title='bbox 447 1541 705 1588; x_wconf 88' lang='lat' dir='ltr'><strong>summa</strong></span> <span class='ocrx_word' id='word_1_79' title='bbox 774 1520 1082 1585; x_wconf 88' lang='lat' dir='ltr'><strong>felicitate</strong></span> <span class='ocrx_word' id='word_1_80' title='bbox 1159 1519 1472 1585; x_wconf 77' lang='lat' dir='ltr'><strong>decidisse</strong></span> <span class='ocrx_word' id='word_1_81' title='bbox 1528 1520 1597 1584; x_wconf 91' lang='lat' dir='ltr'><strong>in</strong></span> <span class='ocrx_word' id='word_1_82' title='bbox 1657 1520 2015 1603; x_wconf 87' lang='lat' dir='ltr'><strong>profundas</strong></span> <span class='ocrx_word' id='word_1_83' title='bbox 2073 1521 2390 1599; x_wconf 78' lang='lat' dir='ltr'><strong>miseriae,</strong></span> 
     </span>
     <span class='ocr_line' id='line_1_13' title="bbox 444 1604 2388 1691; baseline -0.002 -17"><span class='ocrx_word' id='word_1_84' title='bbox 444 1607 750 1691; x_wconf 85' lang='lat' dir='ltr'><strong>colligere</strong></span> <span class='ocrx_word' id='word_1_85' title='bbox 805 1618 1178 1689; x_wconf 90' lang='lat' dir='ltr'><strong>promptum</strong></span> <span class='ocrx_word' id='word_1_86' title='bbox 1241 1606 1392 1685; x_wconf 87' lang='lat' dir='ltr'><strong>fuit,</strong></span> <span class='ocrx_word' id='word_1_87' title='bbox 1451 1604 1762 1689; x_wconf 90' lang='lat' dir='ltr'><strong>quidquid</strong></span> <span class='ocrx_word' id='word_1_88' title='bbox 1823 1605 2139 1671; x_wconf 90' lang='lat' dir='ltr'><strong>malorum</strong></span> <span class='ocrx_word' id='word_1_89' title='bbox 2183 1607 2388 1690; x_wconf 90' lang='lat' dir='ltr'><strong>patie-</strong></span> 
     </span>
     <span class='ocr_line' id='line_1_14' title="bbox 443 1690 2393 1774; baseline -0.001 -15"><span class='ocrx_word' id='word_1_90' title='bbox 443 1695 716 1768; x_wconf 85' lang='lat' dir='ltr'><strong>bantur,</strong></span> <span class='ocrx_word' id='word_1_91' title='bbox 764 1693 1043 1758; x_wconf 84' lang='lat' dir='ltr'><strong>fructum</strong></span> <span class='ocrx_word' id='word_1_92' title='bbox 1090 1704 1155 1755; x_wconf 89' lang='lat' dir='ltr'><strong>et</strong></span> <span class='ocrx_word' id='word_1_93' title='bbox 1199 1690 1561 1757; x_wconf 88' lang='lat' dir='ltr'><strong>mercedem</strong></span> <span class='ocrx_word' id='word_1_94' title='bbox 1605 1691 1960 1774; x_wconf 88' lang='lat' dir='ltr'><strong>impietatis</strong></span> <span class='ocrx_word' id='word_1_95' title='bbox 2004 1714 2165 1758; x_wconf 90' lang='lat' dir='ltr'><strong>esse.</strong></span> <span class='ocrx_word' id='word_1_96' title='bbox 2254 1692 2393 1758; x_wconf 89' lang='lat' dir='ltr'><strong>Nec</strong></span> 
     </span>
     <span class='ocr_line' id='line_1_15' title="bbox 446 1777 2393 1860; baseline -0.001 -17"><span class='ocrx_word' id='word_1_97' title='bbox 446 1800 600 1845; x_wconf 75' lang='lat' dir='ltr'><strong>vero</strong></span> <span class='ocrx_word' id='word_1_98' title='bbox 660 1777 925 1842; x_wconf 90' lang='lat' dir='ltr'><strong>dubium</strong></span> <span class='ocrx_word' id='word_1_99' title='bbox 982 1788 1080 1842; x_wconf 89' lang='lat' dir='ltr'><strong>est</strong></span> <span class='ocrx_word' id='word_1_100' title='bbox 1135 1779 1293 1860; x_wconf 89' lang='lat' dir='ltr'><strong>quin</strong></span> <span class='ocrx_word' id='word_1_101' title='bbox 1338 1778 1456 1843; x_wconf 92' lang='lat' dir='ltr'><strong>sub</strong></span> <span class='ocrx_word' id='word_1_102' title='bbox 1518 1777 1661 1860; x_wconf 88' lang='lat' dir='ltr'><strong>lege</strong></span> <span class='ocrx_word' id='word_1_103' title='bbox 1705 1779 1798 1843; x_wconf 91' lang='lat' dir='ltr'><strong>ita</strong></span> <span class='ocrx_word' id='word_1_104' title='bbox 1840 1798 1911 1842; x_wconf 91' lang='lat' dir='ltr'><strong>se</strong></span> <span class='ocrx_word' id='word_1_105' title='bbox 1957 1779 2037 1843; x_wconf 92' lang='lat' dir='ltr'><strong>ad</strong></span> <span class='ocrx_word' id='word_1_106' title='bbox 2092 1790 2393 1843; x_wconf 90' lang='lat' dir='ltr'><strong>tenerum</strong></span> 
     </span>
     <span class='ocr_line' id='line_1_16' title="bbox 444 1863 2395 1947; baseline -0.001 -18"><span class='ocrx_word' id='word_1_107' title='bbox 444 1876 511 1929; x_wconf 89' lang='lat' dir='ltr'><strong>et</strong></span> <span class='ocrx_word' id='word_1_108' title='bbox 554 1863 784 1930; x_wconf 89' lang='lat' dir='ltr'><strong>rudem</strong></span> <span class='ocrx_word' id='word_1_109' title='bbox 824 1863 1138 1947; x_wconf 89' lang='lat' dir='ltr'><strong>populum</strong></span> <span class='ocrx_word' id='word_1_110' title='bbox 1177 1863 1360 1928; x_wconf 92' lang='lat' dir='ltr'><strong>Deus</strong></span> <span class='ocrx_word' id='word_1_111' title='bbox 1396 1863 1743 1943; x_wconf 87' lang='lat' dir='ltr'><strong>inflexerit,</strong></span> <span class='ocrx_word' id='word_1_112' title='bbox 1790 1873 1866 1928; x_wconf 89' lang='lat' dir='ltr'><strong>ut</strong></span> <span class='ocrx_word' id='word_1_113' title='bbox 1900 1863 2180 1930; x_wconf 83' lang='lat' dir='ltr'><strong>dilucida</strong></span> <span class='ocrx_word' id='word_1_114' title='bbox 2221 1871 2395 1929; x_wconf 89' lang='lat' dir='ltr'><strong>esset</strong></span> 
     </span>
     <span class='ocr_line' id='line_1_17' title="bbox 443 1948 2393 2033; baseline -0.002 -16"><span class='ocrx_word' id='word_1_115' title='bbox 443 1950 969 2017; x_wconf 88' lang='lat' dir='ltr'><strong>benedictionum</strong></span> <span class='ocrx_word' id='word_1_116' title='bbox 1006 1958 1072 2014; x_wconf 89' lang='lat' dir='ltr'><strong>et</strong></span> <span class='ocrx_word' id='word_1_117' title='bbox 1106 1948 1632 2014; x_wconf 87' lang='lat' dir='ltr'><strong>maledictionum</strong></span> <span class='ocrx_word' id='word_1_118' title='bbox 1680 1950 1910 2014; x_wconf 90' lang='lat' dir='ltr'><strong>series:</strong></span> <span class='ocrx_word' id='word_1_119' title='bbox 1957 1951 2129 2015; x_wconf 90' lang='lat' dir='ltr'><strong>unde</strong></span> <span class='ocrx_word' id='word_1_120' title='bbox 2179 1950 2393 2033; x_wconf 86' lang='lat' dir='ltr'><strong>palam</strong></span> 
     </span>
     <span class='ocr_line' id='line_1_18' title="bbox 445 2034 2393 2120; baseline -0.003 -16"><span class='ocrx_word' id='word_1_121' title='bbox 445 2040 647 2116; x_wconf 86' lang='lat' dir='ltr'><strong>fieret,</strong></span> <span class='ocrx_word' id='word_1_122' title='bbox 685 2057 795 2101; x_wconf 89' lang='lat' dir='ltr'><strong>eos</strong></span> <span class='ocrx_word' id='word_1_123' title='bbox 832 2035 1047 2120; x_wconf 90' lang='lat' dir='ltr'><strong>legem</strong></span> <span class='ocrx_word' id='word_1_124' title='bbox 1084 2037 1405 2101; x_wconf 90' lang='lat' dir='ltr'><strong>servando</strong></span> <span class='ocrx_word' id='word_1_125' title='bbox 1441 2057 1572 2100; x_wconf 91' lang='lat' dir='ltr'><strong>non</strong></span> <span class='ocrx_word' id='word_1_126' title='bbox 1610 2034 1837 2100; x_wconf 91' lang='lat' dir='ltr'><strong>ludere</strong></span> <span class='ocrx_word' id='word_1_127' title='bbox 1872 2057 2153 2120; x_wconf 87' lang='lat' dir='ltr'><strong>operam,</strong></span> <span class='ocrx_word' id='word_1_128' title='bbox 2200 2036 2393 2101; x_wconf 90' lang='lat' dir='ltr'><strong>sicuti</strong></span> 
     </span>
     <span class='ocr_line' id='line_1_19' title="bbox 445 2119 2393 2205; baseline -0.001 -17"><span class='ocrx_word' id='word_1_129' title='bbox 445 2145 565 2189; x_wconf 91' lang='lat' dir='ltr'><strong>nec</strong></span> <span class='ocrx_word' id='word_1_130' title='bbox 643 2142 789 2186; x_wconf 89' lang='lat' dir='ltr'><strong>eam</strong></span> <span class='ocrx_word' id='word_1_131' title='bbox 853 2122 1120 2203; x_wconf 90' lang='lat' dir='ltr'><strong>impune</strong></span> <span class='ocrx_word' id='word_1_132' title='bbox 1187 2120 1450 2187; x_wconf 87' lang='lat' dir='ltr'><strong>violare.</strong></span> <span class='ocrx_word' id='word_1_133' title='bbox 1541 2122 1630 2185; x_wconf 87' lang='lat' dir='ltr'><strong>Et</strong></span> <span class='ocrx_word' id='word_1_134' title='bbox 1708 2142 1901 2203; x_wconf 80' lang='lat' dir='ltr'><strong>saepe</strong></span> <span class='ocrx_word' id='word_1_135' title='bbox 1967 2122 2151 2187; x_wconf 90' lang='lat' dir='ltr'><strong>Deus</strong></span> <span class='ocrx_word' id='word_1_136' title='bbox 2222 2119 2393 2205; x_wconf 90' lang='lat' dir='ltr'><strong>apud</strong></span> 
     </span>
     <span class='ocr_line' id='line_1_20' title="bbox 444 2205 2396 2293; baseline -0.001 -20"><span class='ocrx_word' id='word_1_137' title='bbox 444 2207 796 2293; x_wconf 88' lang='lat' dir='ltr'><strong>prophetas</strong></span> <span class='ocrx_word' id='word_1_138' title='bbox 819 2216 1299 2283; x_wconf 87' lang='lat' dir='ltr'><strong>commemorat,</strong></span> <span class='ocrx_word' id='word_1_139' title='bbox 1337 2206 1649 2289; x_wconf 82' lang='lat' dir='ltr'><strong>quamdiu</strong></span> <span class='ocrx_word' id='word_1_140' title='bbox 1681 2205 2107 2290; x_wconf 81' lang='lat' dir='ltr'><strong>obsequentes</strong></span> <span class='ocrx_word' id='word_1_141' title='bbox 2130 2208 2396 2273; x_wconf 89' lang='lat' dir='ltr'><strong>fuerunt</strong></span> 
     </span>
     <span class='ocr_line' id='line_1_21' title="bbox 444 2292 2394 2375; baseline -0.001 -15"><span class='ocrx_word' id='word_1_142' title='bbox 444 2295 584 2373; x_wconf 89' lang='lat' dir='ltr'><strong>filii,</strong></span> <span class='ocrx_word' id='word_1_143' title='bbox 631 2315 700 2360; x_wconf 88' lang='lat' dir='ltr'><strong>se</strong></span> <span class='ocrx_word' id='word_1_144' title='bbox 743 2293 877 2358; x_wconf 90' lang='lat' dir='ltr'><strong>illis</strong></span> <span class='ocrx_word' id='word_1_145' title='bbox 921 2292 1207 2358; x_wconf 84' lang='lat' dir='ltr'><strong>vicissim</strong></span> <span class='ocrx_word' id='word_1_146' title='bbox 1255 2293 1452 2359; x_wconf 86' lang='lat' dir='ltr'><strong>fuisse</strong></span> <span class='ocrx_word' id='word_1_147' title='bbox 1496 2304 1781 2375; x_wconf 81' lang='lat' dir='ltr'><strong>patrem:</strong></span> <span class='ocrx_word' id='word_1_148' title='bbox 1832 2301 1902 2357; x_wconf 89' lang='lat' dir='ltr'><strong>ut</strong></span> <span class='ocrx_word' id='word_1_149' title='bbox 1951 2293 2104 2358; x_wconf 92' lang='lat' dir='ltr'><strong>inde</strong></span> <span class='ocrx_word' id='word_1_150' title='bbox 2155 2294 2394 2359; x_wconf 90' lang='lat' dir='ltr'><strong>clarius</strong></span> 
     </span>
     <span class='ocr_line' id='line_1_22' title="bbox 445 2378 2395 2463; baseline -0.001 -17"><span class='ocrx_word' id='word_1_151' title='bbox 445 2380 912 2463; x_wconf 88' lang='lat' dir='ltr'><strong>perspicerent,</strong></span> <span class='ocrx_word' id='word_1_152' title='bbox 957 2400 1039 2443; x_wconf 87' lang='lat' dir='ltr'><strong>ex</strong></span> <span class='ocrx_word' id='word_1_153' title='bbox 1082 2378 1249 2443; x_wconf 87' lang='lat' dir='ltr'><strong>iusta</strong></span> <span class='ocrx_word' id='word_1_154' title='bbox 1299 2379 1440 2444; x_wconf 91' lang='lat' dir='ltr'><strong>eius</strong></span> <span class='ocrx_word' id='word_1_155' title='bbox 1484 2379 1838 2444; x_wconf 84' lang='lat' dir='ltr'><strong>offensione</strong></span> <span class='ocrx_word' id='word_1_156' title='bbox 1882 2380 2226 2462; x_wconf 87' lang='lat' dir='ltr'><strong>provenire</strong></span> <span class='ocrx_word' id='word_1_157' title='bbox 2269 2389 2395 2444; x_wconf 90' lang='lat' dir='ltr'><strong>sta·</strong></span> 
     </span>
     <span class='ocr_line' id='line_1_23' title="bbox 445 2462 2392 2548; baseline 0.001 -19"><span class='ocrx_word' id='word_1_158' title='bbox 445 2479 587 2531; x_wconf 89' lang='lat' dir='ltr'><strong>tum</strong></span> <span class='ocrx_word' id='word_1_159' title='bbox 635 2465 708 2529; x_wconf 90' lang='lat' dir='ltr'><strong>in</strong></span> <span class='ocrx_word' id='word_1_160' title='bbox 764 2463 1052 2529; x_wconf 89' lang='lat' dir='ltr'><strong>deterius</strong></span> <span class='ocrx_word' id='word_1_161' title='bbox 1107 2475 1454 2528; x_wconf 90' lang='lat' dir='ltr'><strong>mutatum.</strong></span> <span class='ocrx_word' id='word_1_162' title='bbox 1544 2464 1690 2528; x_wconf 92' lang='lat' dir='ltr'><strong>Hoc</strong></span> <span class='ocrx_word' id='word_1_163' title='bbox 1735 2462 1998 2547; x_wconf 88' lang='lat' dir='ltr'><strong>quidem</strong></span> <span class='ocrx_word' id='word_1_164' title='bbox 2049 2474 2392 2548; x_wconf 85' lang='lat' dir='ltr'><strong>praetextu</strong></span> 
     </span>
     <span class='ocr_line' id='line_1_24' title="bbox 445 2549 2391 2635; baseline -0.001 -19"><span class='ocrx_word' id='word_1_165' title='bbox 445 2571 599 2617; x_wconf 85' lang='lat' dir='ltr'><strong>suas</strong></span> <span class='ocrx_word' id='word_1_166' title='bbox 633 2550 1130 2634; x_wconf 85' lang='lat' dir='ltr'><strong>superstitiones</strong></span> <span class='ocrx_word' id='word_1_167' title='bbox 1166 2550 1317 2614; x_wconf 91' lang='lat' dir='ltr'><strong>olim</strong></span> <span class='ocrx_word' id='word_1_168' title='bbox 1353 2549 1699 2615; x_wconf 85' lang='lat' dir='ltr'><strong>defendere</strong></span> <span class='ocrx_word' id='word_1_169' title='bbox 1734 2551 1950 2614; x_wconf 89' lang='lat' dir='ltr'><strong>conati</strong></span> <span class='ocrx_word' id='word_1_170' title='bbox 1987 2561 2141 2615; x_wconf 90' lang='lat' dir='ltr'><strong>sunt</strong></span> <span class='ocrx_word' id='word_1_171' title='bbox 2174 2552 2391 2635; x_wconf 90' lang='lat' dir='ltr'><strong>impii:</strong></span> 
     </span>
     <span class='ocr_line' id='line_1_25' title="bbox 446 2633 2392 2722; baseline -0.001 -19"><span class='ocrx_word' id='word_1_172' title='bbox 446 2638 633 2703; x_wconf 88' lang='lat' dir='ltr'><strong>sicuti</strong></span> <span class='ocrx_word' id='word_1_173' title='bbox 702 2634 783 2699; x_wconf 90' lang='lat' dir='ltr'><strong>ad</strong></span> <span class='ocrx_word' id='word_1_174' title='bbox 852 2633 1279 2700; x_wconf 86' lang='lat' dir='ltr'><strong>refellendum</strong></span> <span class='ocrx_word' id='word_1_175' title='bbox 1347 2636 1691 2700; x_wconf 89' lang='lat' dir='ltr'><strong>Ieremiam</strong></span> <span class='ocrx_word' id='word_1_176' title='bbox 1746 2633 1890 2721; x_wconf 88' lang='lat'><strong>(44,</strong></span> <span class='ocrx_word' id='word_1_177' title='bbox 1949 2635 2054 2722; x_wconf 84' lang='lat'><strong>15)</strong></span> <span class='ocrx_word' id='word_1_178' title='bbox 2115 2638 2392 2719; x_wconf 88' lang='lat' dir='ltr'><strong>superbe</strong></span> 
     </span>
     <span class='ocr_line' id='line_1_26' title="bbox 444 2721 2394 2805; baseline 0 -17"><span class='ocrx_word' id='word_1_179' title='bbox 444 2722 777 2790; x_wconf 86' lang='lat' dir='ltr'><strong>iactabant</strong></span> <span class='ocrx_word' id='word_1_180' title='bbox 820 2721 942 2787; x_wconf 90' lang='lat' dir='ltr'><strong>sibi</strong></span> <span class='ocrx_word' id='word_1_181' title='bbox 987 2722 1152 2787; x_wconf 91' lang='lat' dir='ltr'><strong>bene</strong></span> <span class='ocrx_word' id='word_1_182' title='bbox 1194 2721 1424 2800; x_wconf 90' lang='lat' dir='ltr'><strong>fuisse,</strong></span> <span class='ocrx_word' id='word_1_183' title='bbox 1485 2742 1685 2805; x_wconf 89' lang='lat' dir='ltr'><strong>quum</strong></span> <span class='ocrx_word' id='word_1_184' title='bbox 1734 2723 2024 2786; x_wconf 87' lang='lat' dir='ltr'><strong>suffitum</strong></span> <span class='ocrx_word' id='word_1_185' title='bbox 2078 2723 2394 2788; x_wconf 84' lang='lat' dir='ltr'><strong>offerrent</strong></span> 
     </span>
     <span class='ocr_line' id='line_1_27' title="bbox 447 2805 2391 2893; baseline -0.002 -17"><span class='ocrx_word' id='word_1_186' title='bbox 447 2810 703 2893; x_wconf 88' lang='lat' dir='ltr'><strong>opificio</strong></span> <span class='ocrx_word' id='word_1_187' title='bbox 747 2807 1104 2875; x_wconf 88' lang='lat' dir='ltr'><strong>coelorum:</strong></span> <span class='ocrx_word' id='word_1_188' title='bbox 1167 2805 1279 2873; x_wconf 90' lang='lat' dir='ltr'><strong>sed</strong></span> <span class='ocrx_word' id='word_1_189' title='bbox 1326 2816 1461 2872; x_wconf 90' lang='lat' dir='ltr'><strong>tam</strong></span> <span class='ocrx_word' id='word_1_190' title='bbox 1506 2817 1816 2891; x_wconf 86' lang='lat' dir='ltr'><strong>proterva</strong></span> <span class='ocrx_word' id='word_1_191' title='bbox 1859 2808 2241 2890; x_wconf 86' lang='lat' dir='ltr'><strong>improbitas</strong></span> <span class='ocrx_word' id='word_1_192' title='bbox 2278 2829 2317 2873; x_wconf 95' lang='lat' dir='ltr'><strong>o</strong></span> <span class='ocrx_word' id='word_1_193' title='bbox 2364 2845 2391 2857; x_wconf 89' lang='lat'><em>-</em></span> 
     </span>
     <span class='ocr_line' id='line_1_28' title="bbox 444 2891 2390 2979; baseline -0.002 -18"><span class='ocrx_word' id='word_1_194' title='bbox 444 2896 605 2960; x_wconf 89' lang='lat' dir='ltr'><strong>time</strong></span> <span class='ocrx_word' id='word_1_195' title='bbox 641 2894 1017 2979; x_wconf 86' lang='lat' dir='ltr'><strong>coarguitur</strong></span> <span class='ocrx_word' id='word_1_196' title='bbox 1061 2914 1099 2958; x_wconf 94' lang='lat' dir='ltr'><strong>a</strong></span> <span class='ocrx_word' id='word_1_197' title='bbox 1148 2894 1486 2976; x_wconf 89' lang='lat' dir='ltr'><strong>propheta,</strong></span> <span class='ocrx_word' id='word_1_198' title='bbox 1535 2892 1700 2975; x_wconf 92' lang='lat' dir='ltr'><strong>quod</strong></span> <span class='ocrx_word' id='word_1_199' title='bbox 1749 2891 1932 2957; x_wconf 90' lang='lat' dir='ltr'><strong>Deus</strong></span> <span class='ocrx_word' id='word_1_200' title='bbox 1967 2893 2148 2959; x_wconf 90' lang='lat' dir='ltr'><strong>urbis</strong></span> <span class='ocrx_word' id='word_1_201' title='bbox 2190 2894 2291 2960; x_wconf 90' lang='lat' dir='ltr'><strong>cla</strong></span> <span class='ocrx_word' id='word_1_202' title='bbox 2337 2915 2390 2971; x_wconf 91' lang='lat' dir='ltr'><strong>e,</strong></span> 
     </span>
     <span class='ocr_line' id='line_1_29' title="bbox 444 2977 2393 3062; baseline -0.002 -16"><span class='ocrx_word' id='word_1_203' title='bbox 444 2992 514 3046; x_wconf 90' lang='lat' dir='ltr'><strong>et</strong></span> <span class='ocrx_word' id='word_1_204' title='bbox 551 2978 805 3046; x_wconf 88' lang='lat' dir='ltr'><strong>excidio</strong></span> <span class='ocrx_word' id='word_1_205' title='bbox 850 2979 1111 3062; x_wconf 85' lang='lat' dir='ltr'><strong>templi,</strong></span> <span class='ocrx_word' id='word_1_206' title='bbox 1159 2978 1473 3044; x_wconf 89' lang='lat' dir='ltr'><strong>eiusmodi</strong></span> <span class='ocrx_word' id='word_1_207' title='bbox 1534 2977 1924 3061; x_wconf 86' lang='lat' dir='ltr'><strong>pollutiones</strong></span> <span class='ocrx_word' id='word_1_208' title='bbox 1966 2982 2124 3044; x_wconf 89' lang='lat' dir='ltr'><strong>satis</strong></span> <span class='ocrx_word' id='word_1_209' title='bbox 2171 2992 2393 3062; x_wconf 87' lang='lat' dir='ltr'><strong>aperte</strong></span> 
     </span>
     <span class='ocr_line' id='line_1_30' title="bbox 446 3064 2395 3150; baseline -0.001 -18"><span class='ocrx_word' id='word_1_210' title='bbox 446 3067 624 3132; x_wconf 88' lang='lat' dir='ltr'><strong>ultus</strong></span> <span class='ocrx_word' id='word_1_211' title='bbox 670 3067 883 3131; x_wconf 88' lang='lat' dir='ltr'><strong>fuerit.</strong></span> <span class='ocrx_word' id='word_1_212' title='bbox 930 3064 1286 3130; x_wconf 89' lang='lat' dir='ltr'><strong>Distinotio</strong></span> <span class='ocrx_word' id='word_1_213' title='bbox 1329 3065 1550 3146; x_wconf 88' lang='lat' dir='ltr'><strong>itaque</strong></span> <span class='ocrx_word' id='word_1_214' title='bbox 1591 3064 1670 3129; x_wconf 92' lang='lat' dir='ltr'><strong>de</strong></span> <span class='ocrx_word' id='word_1_215' title='bbox 1714 3087 1842 3148; x_wconf 92' lang='lat' dir='ltr'><strong>qua</strong></span> <span class='ocrx_word' id='word_1_216' title='bbox 1888 3087 2061 3131; x_wconf 91' lang='lat' dir='ltr'><strong>nunc</strong></span> <span class='ocrx_word' id='word_1_217' title='bbox 2106 3065 2395 3150; x_wconf 91' lang='lat' dir='ltr'><strong>loquitur</strong></span> 
     </span>
     <span class='ocr_line' id='line_1_31' title="bbox 444 3150 2395 3234; baseline -0.001 -16"><span class='ocrx_word' id='word_1_218' title='bbox 444 3153 694 3233; x_wconf 87' lang='lat' dir='ltr'><strong>Moses,</strong></span> <span class='ocrx_word' id='word_1_219' title='bbox 742 3173 850 3217; x_wconf 90' lang='lat' dir='ltr'><strong>eos</strong></span> <span class='ocrx_word' id='word_1_220' title='bbox 894 3150 1116 3216; x_wconf 87' lang='lat' dir='ltr'><strong>fallere</strong></span> <span class='ocrx_word' id='word_1_221' title='bbox 1162 3171 1290 3215; x_wconf 89' lang='lat' dir='ltr'><strong>non</strong></span> <span class='ocrx_word' id='word_1_222' title='bbox 1338 3151 1578 3233; x_wconf 90' lang='lat' dir='ltr'><strong>potuit,</strong></span> <span class='ocrx_word' id='word_1_223' title='bbox 1640 3151 1767 3215; x_wconf 90' lang='lat' dir='ltr'><strong>nisi</strong></span> <span class='ocrx_word' id='word_1_224' title='bbox 1815 3166 2044 3234; x_wconf 87' lang='lat' dir='ltr'><strong>sponte</strong></span> <span class='ocrx_word' id='word_1_225' title='bbox 2090 3150 2395 3217; x_wconf 87' lang='lat' dir='ltr'><strong>tenebras</strong></span> 
     </span>
     <span class='ocr_line' id='line_1_32' title="bbox 443 3236 2395 3320; baseline -0.001 -17"><span class='ocrx_word' id='word_1_226' title='bbox 443 3238 576 3305; x_wconf 91' lang='lat' dir='ltr'><strong>luci</strong></span> <span class='ocrx_word' id='word_1_227' title='bbox 610 3236 1022 3304; x_wconf 90' lang='lat' dir='ltr'><strong>obducerent.</strong></span> <span class='ocrx_word' id='word_1_228' title='bbox 1089 3237 1297 3302; x_wconf 89' lang='lat' dir='ltr'><strong>Porro</strong></span> <span class='ocrx_word' id='word_1_229' title='bbox 1345 3237 1496 3319; x_wconf 90' lang='lat' dir='ltr'><strong>quia</strong></span> <span class='ocrx_word' id='word_1_230' title='bbox 1538 3257 1687 3301; x_wconf 90' lang='lat' dir='ltr'><strong>raro</strong></span> <span class='ocrx_word' id='word_1_231' title='bbox 1731 3238 2051 3320; x_wconf 88' lang='lat' dir='ltr'><strong>contingit</strong></span> <span class='ocrx_word' id='word_1_232' title='bbox 2095 3238 2395 3302; x_wconf 91' lang='lat' dir='ltr'><strong>homines</strong></span> 
     </span>
     <span class='ocr_line' id='line_1_33' title="bbox 442 3322 2395 3407; baseline -0.001 -18"><span class='ocrx_word' id='word_1_233' title='bbox 442 3326 514 3390; x_wconf 91' lang='lat' dir='ltr'><strong>in</strong></span> <span class='ocrx_word' id='word_1_234' title='bbox 547 3325 743 3390; x_wconf 88' lang='lat' dir='ltr'><strong>rebus</strong></span> <span class='ocrx_word' id='word_1_235' title='bbox 790 3323 1115 3407; x_wconf 89' lang='lat' dir='ltr'><strong>prosperis</strong></span> <span class='ocrx_word' id='word_1_236' title='bbox 1158 3344 1404 3406; x_wconf 84' lang='lat' dir='ltr'><strong>sapere,</strong></span> <span class='ocrx_word' id='word_1_237' title='bbox 1450 3322 1753 3386; x_wconf 89' lang='lat' dir='ltr'><strong>hortatur</strong></span> <span class='ocrx_word' id='word_1_238' title='bbox 1788 3323 2008 3388; x_wconf 86' lang='lat' dir='ltr'><strong>Moses</strong></span> <span class='ocrx_word' id='word_1_239' title='bbox 2047 3324 2395 3403; x_wconf 87' lang='lat' dir='ltr'><strong>Israelitas,</strong></span> 
     </span>
     <span class='ocr_line' id='line_1_34' title="bbox 445 3408 2394 3487; baseline -0.001 -12"><span class='ocrx_word' id='word_1_240' title='bbox 445 3419 524 3475; x_wconf 89' lang='lat' dir='ltr'><strong>ut</strong></span> <span class='ocrx_word' id='word_1_241' title='bbox 556 3411 784 3476; x_wconf 88' lang='lat' dir='ltr'><strong>saltem</strong></span> <span class='ocrx_word' id='word_1_242' title='bbox 826 3409 1078 3474; x_wconf 90' lang='lat' dir='ltr'><strong>duriter</strong></span> <span class='ocrx_word' id='word_1_243' title='bbox 1113 3409 1354 3487; x_wconf 77' lang='lat' dir='ltr'><strong>afflicti,</strong></span> <span class='ocrx_word' id='word_1_244' title='bbox 1393 3408 1474 3473; x_wconf 91' lang='lat' dir='ltr'><strong>ad</strong></span> <span class='ocrx_word' id='word_1_245' title='bbox 1512 3428 1736 3472; x_wconf 91' lang='lat' dir='ltr'><strong>sanam</strong></span> <span class='ocrx_word' id='word_1_246' title='bbox 1764 3420 2051 3472; x_wconf 87' lang='lat' dir='ltr'><strong>mentem</strong></span> <span class='ocrx_word' id='word_1_247' title='bbox 2089 3408 2394 3474; x_wconf 85' lang='lat' dir='ltr'><strong>redeant:</strong></span> 
     </span>
     <span class='ocr_line' id='line_1_35' title="bbox 442 3493 2395 3578; baseline -0.001 -16"><span class='ocrx_word' id='word_1_248' title='bbox 442 3496 712 3562; x_wconf 87' lang='lat' dir='ltr'><strong>exsules</strong></span> <span class='ocrx_word' id='word_1_249' title='bbox 744 3498 916 3560; x_wconf 87' lang='lat' dir='ltr'><strong>enim</strong></span> <span class='ocrx_word' id='word_1_250' title='bbox 958 3495 1340 3578; x_wconf 85' lang='lat' dir='ltr'><strong>alloquitur,</strong></span> <span class='ocrx_word' id='word_1_251' title='bbox 1395 3493 1629 3577; x_wconf 90' lang='lat' dir='ltr'><strong>quibus</strong></span> <span class='ocrx_word' id='word_1_252' title='bbox 1666 3515 1704 3559; x_wconf 90' lang='lat' dir='ltr'><strong>a</strong></span> <span class='ocrx_word' id='word_1_253' title='bbox 1738 3494 1879 3558; x_wconf 93' lang='lat' dir='ltr'><strong>Deo</strong></span> <span class='ocrx_word' id='word_1_254' title='bbox 1925 3495 2395 3575; x_wconf 84' lang='lat' dir='ltr'><strong>exhaeredatis,</strong></span> 
     </span>
     <span class='ocr_line' id='line_1_36' title="bbox 442 3581 2392 3667; baseline -0.001 -19"><span class='ocrx_word' id='word_1_255' title='bbox 442 3582 611 3648; x_wconf 90' lang='lat' dir='ltr'><strong>nihil</strong></span> <span class='ocrx_word' id='word_1_256' title='bbox 660 3585 795 3665; x_wconf 89' lang='lat' dir='ltr'><strong>spei</strong></span> <span class='ocrx_word' id='word_1_257' title='bbox 831 3582 1177 3667; x_wconf 87' lang='lat' dir='ltr'><strong>reliquum.</strong></span> <span class='ocrx_word' id='word_1_258' title='bbox 1250 3581 1583 3646; x_wconf 65' lang='lat' dir='ltr'><strong>Promittis:</strong></span> <span class='ocrx_word' id='word_1_259' title='bbox 1632 3588 1871 3656; x_wconf 88' lang='lat' dir='ltr'><strong>autem,</strong></span> <span class='ocrx_word' id='word_1_260' title='bbox 1923 3581 1977 3645; x_wconf 90' lang='lat' dir='ltr'><strong>si</strong></span> <span class='ocrx_word' id='word_1_261' title='bbox 2024 3582 2278 3663; x_wconf 82' lang='lat' dir='ltr'><strong>expulsi</strong></span> <span class='ocrx_word' id='word_1_262' title='bbox 2323 3582 2392 3646; x_wconf 92' lang='lat' dir='ltr'><strong>in</strong></span> 
     </span>
     <span class='ocr_line' id='line_1_37' title="bbox 445 3666 2389 3752; baseline -0.001 -18"><span class='ocrx_word' id='word_1_263' title='bbox 445 3681 657 3734; x_wconf 89' lang='lat' dir='ltr'><strong>terras</strong></span> <span class='ocrx_word' id='word_1_264' title='bbox 681 3668 1076 3752; x_wconf 90' lang='lat' dir='ltr'><strong>longinquas</strong></span> <span class='ocrx_word' id='word_1_265' title='bbox 1097 3667 1361 3731; x_wconf 90' lang='lat' dir='ltr'><strong>tandem</strong></span> <span class='ocrx_word' id='word_1_266' title='bbox 1389 3666 1805 3748; x_wconf 88' lang='lat' dir='ltr'><strong>resipuerint,</strong></span> <span class='ocrx_word' id='word_1_267' title='bbox 1844 3667 2060 3732; x_wconf 91' lang='lat' dir='ltr'><strong>Deum</strong></span> <span class='ocrx_word' id='word_1_268' title='bbox 2086 3668 2221 3732; x_wconf 85' lang='lat' dir='ltr'><strong>fore</strong></span> <span class='ocrx_word' id='word_1_269' title='bbox 2241 3688 2389 3732; x_wconf 89' lang='lat' dir='ltr'><strong>exo·</strong></span> 
     </span>
     <span class='ocr_line' id='line_1_38' title="bbox 444 3751 2396 3836; baseline -0.001 -17"><span class='ocrx_word' id='word_1_270' title='bbox 444 3754 740 3820; x_wconf 84' lang='lat' dir='ltr'><strong>rabilem.</strong></span> <span class='ocrx_word' id='word_1_271' title='bbox 833 3754 934 3818; x_wconf 91' lang='lat' dir='ltr'><strong>Ad</strong></span> <span class='ocrx_word' id='word_1_272' title='bbox 982 3775 1092 3820; x_wconf 90' lang='lat' dir='ltr'><strong>cor</strong></span> <span class='ocrx_word' id='word_1_273' title='bbox 1136 3754 1312 3818; x_wconf 89' lang='lat' dir='ltr'><strong>enim</strong></span> <span class='ocrx_word' id='word_1_274' title='bbox 1361 3751 1701 3836; x_wconf 86' lang='lat' dir='ltr'><strong>reducere,</strong></span> <span class='ocrx_word' id='word_1_275' title='bbox 1769 3752 2156 3817; x_wconf 88' lang='lat' dir='ltr'><strong>tantundem</strong></span> <span class='ocrx_word' id='word_1_276' title='bbox 2220 3754 2396 3818; x_wconf 85' lang='lat' dir='ltr'><strong>valet</strong></span> 
     </span>
     <span class='ocr_line' id='line_1_39' title="bbox 444 3837 2391 3924; baseline -0.001 -19"><span class='ocrx_word' id='word_1_277' title='bbox 444 3849 639 3924; x_wconf 87' lang='lat' dir='ltr'><strong>atque</strong></span> <span class='ocrx_word' id='word_1_278' title='bbox 706 3840 1073 3922; x_wconf 86' lang='lat' dir='ltr'><strong>expendere</strong></span> <span class='ocrx_word' id='word_1_279' title='bbox 1131 3837 1302 3922; x_wconf 89' lang='lat' dir='ltr'><strong>quod</strong></span> <span class='ocrx_word' id='word_1_280' title='bbox 1363 3850 1513 3902; x_wconf 89' lang='lat' dir='ltr'><strong>ante</strong></span> <span class='ocrx_word' id='word_1_281' title='bbox 1563 3858 1681 3920; x_wconf 92' lang='lat' dir='ltr'><strong>per</strong></span> <span class='ocrx_word' id='word_1_282' title='bbox 1746 3848 2221 3921; x_wconf 90' lang='lat' dir='ltr'><strong>contemptum,</strong></span> <span class='ocrx_word' id='word_1_283' title='bbox 2289 3841 2391 3905; x_wconf 87' lang='lat' dir='ltr'><strong>vel</strong></span> 
     </span>
     <span class='ocr_line' id='line_1_40' title="bbox 449 3923 2394 4011; baseline -0.001 -20"><span class='ocrx_word' id='word_1_284' title='bbox 449 3926 954 4011; x_wconf 85' lang='lat' dir='ltr'><strong>negligentiam,</strong></span> <span class='ocrx_word' id='word_1_285' title='bbox 1024 3924 1125 3990; x_wconf 91' lang='lat' dir='ltr'><strong>vel</strong></span> <span class='ocrx_word' id='word_1_286' title='bbox 1194 3923 1554 3990; x_wconf 90' lang='lat' dir='ltr'><strong>socordiam</strong></span> <span class='ocrx_word' id='word_1_287' title='bbox 1635 3933 1927 4007; x_wconf 89' lang='lat' dir='ltr'><strong>spretum</strong></span> <span class='ocrx_word' id='word_1_288' title='bbox 2003 3926 2249 4004; x_wconf 87' lang='lat' dir='ltr'><strong>fuerat,</strong></span> <span class='ocrx_word' id='word_1_289' title='bbox 2330 3936 2394 3990; x_wconf 89' lang='lat' dir='ltr'><strong>ct</strong></span> 
     </span>
     <span class='ocr_line' id='line_1_41' title="bbox 446 4009 2392 4095; baseline 0.001 -20"><span class='ocrx_word' id='word_1_290' title='bbox 446 4013 629 4095; x_wconf 88' lang='lat' dir='ltr'><strong>quasi</strong></span> <span class='ocrx_word' id='word_1_291' title='bbox 711 4010 1084 4076; x_wconf 86' lang='lat' dir='ltr'><strong>voluntaria</strong></span> <span class='ocrx_word' id='word_1_292' title='bbox 1167 4009 1494 4074; x_wconf 87' lang='lat' dir='ltr'><strong>oblivione</strong></span> <span class='ocrx_word' id='word_1_293' title='bbox 1574 4010 1924 4093; x_wconf 90' lang='lat' dir='ltr'><strong>sepultum.</strong></span> <span class='ocrx_word' id='word_1_294' title='bbox 2039 4009 2392 4076; x_wconf 81' lang='lat' dir='ltr'><strong>Caeterum</strong></span> 
     </span>
     <span class='ocr_line' id='line_1_42' title="bbox 447 4094 2391 4173; baseline 0 -11"><span class='ocrx_word' id='word_1_295' title='bbox 447 4120 531 4163; x_wconf 91' lang='lat' dir='ltr'><strong>ne</strong></span> <span class='ocrx_word' id='word_1_296' title='bbox 565 4097 880 4164; x_wconf 81' lang='lat' dir='ltr'><strong>facilitate</strong></span> <span class='ocrx_word' id='word_1_297' title='bbox 926 4097 1053 4161; x_wconf 91' lang='lat' dir='ltr'><strong>Dei</strong></span> <span class='ocrx_word' id='word_1_298' title='bbox 1089 4097 1335 4173; x_wconf 89' lang='lat' dir='ltr'><strong>confisi,</strong></span> <span class='ocrx_word' id='word_1_299' title='bbox 1381 4094 1781 4161; x_wconf 87' lang='lat' dir='ltr'><strong>defunctorie</strong></span> <span class='ocrx_word' id='word_1_300' title='bbox 1825 4102 2082 4159; x_wconf 89' lang='lat' dir='ltr'><strong>tantum</strong></span> <span class='ocrx_word' id='word_1_301' title='bbox 2130 4097 2391 4162; x_wconf 86' lang='lat' dir='ltr'><strong>veniam</strong></span> 
     </span>
     <span class='ocr_line' id='line_1_43' title="bbox 442 4181 2389 4267; baseline -0.002 -18"><span class='ocrx_word' id='word_1_302' title='bbox 442 4191 706 4267; x_wconf 88' lang='lat' dir='ltr'><strong>petant,</strong></span> <span class='ocrx_word' id='word_1_303' title='bbox 771 4182 1059 4266; x_wconf 87' lang='lat' dir='ltr'><strong>exigitur</strong></span> <span class='ocrx_word' id='word_1_304' title='bbox 1106 4183 1278 4246; x_wconf 90' lang='lat' dir='ltr'><strong>seria</strong></span> <span class='ocrx_word' id='word_1_305' title='bbox 1333 4183 1709 4260; x_wconf 86' lang='lat' dir='ltr'><strong>conversio,</strong></span> <span class='ocrx_word' id='word_1_306' title='bbox 1772 4181 1959 4247; x_wconf 89' lang='lat' dir='ltr'><strong>cuius</strong></span> <span class='ocrx_word' id='word_1_307' title='bbox 2005 4182 2272 4248; x_wconf 87' lang='lat' dir='ltr'><strong>effectus</strong></span> <span class='ocrx_word' id='word_1_308' title='bbox 2320 4182 2389 4247; x_wconf 92' lang='lat' dir='ltr'><strong>in</strong></span> 
     </span>
     <span class='ocr_line' id='line_1_44' title="bbox 444 4267 2391 4352; baseline -0.001 -18"><span class='ocrx_word' id='word_1_309' title='bbox 444 4271 584 4334; x_wconf 83' lang='lat' dir='ltr'><strong>vita</strong></span> <span class='ocrx_word' id='word_1_310' title='bbox 640 4278 980 4352; x_wconf 86' lang='lat' dir='ltr'><strong>appareat:</strong></span> <span class='ocrx_word' id='word_1_311' title='bbox 1047 4269 1212 4333; x_wconf 90' lang='lat' dir='ltr'><strong>sicut</strong></span> <span class='ocrx_word' id='word_1_312' title='bbox 1272 4267 1737 4350; x_wconf 89' lang='lat' dir='ltr'><strong>poenitentiam</strong></span> <span class='ocrx_word' id='word_1_313' title='bbox 1803 4267 2151 4332; x_wconf 89' lang='lat' dir='ltr'><strong>comitatur</strong></span> <span class='ocrx_word' id='word_1_314' title='bbox 2217 4269 2391 4334; x_wconf 83' lang='lat' dir='ltr'><strong>vitae</strong></span> 
     </span>
     <span class='ocr_line' id='line_1_45' title="bbox 445 4353 2391 4419; baseline 0 0"><span class='ocrx_word' id='word_1_315' title='bbox 445 4354 724 4419; x_wconf 83' lang='lat' dir='ltr'><strong>novitas.</strong></span> <span class='ocrx_word' id='word_1_316' title='bbox 814 4353 952 4418; x_wconf 88' lang='lat' dir='ltr'><strong>Nec</strong></span> <span class='ocrx_word' id='word_1_317' title='bbox 996 4362 1255 4418; x_wconf 89' lang='lat' dir='ltr'><strong>tantum</strong></span> <span class='ocrx_word' id='word_1_318' title='bbox 1301 4353 1381 4417; x_wconf 90' lang='lat' dir='ltr'><strong>de</strong></span> <span class='ocrx_word' id='word_1_319' title='bbox 1428 4360 1702 4418; x_wconf 90' lang='lat' dir='ltr'><strong>externa</strong></span> <span class='ocrx_word' id='word_1_320' title='bbox 1758 4353 1935 4416; x_wconf 86' lang='lat' dir='ltr'><strong>vitae</strong></span> <span class='ocrx_word' id='word_1_321' title='bbox 1993 4356 2391 4419; x_wconf 92' lang='lat' dir='ltr'><strong>correctione</strong></span> 
     </span>
     <span class='ocr_line' id='line_1_46' title="bbox 444 4437 2389 4523; baseline -0.001 -18"><span class='ocrx_word' id='word_1_322' title='bbox 444 4440 731 4523; x_wconf 87' lang='lat' dir='ltr'><strong>loquitur</strong></span> <span class='ocrx_word' id='word_1_323' title='bbox 794 4439 1044 4520; x_wconf 85' lang='lat' dir='ltr'><strong>Moses,</strong></span> <span class='ocrx_word' id='word_1_324' title='bbox 1114 4438 1225 4504; x_wconf 89' lang='lat' dir='ltr'><strong>sed</strong></span> <span class='ocrx_word' id='word_1_325' title='bbox 1292 4437 1576 4521; x_wconf 89' lang='lat' dir='ltr'><strong>postulat</strong></span> <span class='ocrx_word' id='word_1_326' title='bbox 1649 4439 1979 4504; x_wconf 90' lang='lat' dir='ltr'><strong>sincerum</strong></span> <span class='ocrx_word' id='word_1_327' title='bbox 2045 4440 2389 4504; x_wconf 84' lang='lat' dir='ltr'><strong>obediendi</strong></span> 
     </span>
     <span class='ocr_line' id='line_1_47' title="bbox 444 4524 2387 4609; baseline -0.002 -16"><span class='ocrx_word' id='word_1_328' title='bbox 444 4525 766 4593; x_wconf 90' lang='lat' dir='ltr'><strong>studium:</strong></span> <span class='ocrx_word' id='word_1_329' title='bbox 826 4526 982 4597; x_wconf 88' lang='lat' dir='ltr'><strong>alibi</strong></span> <span class='ocrx_word' id='word_1_330' title='bbox 1026 4526 1200 4591; x_wconf 88' lang='lat' dir='ltr'><strong>enim</strong></span> <span class='ocrx_word' id='word_1_331' title='bbox 1256 4524 1568 4601; x_wconf 83' lang='lat' dir='ltr'><strong>vidimus,</strong></span> <span class='ocrx_word' id='word_1_332' title='bbox 1625 4532 1834 4590; x_wconf 89' lang='lat' dir='ltr'><strong>totum</strong></span> <span class='ocrx_word' id='word_1_333' title='bbox 1885 4544 1995 4589; x_wconf 91' lang='lat' dir='ltr'><strong>cor</strong></span> <span class='ocrx_word' id='word_1_334' title='bbox 2050 4546 2168 4609; x_wconf 89' lang='lat' dir='ltr'><strong>pro</strong></span> <span class='ocrx_word' id='word_1_335' title='bbox 2220 4526 2387 4590; x_wconf 84' lang='lat' dir='ltr'><strong>inte-</strong></span> 
     </span>
     <span class='ocr_line' id='line_1_48' title="bbox 448 4632 835 4696; baseline -0.003 -20"><span class='ocrx_word' id='word_1_336' title='bbox 448 4632 567 4696; x_wconf 88' lang='lat' dir='ltr'><strong>gro</strong></span> <span class='ocrx_word' id='word_1_337' title='bbox 612 4633 747 4678; x_wconf 77' lang='lat' dir='ltr'><strong>acci</strong></span> <span class='ocrx_word' id='word_1_338' title='bbox 794 4635 835 4676; x_wconf 86' lang='lat'><strong>1.</strong></span> 
     </span>
    </p>

    <p class='ocr_par' dir='ltr' id='par_1_3' title="bbox 428 4634 2394 5462">
     <span class='ocr_line' id='line_1_49' title="bbox 616 4634 2387 4779; baseline 0.001 -18"><span class='ocrx_word' id='word_1_339' title='bbox 616 4697 678 4764; x_wconf 91' lang='grc'><strong>4.</strong></span> <span class='ocrx_word' id='word_1_340' title='bbox 747 4634 823 4763; x_wconf 55' lang='lat' dir='ltr'><strong>gi</strong></span> <span class='ocrx_word' id='word_1_341' title='bbox 878 4697 1076 4779; x_wconf 73' lang='lat' dir='ltr'><strong>fuerit</strong></span> <span class='ocrx_word' id='word_1_342' title='bbox 1148 4695 1441 4777; x_wconf 68' lang='lat' dir='ltr'><strong>expulsus</strong></span> <span class='ocrx_word' id='word_1_343' title='bbox 1503 4700 1670 4762; x_wconf 80' lang='lat' dir='ltr'><strong>tuus.</strong></span> <span class='ocrx_word' id='word_1_344' title='bbox 1756 4694 2085 4776; x_wconf 78' lang='lat' dir='ltr'><strong>Quoniam</strong></span> <span class='ocrx_word' id='word_1_345' title='bbox 2165 4718 2387 4763; x_wconf 89' lang='lat' dir='ltr'><strong>eorum</strong></span> 
     </span>
     <span class='ocr_line' id='line_1_50' title="bbox 448 4781 2394 4866; baseline 0.001 -20"><span class='ocrx_word' id='word_1_346' title='bbox 448 4783 786 4866; x_wconf 88' lang='lat' dir='ltr'><strong>dissipatio</strong></span> <span class='ocrx_word' id='word_1_347' title='bbox 844 4783 913 4847; x_wconf 91' lang='lat' dir='ltr'><strong>in</strong></span> <span class='ocrx_word' id='word_1_348' title='bbox 972 4782 1272 4866; x_wconf 90' lang='lat' dir='ltr'><strong>regiones</strong></span> <span class='ocrx_word' id='word_1_349' title='bbox 1328 4781 1695 4865; x_wconf 88' lang='lat' dir='ltr'><strong>incognitas</strong></span> <span class='ocrx_word' id='word_1_350' title='bbox 1760 4802 1937 4865; x_wconf 90' lang='lat' dir='ltr'><strong>spem</strong></span> <span class='ocrx_word' id='word_1_351' title='bbox 1984 4782 2234 4848; x_wconf 89' lang='lat' dir='ltr'><strong>reditus</strong></span> <span class='ocrx_word' id='word_1_352' title='bbox 2278 4783 2394 4848; x_wconf 90' lang='lat' dir='ltr'><strong>ab·</strong></span> 
     </span>
     <span class='ocr_line' id='line_1_51' title="bbox 447 4866 2389 4952; baseline 0.001 -20"><span class='ocrx_word' id='word_1_353' title='bbox 447 4868 742 4935; x_wconf 80' lang='lat' dir='ltr'><strong>scindere</strong></span> <span class='ocrx_word' id='word_1_354' title='bbox 797 4878 1078 4952; x_wconf 90' lang='lat' dir='ltr'><strong>poterat,</strong></span> <span class='ocrx_word' id='word_1_355' title='bbox 1146 4869 1299 4933; x_wconf 90' lang='lat' dir='ltr'><strong>huic</strong></span> <span class='ocrx_word' id='word_1_356' title='bbox 1366 4866 1772 4933; x_wconf 88' lang='lat' dir='ltr'><strong>diffidentiae</strong></span> <span class='ocrx_word' id='word_1_357' title='bbox 1815 4871 2094 4934; x_wconf 86' lang='lat' dir='ltr'><strong>occurrit</strong></span> <span class='ocrx_word' id='word_1_358' title='bbox 2140 4870 2389 4934; x_wconf 89' lang='lat' dir='ltr'><strong>Moses:</strong></span> 
     </span>
     <span class='ocr_line' id='line_1_52' title="bbox 446 4953 2391 5038; baseline 0.001 -18"><span class='ocrx_word' id='word_1_359' title='bbox 446 4963 516 5020; x_wconf 90' lang='lat' dir='ltr'><strong>et</strong></span> <span class='ocrx_word' id='word_1_360' title='bbox 572 4955 871 5038; x_wconf 83' lang='lat' dir='ltr'><strong>quamvis</strong></span> <span class='ocrx_word' id='word_1_361' title='bbox 914 4956 981 5018; x_wconf 93' lang='lat' dir='ltr'><strong>in</strong></span> <span class='ocrx_word' id='word_1_362' title='bbox 1030 4963 1358 5019; x_wconf 90' lang='lat' dir='ltr'><strong>extremas</strong></span> <span class='ocrx_word' id='word_1_363' title='bbox 1416 4954 1645 5020; x_wconf 92' lang='lat' dir='ltr'><strong>mundi</strong></span> <span class='ocrx_word' id='word_1_364' title='bbox 1703 4953 1929 5038; x_wconf 88' lang='lat' dir='ltr'><strong>plagas</strong></span> <span class='ocrx_word' id='word_1_365' title='bbox 1988 4954 2231 5018; x_wconf 85' lang='lat' dir='ltr'><strong>fuerint</strong></span> <span class='ocrx_word' id='word_1_366' title='bbox 2279 4978 2391 5021; x_wconf 89' lang='lat' dir='ltr'><strong>ex-</strong></span> 
     </span>
     <span class='ocr_line' id='line_1_53' title="bbox 448 5039 2388 5124; baseline 0.001 -19"><span class='ocrx_word' id='word_1_367' title='bbox 448 5040 652 5123; x_wconf 86' lang='lat' dir='ltr'><strong>pulsi,</strong></span> <span class='ocrx_word' id='word_1_368' title='bbox 706 5042 1090 5105; x_wconf 87' lang='lat' dir='ltr'><strong>immensam</strong></span> <span class='ocrx_word' id='word_1_369' title='bbox 1137 5041 1262 5105; x_wconf 91' lang='lat' dir='ltr'><strong>Dei</strong></span> <span class='ocrx_word' id='word_1_370' title='bbox 1309 5043 1663 5124; x_wconf 90' lang='lat' dir='ltr'><strong>potentiam</strong></span> <span class='ocrx_word' id='word_1_371' title='bbox 1725 5040 2020 5105; x_wconf 86' lang='lat' dir='ltr'><strong>sufficere</strong></span> <span class='ocrx_word' id='word_1_372' title='bbox 2073 5039 2260 5106; x_wconf 90' lang='lat' dir='ltr'><strong>docet</strong></span> <span class='ocrx_word' id='word_1_373' title='bbox 2306 5042 2388 5107; x_wconf 88' lang='lat' dir='ltr'><strong>ad</strong></span> 
     </span>
     <span class='ocr_line' id='line_1_54' title="bbox 449 5124 2387 5214; baseline 0.001 -25"><span class='ocrx_word' id='word_1_374' title='bbox 449 5129 625 5210; x_wconf 90' lang='lat' dir='ltr'><strong>ipsos</strong></span> <span class='ocrx_word' id='word_1_375' title='bbox 669 5125 1103 5210; x_wconf 87' lang='lat' dir='ltr'><strong>colligendos:</strong></span> <span class='ocrx_word' id='word_1_376' title='bbox 1170 5126 1362 5192; x_wconf 88' lang='lat' dir='ltr'><strong>sicuti</strong></span> <span class='ocrx_word' id='word_1_377' title='bbox 1421 5128 1617 5191; x_wconf 89' lang='lat' dir='ltr'><strong>etiam</strong></span> <span class='ocrx_word' id='word_1_378' title='bbox 1663 5129 1730 5190; x_wconf 91' lang='lat' dir='ltr'><strong>in</strong></span> <span class='ocrx_word' id='word_1_379' title='bbox 1782 5125 2046 5190; x_wconf 88' lang='lat' dir='ltr'><strong>Psalmo</strong></span> <span class='ocrx_word' id='word_1_380' title='bbox 2091 5124 2273 5212; x_wconf 83' lang='lat'><strong>(147,</strong></span> <span class='ocrx_word' id='word_1_381' title='bbox 2320 5126 2387 5214; x_wconf 83' lang='lat'><strong>2)</strong></span> 
     </span>
     <span class='ocr_line' id='line_1_55' title="bbox 449 5210 2390 5295; baseline 0.002 -20"><span class='ocrx_word' id='word_1_382' title='bbox 449 5211 724 5279; x_wconf 88' lang='lat' dir='ltr'><strong>dicitur:</strong></span> <span class='ocrx_word' id='word_1_383' title='bbox 781 5211 1151 5278; x_wconf 88' lang='lat' dir='ltr'><strong>Aedificans</strong></span> <span class='ocrx_word' id='word_1_384' title='bbox 1191 5211 1551 5277; x_wconf 89' lang='lat' dir='ltr'><strong>Ierusalem</strong></span> <span class='ocrx_word' id='word_1_385' title='bbox 1615 5210 1894 5288; x_wconf 86' lang='lat' dir='ltr'><strong>Iehova,</strong></span> <span class='ocrx_word' id='word_1_386' title='bbox 1954 5210 2390 5295; x_wconf 87' lang='lat' dir='ltr'><strong>dispersiones</strong></span> 
     </span>
     <span class='ocr_line' id='line_1_56' title="bbox 445 5295 2385 5398; baseline 0 -34"><span class='ocrx_word' id='word_1_387' title='bbox 445 5296 714 5364; x_wconf 87' lang='lat' dir='ltr'><strong>Israelis</strong></span> <span class='ocrx_word' id='word_1_388' title='bbox 770 5297 1209 5398; x_wconf 82' lang='lat' dir='ltr'><strong>congregabit.</strong></span> <span class='ocrx_word' id='word_1_389' title='bbox 1296 5297 1443 5364; x_wconf 90' lang='lat' dir='ltr'><strong>Hoc</strong></span> <span class='ocrx_word' id='word_1_390' title='bbox 1499 5296 1764 5363; x_wconf 91' lang='lat' dir='ltr'><strong>consilio</strong></span> <span class='ocrx_word' id='word_1_391' title='bbox 1822 5295 1921 5361; x_wconf 90' lang='lat' dir='ltr'><strong>bis</strong></span> <span class='ocrx_word' id='word_1_392' title='bbox 1964 5298 2230 5380; x_wconf 91' lang='lat' dir='ltr'><strong>ponitur</strong></span> <span class='ocrx_word' id='word_1_393' title='bbox 2272 5298 2385 5364; x_wconf 86' lang='lat' dir='ltr'><strong>ad—</strong></span> 
     </span>
     <span class='ocr_line' id='line_1_57' title="bbox 428 5383 2386 5462; baseline 0.002 -14"><span class='ocrx_word' id='word_1_394' title='bbox 428 5384 747 5451; x_wconf 85' lang='lat' dir='ltr'><strong>-verbium</strong></span> <span class='ocrx_word' id='word_1_395' title='bbox 809 5383 1032 5462; x_wconf 81' lang='lat' dir='ltr'><strong>Illinc,</strong></span> <span class='ocrx_word' id='word_1_396' title='bbox 1099 5403 1183 5448; x_wconf 89' lang='lat' dir='ltr'><strong>ne</strong></span> <span class='ocrx_word' id='word_1_397' title='bbox 1244 5384 1528 5450; x_wconf 90' lang='lat' dir='ltr'><strong>locorum</strong></span> <span class='ocrx_word' id='word_1_398' title='bbox 1604 5383 1986 5449; x_wconf 88' lang='lat' dir='ltr'><strong>distantiam</strong></span> <span class='ocrx_word' id='word_1_399' title='bbox 2056 5383 2386 5451; x_wconf 86' lang='lat' dir='ltr'><strong>obstaculo</strong></span> 
     </span>
    </p>
   </div>
   <div class='ocr_carea' id='block_1_3' title="bbox 2441 668 2455 5440">
    <p class='ocr_par' dir='ltr' id='par_1_4' title="bbox 2441 668 2455 5440">
     <span class='ocr_line' id='line_1_58' title="bbox 2441 668 2455 5440; baseline 0 0"><span class='ocrx_word' id='word_1_400' title='bbox 2441 668 2455 5440; x_wconf 95' lang='lat' dir='ltr'><strong> </strong></span> 
     </span>
    </p>
   </div>
   <div class='ocr_carea' id='block_1_4' title="bbox 4370 473 4470 541">
    <p class='ocr_par' dir='ltr' id='par_1_5' title="bbox 4370 473 4470 541">
     <span class='ocr_line' id='line_1_59' title="bbox 4370 473 4470 541; baseline -0.01 0"><span class='ocrx_word' id='word_1_401' title='bbox 4370 473 4470 541; x_wconf 82' lang='lat'><strong>54·</strong></span> 
     </span>
    </p>
   </div>
   <div class='ocr_carea' id='block_1_5' title="bbox 2490 661 4469 4866">
    <p class='ocr_par' dir='ltr' id='par_1_6' title="bbox 2492 661 4450 1175">
     <span class='ocr_line' id='line_1_60' title="bbox 2497 661 4450 747; baseline 0.003 -22"><span class='ocrx_word' id='word_1_402' title='bbox 2497 661 2635 726; x_wconf 83' lang='lat' dir='ltr'><strong>fore</strong></span> <span class='ocrx_word' id='word_1_403' title='bbox 2679 662 3129 745; x_wconf 87' lang='lat' dir='ltr'><strong>imaginentur</strong></span> <span class='ocrx_word' id='word_1_404' title='bbox 3172 664 3517 747; x_wconf 89' lang='lat' dir='ltr'><strong>quominus</strong></span> <span class='ocrx_word' id='word_1_405' title='bbox 3551 663 3824 746; x_wconf 89' lang='lat' dir='ltr'><strong>impleat</strong></span> <span class='ocrx_word' id='word_1_406' title='bbox 3860 664 4044 729; x_wconf 89' lang='lat' dir='ltr'><strong>Deus</strong></span> <span class='ocrx_word' id='word_1_407' title='bbox 4078 663 4248 746; x_wconf 92' lang='lat' dir='ltr'><strong>quod</strong></span> <span class='ocrx_word' id='word_1_408' title='bbox 4295 686 4450 747; x_wconf 86' lang='lat' dir='ltr'><strong>pro·</strong></span> 
     </span>
     <span class='ocr_line' id='line_1_61' title="bbox 2497 747 4446 833; baseline 0.003 -22"><span class='ocrx_word' id='word_1_409' title='bbox 2497 747 2692 812; x_wconf 90' lang='lat' dir='ltr'><strong>misit.</strong></span> <span class='ocrx_word' id='word_1_410' title='bbox 2801 749 3012 813; x_wconf 88' lang='lat' dir='ltr'><strong>Porro</strong></span> <span class='ocrx_word' id='word_1_411' title='bbox 3084 770 3214 814; x_wconf 91' lang='lat' dir='ltr'><strong>non</strong></span> <span class='ocrx_word' id='word_1_412' title='bbox 3261 764 3507 816; x_wconf 89' lang='lat' dir='ltr'><strong>temere</strong></span> <span class='ocrx_word' id='word_1_413' title='bbox 3578 749 3906 833; x_wconf 90' lang='lat' dir='ltr'><strong>praecipui</strong></span> <span class='ocrx_word' id='word_1_414' title='bbox 3952 750 4253 815; x_wconf 87' lang='lat' dir='ltr'><strong>beneficii</strong></span> <span class='ocrx_word' id='word_1_415' title='bbox 4301 750 4446 817; x_wconf 88' lang='lat' dir='ltr'><strong>loco</strong></span> 
     </span>
     <span class='ocr_line' id='line_1_62' title="bbox 2498 832 4441 915; baseline 0.002 -18"><span class='ocrx_word' id='word_1_416' title='bbox 2498 832 2975 899; x_wconf 88' lang='lat' dir='ltr'><strong>habitationem</strong></span> <span class='ocrx_word' id='word_1_417' title='bbox 3020 834 3091 897; x_wconf 91' lang='lat' dir='ltr'><strong>in</strong></span> <span class='ocrx_word' id='word_1_418' title='bbox 3130 846 3305 899; x_wconf 86' lang='lat' dir='ltr'><strong>terra</strong></span> <span class='ocrx_word' id='word_1_419' title='bbox 3328 835 3646 901; x_wconf 83' lang='lat' dir='ltr'><strong>Chanaan</strong></span> <span class='ocrx_word' id='word_1_420' title='bbox 3669 834 4001 915; x_wconf 88' lang='lat' dir='ltr'><strong>celebrari,</strong></span> <span class='ocrx_word' id='word_1_421' title='bbox 4039 835 4192 901; x_wconf 88' lang='lat' dir='ltr'><strong>alibi</strong></span> <span class='ocrx_word' id='word_1_422' title='bbox 4220 837 4441 901; x_wconf 89' lang='lat' dir='ltr'><strong>visum</strong></span> 
     </span>
     <span class='ocr_line' id='line_1_63' title="bbox 2492 918 4444 1005; baseline 0.003 -23"><span class='ocrx_word' id='word_1_423' title='bbox 2492 918 2646 983; x_wconf 89' lang='lat' dir='ltr'><strong>fuit:</strong></span> <span class='ocrx_word' id='word_1_424' title='bbox 2692 922 2848 1002; x_wconf 90' lang='lat' dir='ltr'><strong>quia</strong></span> <span class='ocrx_word' id='word_1_425' title='bbox 2885 941 3088 1002; x_wconf 90' lang='lat' dir='ltr'><strong>usque</strong></span> <span class='ocrx_word' id='word_1_426' title='bbox 3117 920 3200 985; x_wconf 90' lang='lat' dir='ltr'><strong>ad</strong></span> <span class='ocrx_word' id='word_1_427' title='bbox 3239 921 3491 987; x_wconf 80' lang='lat' dir='ltr'><strong>Christi</strong></span> <span class='ocrx_word' id='word_1_428' title='bbox 3516 921 3871 987; x_wconf 87' lang='lat' dir='ltr'><strong>adventum</strong></span> <span class='ocrx_word' id='word_1_429' title='bbox 3908 942 4087 1005; x_wconf 90' lang='lat' dir='ltr'><strong>spem</strong></span> <span class='ocrx_word' id='word_1_430' title='bbox 4139 931 4444 988; x_wconf 88' lang='lat' dir='ltr'><strong>aeternae</strong></span> 
     </span>
     <span class='ocr_line' id='line_1_64' title="bbox 2494 1004 4441 1092; baseline 0.003 -23"><span class='ocrx_word' id='word_1_431' title='bbox 2494 1004 2915 1071; x_wconf 90' lang='lat' dir='ltr'><strong>haereditatis</strong></span> <span class='ocrx_word' id='word_1_432' title='bbox 2952 1014 3212 1071; x_wconf 87' lang='lat' dir='ltr'><strong>terreno</strong></span> <span class='ocrx_word' id='word_1_433' title='bbox 3238 1016 3307 1072; x_wconf 91' lang='lat' dir='ltr'><strong>et</strong></span> <span class='ocrx_word' id='word_1_434' title='bbox 3342 1007 3582 1073; x_wconf 86' lang='lat' dir='ltr'><strong>visibili</strong></span> <span class='ocrx_word' id='word_1_435' title='bbox 3619 1007 3910 1092; x_wconf 85' lang='lat' dir='ltr'><strong>symbolo</strong></span> <span class='ocrx_word' id='word_1_436' title='bbox 3935 1008 4005 1072; x_wconf 90' lang='lat' dir='ltr'><strong>in</strong></span> <span class='ocrx_word' id='word_1_437' title='bbox 4039 1028 4265 1074; x_wconf 90' lang='lat' dir='ltr'><strong>eorum</strong></span> <span class='ocrx_word' id='word_1_438' title='bbox 4296 1010 4441 1074; x_wconf 90' lang='lat' dir='ltr'><strong>ani-</strong></span> 
     </span>
     <span class='ocr_line' id='line_1_65' title="bbox 2494 1091 3225 1175; baseline 0.004 -21"><span class='ocrx_word' id='word_1_439' title='bbox 2494 1091 2620 1156; x_wconf 90' lang='lat' dir='ltr'><strong>mis</strong></span> <span class='ocrx_word' id='word_1_440' title='bbox 2661 1091 2873 1156; x_wconf 83' lang='lat' dir='ltr'><strong>foveri</strong></span> <span class='ocrx_word' id='word_1_441' title='bbox 2921 1094 3225 1175; x_wconf 89' lang='lat' dir='ltr'><strong>oportuit.</strong></span> 
     </span>
    </p>

    <p class='ocr_par' dir='ltr' id='par_1_7' title="bbox 2490 1177 4469 4866">
     <span class='ocr_line' id='line_1_66' title="bbox 2667 1177 4438 1263; baseline 0.002 -22"><span class='ocrx_word' id='word_1_442' title='bbox 2667 1178 2725 1241; x_wconf 88' lang='grc'><strong>6.</strong></span> <span class='ocrx_word' id='word_1_443' title='bbox 2766 1177 2854 1242; x_wconf 76' lang='lat' dir='ltr'><strong>Et</strong></span> <span class='ocrx_word' id='word_1_444' title='bbox 2893 1179 3269 1244; x_wconf 79' lang='lat' dir='ltr'><strong>cirumcidet.</strong></span> <span class='ocrx_word' id='word_1_445' title='bbox 3314 1178 3500 1244; x_wconf 88' lang='lat' dir='ltr'><strong>Haec</strong></span> <span class='ocrx_word' id='word_1_446' title='bbox 3535 1178 3879 1261; x_wconf 89' lang='lat' dir='ltr'><strong>promissio</strong></span> <span class='ocrx_word' id='word_1_447' title='bbox 3915 1178 4109 1263; x_wconf 91' lang='lat' dir='ltr'><strong>longe</strong></span> <span class='ocrx_word' id='word_1_448' title='bbox 4154 1180 4438 1261; x_wconf 87' lang='lat' dir='ltr'><strong>excellit,</strong></span> 
     </span>
     <span class='ocr_line' id='line_1_67' title="bbox 2495 1262 4438 1348; baseline 0.003 -23"><span class='ocrx_word' id='word_1_449' title='bbox 2495 1272 2561 1325; x_wconf 93' lang='lat' dir='ltr'><strong>et</strong></span> <span class='ocrx_word' id='word_1_450' title='bbox 2596 1264 2857 1346; x_wconf 89' lang='lat' dir='ltr'><strong>proprie</strong></span> <span class='ocrx_word' id='word_1_451' title='bbox 2894 1265 2971 1326; x_wconf 88' lang='lat' dir='ltr'><strong>ad</strong></span> <span class='ocrx_word' id='word_1_452' title='bbox 3015 1285 3258 1329; x_wconf 89' lang='lat' dir='ltr'><strong>novum</strong></span> <span class='ocrx_word' id='word_1_453' title='bbox 3295 1262 3521 1329; x_wconf 89' lang='lat' dir='ltr'><strong>foedus</strong></span> <span class='ocrx_word' id='word_1_454' title='bbox 3545 1265 3846 1345; x_wconf 84' lang='lat' dir='ltr'><strong>refertur,</strong></span> <span class='ocrx_word' id='word_1_455' title='bbox 3886 1266 4243 1348; x_wconf 90' lang='lat' dir='ltr'><strong>interprete</strong></span> <span class='ocrx_word' id='word_1_456' title='bbox 4264 1265 4438 1331; x_wconf 89' lang='lat' dir='ltr'><strong>Iere-</strong></span> 
     </span>
     <span class='ocr_line' id='line_1_68' title="bbox 2494 1348 4438 1432; baseline 0.004 -22"><span class='ocrx_word' id='word_1_457' title='bbox 2494 1348 2627 1412; x_wconf 90' lang='lat' dir='ltr'><strong>mia</strong></span> <span class='ocrx_word' id='word_1_458' title='bbox 2662 1348 2775 1431; x_wconf 88' lang='lat' dir='ltr'><strong>qui</strong></span> <span class='ocrx_word' id='word_1_459' title='bbox 2801 1349 3015 1414; x_wconf 92' lang='lat' dir='ltr'><strong>Deum</strong></span> <span class='ocrx_word' id='word_1_460' title='bbox 3056 1352 3150 1415; x_wconf 90' lang='lat' dir='ltr'><strong>ita</strong></span> <span class='ocrx_word' id='word_1_461' title='bbox 3178 1350 3552 1432; x_wconf 89' lang='lat' dir='ltr'><strong>loquentem</strong></span> <span class='ocrx_word' id='word_1_462' title='bbox 3597 1349 3882 1416; x_wconf 89' lang='lat' dir='ltr'><strong>inducit:</strong></span> <span class='ocrx_word' id='word_1_463' title='bbox 3927 1352 4115 1428; x_wconf 89' lang='lat' dir='ltr'><strong>Ecce,</strong></span> <span class='ocrx_word' id='word_1_464' title='bbox 4162 1355 4438 1418; x_wconf 87' lang='lat' dir='ltr'><strong>venient</strong></span> 
     </span>
     <span class='ocr_line' id='line_1_69' title="bbox 2496 1433 4439 1518; baseline 0.003 -21"><span class='ocrx_word' id='word_1_465' title='bbox 2496 1433 2634 1498; x_wconf 90' lang='lat' dir='ltr'><strong>dies</strong></span> <span class='ocrx_word' id='word_1_466' title='bbox 2672 1436 2910 1518; x_wconf 91' lang='lat' dir='ltr'><strong>quibus</strong></span> <span class='ocrx_word' id='word_1_467' title='bbox 2967 1436 3195 1501; x_wconf 87' lang='lat' dir='ltr'><strong>feriam</strong></span> <span class='ocrx_word' id='word_1_468' title='bbox 3242 1457 3388 1501; x_wconf 90' lang='lat' dir='ltr'><strong>cum</strong></span> <span class='ocrx_word' id='word_1_469' title='bbox 3435 1436 3627 1501; x_wconf 90' lang='lat' dir='ltr'><strong>domo</strong></span> <span class='ocrx_word' id='word_1_470' title='bbox 3671 1435 3877 1502; x_wconf 88' lang='lat' dir='ltr'><strong>Israel</strong></span> <span class='ocrx_word' id='word_1_471' title='bbox 3922 1447 3989 1501; x_wconf 89' lang='lat' dir='ltr'><strong>et</strong></span> <span class='ocrx_word' id='word_1_472' title='bbox 4034 1436 4222 1502; x_wconf 91' lang='lat' dir='ltr'><strong>domo</strong></span> <span class='ocrx_word' id='word_1_473' title='bbox 4265 1437 4439 1503; x_wconf 91' lang='lat' dir='ltr'><strong>Iuda</strong></span> 
     </span>
     <span class='ocr_line' id='line_1_70' title="bbox 2494 1518 4442 1605; baseline 0.003 -21"><span class='ocrx_word' id='word_1_474' title='bbox 2494 1518 2721 1586; x_wconf 89' lang='lat' dir='ltr'><strong>foedus</strong></span> <span class='ocrx_word' id='word_1_475' title='bbox 2776 1542 3055 1600; x_wconf 83' lang='lat' dir='ltr'><strong>novum,</strong></span> <span class='ocrx_word' id='word_1_476' title='bbox 3117 1542 3247 1586; x_wconf 91' lang='lat' dir='ltr'><strong>non</strong></span> <span class='ocrx_word' id='word_1_477' title='bbox 3309 1522 3497 1604; x_wconf 91' lang='lat' dir='ltr'><strong>quale</strong></span> <span class='ocrx_word' id='word_1_478' title='bbox 3542 1522 3761 1605; x_wconf 83' lang='lat' dir='ltr'><strong>pepigi</strong></span> <span class='ocrx_word' id='word_1_479' title='bbox 3807 1543 3953 1588; x_wconf 86' lang='lat' dir='ltr'><strong>cum</strong></span> <span class='ocrx_word' id='word_1_480' title='bbox 3999 1523 4292 1605; x_wconf 89' lang='lat' dir='ltr'><strong>patribus</strong></span> <span class='ocrx_word' id='word_1_481' title='bbox 4337 1545 4442 1590; x_wconf 86' lang='lat' dir='ltr'><strong>eo-</strong></span> 
     </span>
     <span class='ocr_line' id='line_1_71' title="bbox 2496 1606 4434 1694; baseline 0.004 -25"><span class='ocrx_word' id='word_1_482' title='bbox 2496 1626 2679 1682; x_wconf 86' lang='lat' dir='ltr'><strong>rum,</strong></span> <span class='ocrx_word' id='word_1_483' title='bbox 2767 1606 2933 1689; x_wconf 92' lang='lat' dir='ltr'><strong>quod</strong></span> <span class='ocrx_word' id='word_1_484' title='bbox 3003 1608 3262 1672; x_wconf 89' lang='lat' dir='ltr'><strong>irritum</strong></span> <span class='ocrx_word' id='word_1_485' title='bbox 3330 1608 3659 1673; x_wconf 89' lang='lat' dir='ltr'><strong>fecerunt:</strong></span> <span class='ocrx_word' id='word_1_486' title='bbox 3737 1609 3849 1673; x_wconf 92' lang='lat' dir='ltr'><strong>sed</strong></span> <span class='ocrx_word' id='word_1_487' title='bbox 3915 1629 4153 1692; x_wconf 89' lang='lat' dir='ltr'><strong>ponam</strong></span> <span class='ocrx_word' id='word_1_488' title='bbox 4221 1609 4434 1694; x_wconf 90' lang='lat' dir='ltr'><strong>legem</strong></span> 
     </span>
     <span class='ocr_line' id='line_1_72' title="bbox 2495 1692 4437 1780; baseline 0.002 -25"><span class='ocrx_word' id='word_1_489' title='bbox 2495 1712 2710 1756; x_wconf 91' lang='lat' dir='ltr'><strong>meam</strong></span> <span class='ocrx_word' id='word_1_490' title='bbox 2766 1693 2835 1756; x_wconf 92' lang='lat' dir='ltr'><strong>in</strong></span> <span class='ocrx_word' id='word_1_491' title='bbox 2896 1693 3259 1758; x_wconf 83' lang='lat' dir='ltr'><strong>visceribus</strong></span> <span class='ocrx_word' id='word_1_492' title='bbox 3286 1692 3334 1780; x_wconf 86' lang='lat'><strong>¹)</strong></span> <span class='ocrx_word' id='word_1_493' title='bbox 3395 1715 3653 1772; x_wconf 90' lang='lat' dir='ltr'><strong>eorum,</strong></span> <span class='ocrx_word' id='word_1_494' title='bbox 3708 1704 3774 1758; x_wconf 89' lang='lat' dir='ltr'><strong>et</strong></span> <span class='ocrx_word' id='word_1_495' title='bbox 3827 1694 3898 1758; x_wconf 93' lang='lat' dir='ltr'><strong>in</strong></span> <span class='ocrx_word' id='word_1_496' title='bbox 3959 1693 4150 1759; x_wconf 90' lang='lat' dir='ltr'><strong>corde</strong></span> <span class='ocrx_word' id='word_1_497' title='bbox 4210 1715 4437 1759; x_wconf 91' lang='lat' dir='ltr'><strong>eorum</strong></span> 
     </span>
     <span class='ocr_line' id='line_1_73' title="bbox 2496 1776 4441 1865; baseline 0.002 -23"><span class='ocrx_word' id='word_1_498' title='bbox 2496 1778 2782 1842; x_wconf 89' lang='lat' dir='ltr'><strong>scribam</strong></span> <span class='ocrx_word' id='word_1_499' title='bbox 2824 1799 2966 1842; x_wconf 89' lang='lat' dir='ltr'><strong>eam</strong></span> <span class='ocrx_word' id='word_1_500' title='bbox 3014 1776 3168 1864; x_wconf 90' lang='lat' dir='ltr'><strong>(Ier.</strong></span> <span class='ocrx_word' id='word_1_501' title='bbox 3208 1779 3310 1860; x_wconf 87' lang='lat'><strong>31,</strong></span> <span class='ocrx_word' id='word_1_502' title='bbox 3354 1778 3483 1865; x_wconf 86' lang='lat'><strong>31).</strong></span> <span class='ocrx_word' id='word_1_503' title='bbox 3552 1778 3730 1843; x_wconf 90' lang='lat' dir='ltr'><strong>Idem</strong></span> <span class='ocrx_word' id='word_1_504' title='bbox 3766 1801 3941 1845; x_wconf 90' lang='lat' dir='ltr'><strong>nunc</strong></span> <span class='ocrx_word' id='word_1_505' title='bbox 3977 1777 4252 1846; x_wconf 89' lang='lat' dir='ltr'><strong>diversis</strong></span> <span class='ocrx_word' id='word_1_506' title='bbox 4298 1801 4441 1847; x_wconf 86' lang='lat' dir='ltr'><strong>ver-</strong></span> 
     </span>
     <span class='ocr_line' id='line_1_74' title="bbox 2496 1863 4443 1948; baseline 0.001 -20"><span class='ocrx_word' id='word_1_507' title='bbox 2496 1863 2599 1928; x_wconf 90' lang='lat' dir='ltr'><strong>bis</strong></span> <span class='ocrx_word' id='word_1_508' title='bbox 2635 1864 3024 1946; x_wconf 90' lang='lat' dir='ltr'><strong>pronunciat</strong></span> <span class='ocrx_word' id='word_1_509' title='bbox 3057 1865 3297 1940; x_wconf 84' lang='lat' dir='ltr'><strong>Moses,</strong></span> <span class='ocrx_word' id='word_1_510' title='bbox 3347 1886 3429 1929; x_wconf 90' lang='lat' dir='ltr'><strong>ne</strong></span> <span class='ocrx_word' id='word_1_511' title='bbox 3481 1887 3597 1930; x_wconf 91' lang='lat' dir='ltr'><strong>suo</strong></span> <span class='ocrx_word' id='word_1_512' title='bbox 3647 1885 3827 1929; x_wconf 89' lang='lat' dir='ltr'><strong>more</strong></span> <span class='ocrx_word' id='word_1_513' title='bbox 3861 1887 3938 1932; x_wconf 88' lang='lat' dir='ltr'><strong>ac</strong></span> <span class='ocrx_word' id='word_1_514' title='bbox 3974 1887 4088 1948; x_wconf 93' lang='lat' dir='ltr'><strong>pro</strong></span> <span class='ocrx_word' id='word_1_515' title='bbox 4125 1887 4244 1931; x_wconf 89' lang='lat' dir='ltr'><strong>sua</strong></span> <span class='ocrx_word' id='word_1_516' title='bbox 4278 1867 4443 1933; x_wconf 84' lang='lat' dir='ltr'><strong>levi-</strong></span> 
     </span>
     <span class='ocr_line' id='line_1_75' title="bbox 2500 1948 4442 2035; baseline 0.003 -23"><span class='ocrx_word' id='word_1_517' title='bbox 2500 1957 2636 2013; x_wconf 88' lang='lat' dir='ltr'><strong>tate</strong></span> <span class='ocrx_word' id='word_1_518' title='bbox 2693 1948 3050 2014; x_wconf 90' lang='lat' dir='ltr'><strong>identidem</strong></span> <span class='ocrx_word' id='word_1_519' title='bbox 3111 1950 3409 2016; x_wconf 90' lang='lat' dir='ltr'><strong>recidant</strong></span> <span class='ocrx_word' id='word_1_520' title='bbox 3442 1950 3787 2016; x_wconf 88' lang='lat' dir='ltr'><strong>Israelitae</strong></span> <span class='ocrx_word' id='word_1_521' title='bbox 3832 1951 3912 2015; x_wconf 87' lang='lat' dir='ltr'><strong>ad</strong></span> <span class='ocrx_word' id='word_1_522' title='bbox 3959 1972 4197 2016; x_wconf 90' lang='lat' dir='ltr'><strong>novam</strong></span> <span class='ocrx_word' id='word_1_523' title='bbox 4243 1955 4442 2035; x_wconf 87' lang='lat' dir='ltr'><strong>perfi-</strong></span> 
     </span>
     <span class='ocr_line' id='line_1_76' title="bbox 2499 2035 4442 2119; baseline 0.003 -20"><span class='ocrx_word' id='word_1_524' title='bbox 2499 2035 2693 2114; x_wconf 88' lang='lat' dir='ltr'><strong>diam,</strong></span> <span class='ocrx_word' id='word_1_525' title='bbox 2738 2035 3001 2100; x_wconf 89' lang='lat' dir='ltr'><strong>eoelesti</strong></span> <span class='ocrx_word' id='word_1_526' title='bbox 3023 2035 3305 2101; x_wconf 90' lang='lat' dir='ltr'><strong>remedio</strong></span> <span class='ocrx_word' id='word_1_527' title='bbox 3341 2057 3504 2119; x_wconf 91' lang='lat' dir='ltr'><strong>opus</strong></span> <span class='ocrx_word' id='word_1_528' title='bbox 3543 2056 3702 2113; x_wconf 90' lang='lat' dir='ltr'><strong>esse,</strong></span> <span class='ocrx_word' id='word_1_529' title='bbox 3750 2047 3822 2101; x_wconf 93' lang='lat' dir='ltr'><strong>ut</strong></span> <span class='ocrx_word' id='word_1_530' title='bbox 3866 2057 3976 2102; x_wconf 90' lang='lat' dir='ltr'><strong>cor</strong></span> <span class='ocrx_word' id='word_1_531' title='bbox 4004 2059 4230 2102; x_wconf 89' lang='lat' dir='ltr'><strong>eorum</strong></span> <span class='ocrx_word' id='word_1_532' title='bbox 4256 2038 4442 2105; x_wconf 88' lang='lat' dir='ltr'><strong>Deus</strong></span> 
     </span>
     <span class='ocr_line' id='line_1_77' title="bbox 2500 2121 4436 2209; baseline 0.003 -23"><span class='ocrx_word' id='word_1_533' title='bbox 2500 2122 2785 2204; x_wconf 85' lang='lat' dir='ltr'><strong>refingat</strong></span> <span class='ocrx_word' id='word_1_534' title='bbox 2820 2142 2895 2186; x_wconf 90' lang='lat' dir='ltr'><strong>ac</strong></span> <span class='ocrx_word' id='word_1_535' title='bbox 2930 2121 3182 2187; x_wconf 88' lang='lat' dir='ltr'><strong>formet.</strong></span> <span class='ocrx_word' id='word_1_536' title='bbox 3253 2123 3333 2185; x_wconf 94' lang='lat' dir='ltr'><strong>In</strong></span> <span class='ocrx_word' id='word_1_537' title='bbox 3370 2143 3645 2199; x_wconf 89' lang='lat' dir='ltr'><strong>summa,</strong></span> <span class='ocrx_word' id='word_1_538' title='bbox 3685 2122 3862 2189; x_wconf 90' lang='lat' dir='ltr'><strong>hunc</strong></span> <span class='ocrx_word' id='word_1_539' title='bbox 3908 2123 4214 2188; x_wconf 89' lang='lat' dir='ltr'><strong>admonet</strong></span> <span class='ocrx_word' id='word_1_540' title='bbox 4246 2146 4436 2209; x_wconf 90' lang='lat' dir='ltr'><strong>prae-</strong></span> 
     </span>
     <span class='ocr_line' id='line_1_78' title="bbox 2498 2207 4445 2292; baseline 0.002 -20"><span class='ocrx_word' id='word_1_541' title='bbox 2498 2207 2763 2289; x_wconf 86' lang='lat' dir='ltr'><strong>cipuum</strong></span> <span class='ocrx_word' id='word_1_542' title='bbox 2828 2207 2968 2271; x_wconf 87' lang='lat' dir='ltr'><strong>fore</strong></span> <span class='ocrx_word' id='word_1_543' title='bbox 3042 2208 3588 2273; x_wconf 89' lang='lat' dir='ltr'><strong>reconciliationis</strong></span> <span class='ocrx_word' id='word_1_544' title='bbox 3645 2208 3961 2287; x_wconf 73' lang='lat' dir='ltr'><strong>fructum,</strong></span> <span class='ocrx_word' id='word_1_545' title='bbox 4021 2208 4193 2292; x_wconf 90' lang='lat' dir='ltr'><strong>quod</strong></span> <span class='ocrx_word' id='word_1_546' title='bbox 4254 2211 4445 2276; x_wconf 86' lang='lat' dir='ltr'><strong>Deus</strong></span> 
     </span>
     <span class='ocr_line' id='line_1_79' title="bbox 2498 2292 4441 2377; baseline 0.002 -18"><span class='ocrx_word' id='word_1_547' title='bbox 2498 2294 2733 2377; x_wconf 90' lang='lat' dir='ltr'><strong>spiritu</strong></span> <span class='ocrx_word' id='word_1_548' title='bbox 2772 2294 3282 2377; x_wconf 86' lang='lat' dir='ltr'><strong>regenerationis</strong></span> <span class='ocrx_word' id='word_1_549' title='bbox 3318 2315 3425 2359; x_wconf 93' lang='lat' dir='ltr'><strong>eos</strong></span> <span class='ocrx_word' id='word_1_550' title='bbox 3462 2292 3745 2359; x_wconf 89' lang='lat' dir='ltr'><strong>donabit.</strong></span> <span class='ocrx_word' id='word_1_551' title='bbox 3814 2295 3893 2358; x_wconf 94' lang='lat' dir='ltr'><strong>In</strong></span> <span class='ocrx_word' id='word_1_552' title='bbox 3926 2297 4125 2360; x_wconf 86' lang='lat' dir='ltr'><strong>verbo</strong></span> <span class='ocrx_word' id='word_1_553' title='bbox 4161 2295 4441 2362; x_wconf 90' lang='lat' dir='ltr'><strong>circum-</strong></span> 
     </span>
     <span class='ocr_line' id='line_1_80' title="bbox 2499 2378 4438 2466; baseline 0.003 -24"><span class='ocrx_word' id='word_1_554' title='bbox 2499 2378 2753 2442; x_wconf 88' lang='lat' dir='ltr'><strong>cidendi</strong></span> <span class='ocrx_word' id='word_1_555' title='bbox 2792 2379 3176 2461; x_wconf 90' lang='lat' dir='ltr'><strong>metaphora</strong></span> <span class='ocrx_word' id='word_1_556' title='bbox 3211 2392 3340 2444; x_wconf 89' lang='lat' dir='ltr'><strong>est:</strong></span> <span class='ocrx_word' id='word_1_557' title='bbox 3379 2380 3533 2462; x_wconf 90' lang='lat' dir='ltr'><strong>quia</strong></span> <span class='ocrx_word' id='word_1_558' title='bbox 3577 2379 3812 2444; x_wconf 89' lang='lat' dir='ltr'><strong>alludit</strong></span> <span class='ocrx_word' id='word_1_559' title='bbox 3835 2381 4053 2447; x_wconf 89' lang='lat' dir='ltr'><strong>Moses</strong></span> <span class='ocrx_word' id='word_1_560' title='bbox 4098 2380 4179 2445; x_wconf 87' lang='lat' dir='ltr'><strong>ad</strong></span> <span class='ocrx_word' id='word_1_561' title='bbox 4225 2382 4438 2466; x_wconf 90' lang='lat' dir='ltr'><strong>legale</strong></span> 
     </span>
     <span class='ocr_line' id='line_1_81' title="bbox 2499 2465 4436 2549; baseline 0.002 -19"><span class='ocrx_word' id='word_1_562' title='bbox 2499 2467 3003 2530; x_wconf 88' lang='lat' dir='ltr'><strong>consecrationis</strong></span> <span class='ocrx_word' id='word_1_563' title='bbox 3048 2466 3340 2547; x_wconf 89' lang='lat' dir='ltr'><strong>signum,</strong></span> <span class='ocrx_word' id='word_1_564' title='bbox 3399 2486 3525 2549; x_wconf 92' lang='lat' dir='ltr'><strong>quo</strong></span> <span class='ocrx_word' id='word_1_565' title='bbox 3584 2465 4017 2531; x_wconf 87' lang='lat' dir='ltr'><strong>initiabantur</strong></span> <span class='ocrx_word' id='word_1_566' title='bbox 4073 2468 4137 2530; x_wconf 93' lang='lat' dir='ltr'><strong>in</strong></span> <span class='ocrx_word' id='word_1_567' title='bbox 4183 2468 4436 2534; x_wconf 90' lang='lat' dir='ltr'><strong>cultum</strong></span> 
     </span>
     <span class='ocr_line' id='line_1_82' title="bbox 2500 2550 4436 2634; baseline 0.002 -19"><span class='ocrx_word' id='word_1_568' title='bbox 2500 2550 2649 2615; x_wconf 90' lang='lat' dir='ltr'><strong>Dei.</strong></span> <span class='ocrx_word' id='word_1_569' title='bbox 2750 2550 3037 2616; x_wconf 87' lang='lat' dir='ltr'><strong>Perinde</strong></span> <span class='ocrx_word' id='word_1_570' title='bbox 3105 2552 3307 2634; x_wconf 89' lang='lat' dir='ltr'><strong>igitur</strong></span> <span class='ocrx_word' id='word_1_571' title='bbox 3361 2551 3538 2615; x_wconf 88' lang='lat' dir='ltr'><strong>valet</strong></span> <span class='ocrx_word' id='word_1_572' title='bbox 3595 2552 3885 2633; x_wconf 91' lang='lat' dir='ltr'><strong>loquutio</strong></span> <span class='ocrx_word' id='word_1_573' title='bbox 3939 2572 4014 2615; x_wconf 89' lang='lat' dir='ltr'><strong>ac</strong></span> <span class='ocrx_word' id='word_1_574' title='bbox 4073 2554 4126 2616; x_wconf 88' lang='lat' dir='ltr'><strong>si</strong></span> <span class='ocrx_word' id='word_1_575' title='bbox 4186 2553 4436 2619; x_wconf 89' lang='lat' dir='ltr'><strong>dictum</strong></span> 
     </span>
     <span class='ocr_line' id='line_1_83' title="bbox 2500 2634 4436 2724; baseline 0.001 -22"><span class='ocrx_word' id='word_1_576' title='bbox 2500 2645 2692 2715; x_wconf 90' lang='lat' dir='ltr'><strong>esset,</strong></span> <span class='ocrx_word' id='word_1_577' title='bbox 2738 2634 2925 2701; x_wconf 90' lang='lat' dir='ltr'><strong>Deus</strong></span> <span class='ocrx_word' id='word_1_578' title='bbox 2963 2638 3393 2719; x_wconf 85' lang='lat' dir='ltr'><strong>spiritualiter</strong></span> <span class='ocrx_word' id='word_1_579' title='bbox 3429 2659 3543 2701; x_wconf 84' lang='lat' dir='ltr'><strong>vos</strong></span> <span class='ocrx_word' id='word_1_580' title='bbox 3579 2638 3825 2702; x_wconf 89' lang='lat' dir='ltr'><strong>creabit</strong></span> <span class='ocrx_word' id='word_1_581' title='bbox 3867 2660 4069 2703; x_wconf 86' lang='lat' dir='ltr'><strong>novos</strong></span> <span class='ocrx_word' id='word_1_582' title='bbox 4115 2638 4436 2724; x_wconf 86' lang='lat' dir='ltr'><strong>homines,</strong></span> 
     </span>
     <span class='ocr_line' id='line_1_84' title="bbox 2501 2722 4438 2805; baseline 0.002 -19"><span class='ocrx_word' id='word_1_583' title='bbox 2501 2733 2576 2786; x_wconf 89' lang='lat' dir='ltr'><strong>ut</strong></span> <span class='ocrx_word' id='word_1_584' title='bbox 2631 2723 2897 2805; x_wconf 91' lang='lat' dir='ltr'><strong>purgati</strong></span> <span class='ocrx_word' id='word_1_585' title='bbox 2956 2745 2994 2787; x_wconf 91' lang='lat' dir='ltr'><strong>a</strong></span> <span class='ocrx_word' id='word_1_586' title='bbox 3038 2725 3256 2787; x_wconf 88' lang='lat' dir='ltr'><strong>carnis</strong></span> <span class='ocrx_word' id='word_1_587' title='bbox 3300 2735 3365 2787; x_wconf 91' lang='lat' dir='ltr'><strong>et</strong></span> <span class='ocrx_word' id='word_1_588' title='bbox 3408 2722 3637 2786; x_wconf 91' lang='lat' dir='ltr'><strong>mundi</strong></span> <span class='ocrx_word' id='word_1_589' title='bbox 3683 2722 4014 2800; x_wconf 89' lang='lat' dir='ltr'><strong>sordibus,</strong></span> <span class='ocrx_word' id='word_1_590' title='bbox 4080 2736 4145 2786; x_wconf 90' lang='lat' dir='ltr'><strong>et</strong></span> <span class='ocrx_word' id='word_1_591' title='bbox 4188 2724 4269 2788; x_wconf 92' lang='lat' dir='ltr'><strong>ab</strong></span> <span class='ocrx_word' id='word_1_592' title='bbox 4313 2726 4438 2789; x_wconf 90' lang='lat' dir='ltr'><strong>im-</strong></span> 
     </span>
     <span class='ocr_line' id='line_1_85' title="bbox 2497 2808 4434 2892; baseline 0.002 -21"><span class='ocrx_word' id='word_1_593' title='bbox 2497 2808 2763 2871; x_wconf 90' lang='lat' dir='ltr'><strong>mundis</strong></span> <span class='ocrx_word' id='word_1_594' title='bbox 2813 2810 3120 2891; x_wconf 87' lang='lat' dir='ltr'><strong>gentibus</strong></span> <span class='ocrx_word' id='word_1_595' title='bbox 3167 2809 3527 2892; x_wconf 85' lang='lat' dir='ltr'><strong>segregati,</strong></span> <span class='ocrx_word' id='word_1_596' title='bbox 3587 2830 3751 2892; x_wconf 90' lang='lat' dir='ltr'><strong>pure</strong></span> <span class='ocrx_word' id='word_1_597' title='bbox 3797 2831 3946 2873; x_wconf 90' lang='lat' dir='ltr'><strong>eum</strong></span> <span class='ocrx_word' id='word_1_598' title='bbox 3993 2809 4239 2875; x_wconf 89' lang='lat' dir='ltr'><strong>colatis.</strong></span> <span class='ocrx_word' id='word_1_599' title='bbox 4321 2811 4434 2874; x_wconf 91' lang='lat' dir='ltr'><strong>In-</strong></span> 
     </span>
     <span class='ocr_line' id='line_1_86' title="bbox 2498 2893 4436 2977; baseline 0.003 -21"><span class='ocrx_word' id='word_1_600' title='bbox 2498 2903 2679 2957; x_wconf 86' lang='lat' dir='ltr'><strong>terea</strong></span> <span class='ocrx_word' id='word_1_601' title='bbox 2720 2893 3019 2973; x_wconf 89' lang='lat' dir='ltr'><strong>ostendit,</strong></span> <span class='ocrx_word' id='word_1_602' title='bbox 3064 2894 3375 2977; x_wconf 89' lang='lat' dir='ltr'><strong>quidquid</strong></span> <span class='ocrx_word' id='word_1_603' title='bbox 3422 2896 3490 2958; x_wconf 89' lang='lat' dir='ltr'><strong>in</strong></span> <span class='ocrx_word' id='word_1_604' title='bbox 3537 2895 3962 2960; x_wconf 87' lang='lat' dir='ltr'><strong>sacramentis</strong></span> <span class='ocrx_word' id='word_1_605' title='bbox 4005 2896 4196 2960; x_wconf 86' lang='lat' dir='ltr'><strong>offert</strong></span> <span class='ocrx_word' id='word_1_606' title='bbox 4231 2896 4436 2974; x_wconf 86' lang='lat' dir='ltr'><strong>Deus,</strong></span> 
     </span>
     <span class='ocr_line' id='line_1_87' title="bbox 2499 2979 4432 3064; baseline 0.003 -23"><span class='ocrx_word' id='word_1_607' title='bbox 2499 2979 2582 3042; x_wconf 88' lang='lat' dir='ltr'><strong>ab</strong></span> <span class='ocrx_word' id='word_1_608' title='bbox 2655 2999 2893 3044; x_wconf 86' lang='lat' dir='ltr'><strong>arcana</strong></span> <span class='ocrx_word' id='word_1_609' title='bbox 2961 2979 3230 3062; x_wconf 90' lang='lat' dir='ltr'><strong>spiritus</strong></span> <span class='ocrx_word' id='word_1_610' title='bbox 3294 2983 3393 3045; x_wconf 92' lang='lat' dir='ltr'><strong>sui</strong></span> <span class='ocrx_word' id='word_1_611' title='bbox 3451 2982 3826 3062; x_wconf 89' lang='lat' dir='ltr'><strong>operatione</strong></span> <span class='ocrx_word' id='word_1_612' title='bbox 3883 2980 4182 3064; x_wconf 90' lang='lat' dir='ltr'><strong>pendere.</strong></span> <span class='ocrx_word' id='word_1_613' title='bbox 4286 2981 4432 3047; x_wconf 80' lang='lat' dir='ltr'><strong>Cir-</strong></span> 
     </span>
     <span class='ocr_line' id='line_1_88' title="bbox 2496 3064 4434 3149; baseline 0.002 -20"><span class='ocrx_word' id='word_1_614' title='bbox 2496 3064 2807 3130; x_wconf 89' lang='lat' dir='ltr'><strong>cumcisio</strong></span> <span class='ocrx_word' id='word_1_615' title='bbox 2877 3074 3035 3131; x_wconf 91' lang='lat' dir='ltr'><strong>tunc</strong></span> <span class='ocrx_word' id='word_1_616' title='bbox 3089 3066 3528 3149; x_wconf 87' lang='lat' dir='ltr'><strong>poenitentiae</strong></span> <span class='ocrx_word' id='word_1_617' title='bbox 3581 3075 3647 3130; x_wconf 90' lang='lat' dir='ltr'><strong>et</strong></span> <span class='ocrx_word' id='word_1_618' title='bbox 3702 3067 4143 3132; x_wconf 86' lang='lat' dir='ltr'><strong>renovationis</strong></span> <span class='ocrx_word' id='word_1_619' title='bbox 4219 3088 4434 3133; x_wconf 89' lang='lat' dir='ltr'><strong>sacra-</strong></span> 
     </span>
     <span class='ocr_line' id='line_1_89' title="bbox 2499 3150 4434 3237; baseline 0.002 -24"><span class='ocrx_word' id='word_1_620' title='bbox 2499 3160 2793 3215; x_wconf 92' lang='lat' dir='ltr'><strong>mentum</strong></span> <span class='ocrx_word' id='word_1_621' title='bbox 2841 3162 3009 3229; x_wconf 87' lang='lat' dir='ltr'><strong>erat,</strong></span> <span class='ocrx_word' id='word_1_622' title='bbox 3075 3160 3148 3216; x_wconf 92' lang='lat' dir='ltr'><strong>ut</strong></span> <span class='ocrx_word' id='word_1_623' title='bbox 3193 3153 3384 3217; x_wconf 92' lang='lat' dir='ltr'><strong>hodie</strong></span> <span class='ocrx_word' id='word_1_624' title='bbox 3429 3150 3618 3216; x_wconf 89' lang='lat' dir='ltr'><strong>nobis</strong></span> <span class='ocrx_word' id='word_1_625' title='bbox 3665 3160 3766 3217; x_wconf 91' lang='lat' dir='ltr'><strong>est</strong></span> <span class='ocrx_word' id='word_1_626' title='bbox 3807 3151 4205 3234; x_wconf 91' lang='lat' dir='ltr'><strong>baptismus:</strong></span> <span class='ocrx_word' id='word_1_627' title='bbox 4252 3152 4434 3237; x_wconf 88' lang='lat' dir='ltr'><strong>atqui</strong></span> 
     </span>
     <span class='ocr_line' id='line_1_90' title="bbox 2497 3235 4430 3324; baseline 0.002 -25"><span class='ocrx_word' id='word_1_628' title='bbox 2497 3235 2693 3300; x_wconf 89' lang='lat' dir='ltr'><strong>litera</strong></span> <span class='ocrx_word' id='word_1_629' title='bbox 2736 3236 2878 3318; x_wconf 88' lang='lat' dir='ltr'><strong>ipsa</strong></span> <span class='ocrx_word' id='word_1_630' title='bbox 2927 3259 3125 3321; x_wconf 90' lang='lat' dir='ltr'><strong>quam</strong></span> <span class='ocrx_word' id='word_1_631' title='bbox 3176 3238 3422 3302; x_wconf 89' lang='lat' dir='ltr'><strong>Paulus</strong></span> <span class='ocrx_word' id='word_1_632' title='bbox 3483 3236 3702 3324; x_wconf 90' lang='lat' dir='ltr'><strong>(Rom.</strong></span> <span class='ocrx_word' id='word_1_633' title='bbox 3762 3237 3822 3314; x_wconf 84' lang='lat'><strong>2,</strong></span> <span class='ocrx_word' id='word_1_634' title='bbox 3883 3235 3994 3323; x_wconf 82' lang='lat'><strong>27)</strong></span> <span class='ocrx_word' id='word_1_635' title='bbox 4046 3247 4267 3321; x_wconf 81' lang='lat' dir='ltr'><strong>vocat,</strong></span> <span class='ocrx_word' id='word_1_636' title='bbox 4329 3241 4430 3303; x_wconf 89' lang='lat' dir='ltr'><strong>in-</strong></span> 
     </span>
     <span class='ocr_line' id='line_1_91' title="bbox 2498 3322 4431 3405; baseline 0.002 -20"><span class='ocrx_word' id='word_1_637' title='bbox 2498 3323 2678 3387; x_wconf 89' lang='lat' dir='ltr'><strong>utilis</strong></span> <span class='ocrx_word' id='word_1_638' title='bbox 2725 3343 2842 3405; x_wconf 90' lang='lat' dir='ltr'><strong>per</strong></span> <span class='ocrx_word' id='word_1_639' title='bbox 2885 3343 2955 3388; x_wconf 92' lang='lat' dir='ltr'><strong>se</strong></span> <span class='ocrx_word' id='word_1_640' title='bbox 3001 3323 3140 3402; x_wconf 84' lang='lat' dir='ltr'><strong>fuit,</strong></span> <span class='ocrx_word' id='word_1_641' title='bbox 3186 3324 3352 3388; x_wconf 89' lang='lat' dir='ltr'><strong>sicut</strong></span> <span class='ocrx_word' id='word_1_642' title='bbox 3395 3331 3460 3387; x_wconf 90' lang='lat' dir='ltr'><strong>et</strong></span> <span class='ocrx_word' id='word_1_643' title='bbox 3512 3322 3705 3387; x_wconf 87' lang='lat' dir='ltr'><strong>hodie</strong></span> <span class='ocrx_word' id='word_1_644' title='bbox 3749 3322 3938 3387; x_wconf 90' lang='lat' dir='ltr'><strong>multi</strong></span> <span class='ocrx_word' id='word_1_645' title='bbox 3986 3322 4168 3388; x_wconf 87' lang='lat' dir='ltr'><strong>nullo</strong></span> <span class='ocrx_word' id='word_1_646' title='bbox 4213 3324 4431 3390; x_wconf 86' lang='lat' dir='ltr'><strong>fructu</strong></span> 
     </span>
     <span class='ocr_line' id='line_1_92' title="bbox 2498 3407 4432 3492; baseline 0.002 -21"><span class='ocrx_word' id='word_1_647' title='bbox 2498 3407 2929 3491; x_wconf 85' lang='lat' dir='ltr'><strong>baptisantur.</strong></span> <span class='ocrx_word' id='word_1_648' title='bbox 3020 3410 3308 3474; x_wconf 74' lang='lat' dir='ltr'><strong>Tantum</strong></span> <span class='ocrx_word' id='word_1_649' title='bbox 3355 3429 3511 3492; x_wconf 88' lang='lat' dir='ltr'><strong>ergo</strong></span> <span class='ocrx_word' id='word_1_650' title='bbox 3556 3409 3740 3474; x_wconf 90' lang='lat' dir='ltr'><strong>abest</strong></span> <span class='ocrx_word' id='word_1_651' title='bbox 3781 3409 3936 3492; x_wconf 90' lang='lat' dir='ltr'><strong>quin</strong></span> <span class='ocrx_word' id='word_1_652' title='bbox 3996 3410 4269 3492; x_wconf 87' lang='lat' dir='ltr'><strong>spiritus</strong></span> <span class='ocrx_word' id='word_1_653' title='bbox 4328 3411 4432 3475; x_wconf 90' lang='lat' dir='ltr'><strong>sui</strong></span> 
     </span>
     <span class='ocr_line' id='line_1_93' title="bbox 2497 3494 4431 3579; baseline 0.001 -21"><span class='ocrx_word' id='word_1_654' title='bbox 2497 3496 2775 3578; x_wconf 76' lang='lat' dir='ltr'><strong>gratiam</strong></span> <span class='ocrx_word' id='word_1_655' title='bbox 2830 3497 3119 3579; x_wconf 90' lang='lat' dir='ltr'><strong>resignet</strong></span> <span class='ocrx_word' id='word_1_656' title='bbox 3156 3494 3339 3559; x_wconf 90' lang='lat' dir='ltr'><strong>Deus</strong></span> <span class='ocrx_word' id='word_1_657' title='bbox 3383 3496 3840 3573; x_wconf 88' lang='lat' dir='ltr'><strong>sacramentis,</strong></span> <span class='ocrx_word' id='word_1_658' title='bbox 3886 3502 3961 3559; x_wconf 91' lang='lat' dir='ltr'><strong>ut</strong></span> <span class='ocrx_word' id='word_1_659' title='bbox 4006 3503 4146 3562; x_wconf 88' lang='lat' dir='ltr'><strong>tota</strong></span> <span class='ocrx_word' id='word_1_660' title='bbox 4204 3517 4431 3561; x_wconf 89' lang='lat' dir='ltr'><strong>eorum</strong></span> 
     </span>
     <span class='ocr_line' id='line_1_94' title="bbox 2497 3581 4434 3664; baseline 0.002 -21"><span class='ocrx_word' id='word_1_661' title='bbox 2497 3581 2786 3647; x_wconf 87' lang='lat' dir='ltr'><strong>efficacia</strong></span> <span class='ocrx_word' id='word_1_662' title='bbox 2832 3589 2898 3645; x_wconf 89' lang='lat' dir='ltr'><strong>et</strong></span> <span class='ocrx_word' id='word_1_663' title='bbox 2942 3582 3190 3646; x_wconf 88' lang='lat' dir='ltr'><strong>utilitas</strong></span> <span class='ocrx_word' id='word_1_664' title='bbox 3236 3581 3493 3645; x_wconf 91' lang='lat' dir='ltr'><strong>nonnisi</strong></span> <span class='ocrx_word' id='word_1_665' title='bbox 3540 3602 3742 3664; x_wconf 90' lang='lat' dir='ltr'><strong>penes</strong></span> <span class='ocrx_word' id='word_1_666' title='bbox 3786 3581 4089 3663; x_wconf 90' lang='lat' dir='ltr'><strong>spiritum</strong></span> <span class='ocrx_word' id='word_1_667' title='bbox 4131 3582 4434 3648; x_wconf 77' lang='lat' dir='ltr'><strong>resideat.</strong></span> 
     </span>
     <span class='ocr_line' id='line_1_95' title="bbox 2496 3664 4435 3733; baseline 0.001 -2"><span class='ocrx_word' id='word_1_668' title='bbox 2496 3666 2644 3731; x_wconf 85' lang='lat' dir='ltr'><strong>Etsi</strong></span> <span class='ocrx_word' id='word_1_669' title='bbox 2689 3675 2907 3731; x_wconf 88' lang='lat' dir='ltr'><strong>autem</strong></span> <span class='ocrx_word' id='word_1_670' title='bbox 2956 3664 3218 3732; x_wconf 83' lang='lat' dir='ltr'><strong>videtur</strong></span> <span class='ocrx_word' id='word_1_671' title='bbox 3280 3667 3501 3732; x_wconf 87' lang='lat' dir='ltr'><strong>Moses</strong></span> <span class='ocrx_word' id='word_1_672' title='bbox 3547 3669 3718 3731; x_wconf 88' lang='lat' dir='ltr'><strong>inter</strong></span> <span class='ocrx_word' id='word_1_673' title='bbox 3761 3666 4061 3732; x_wconf 87' lang='lat' dir='ltr'><strong>homines</strong></span> <span class='ocrx_word' id='word_1_674' title='bbox 4106 3682 4171 3732; x_wconf 89' lang='lat' dir='ltr'><strong>et</strong></span> <span class='ocrx_word' id='word_1_675' title='bbox 4219 3668 4435 3733; x_wconf 90' lang='lat' dir='ltr'><strong>Deum</strong></span> 
     </span>
     <span class='ocr_line' id='line_1_96' title="bbox 2495 3750 4439 3836; baseline 0.001 -20"><span class='ocrx_word' id='word_1_676' title='bbox 2495 3754 2588 3818; x_wconf 86' lang='lat' dir='ltr'><strong>sic</strong></span> <span class='ocrx_word' id='word_1_677' title='bbox 2651 3752 2907 3835; x_wconf 86' lang='lat' dir='ltr'><strong>partiri,</strong></span> <span class='ocrx_word' id='word_1_678' title='bbox 2977 3761 3051 3817; x_wconf 89' lang='lat' dir='ltr'><strong>ut</strong></span> <span class='ocrx_word' id='word_1_679' title='bbox 3100 3751 3234 3818; x_wconf 91' lang='lat' dir='ltr'><strong>illis</strong></span> <span class='ocrx_word' id='word_1_680' title='bbox 3287 3750 3613 3819; x_wconf 86' lang='lat' dir='ltr'><strong>adscribat</strong></span> <span class='ocrx_word' id='word_1_681' title='bbox 3670 3753 3925 3817; x_wconf 90' lang='lat' dir='ltr'><strong>initium</strong></span> <span class='ocrx_word' id='word_1_682' title='bbox 3972 3754 4439 3836; x_wconf 89' lang='lat' dir='ltr'><strong>poenitentiae,</strong></span> 
     </span>
     <span class='ocr_line' id='line_1_97' title="bbox 2496 3839 4469 3921; baseline 0.001 -18"><span class='ocrx_word' id='word_1_683' title='bbox 2496 3840 2673 3903; x_wconf 89' lang='lat' dir='ltr'><strong>huno</strong></span> <span class='ocrx_word' id='word_1_684' title='bbox 2744 3859 2900 3903; x_wconf 84' lang='lat' dir='ltr'><strong>vero</strong></span> <span class='ocrx_word' id='word_1_685' title='bbox 2960 3839 3149 3903; x_wconf 83' lang='lat' dir='ltr'><strong>saciat</strong></span> <span class='ocrx_word' id='word_1_686' title='bbox 3227 3840 3754 3921; x_wconf 86' lang='lat' dir='ltr'><strong>perseverantiae</strong></span> <span class='ocrx_word' id='word_1_687' title='bbox 3829 3850 4160 3904; x_wconf 87' lang='lat' dir='ltr'><strong>autorem:</strong></span> <span class='ocrx_word' id='word_1_688' title='bbox 4234 3840 4469 3904; x_wconf 78' lang='lat' dir='ltr'><strong>huius·</strong></span> 
     </span>
     <span class='ocr_line' id='line_1_98' title="bbox 2495 3924 4429 4007; baseline 0.001 -18"><span class='ocrx_word' id='word_1_689' title='bbox 2495 3932 2714 3990; x_wconf 88' lang='lat' dir='ltr'><strong>tamen</strong></span> <span class='ocrx_word' id='word_1_690' title='bbox 2786 3924 2938 3988; x_wconf 91' lang='lat' dir='ltr'><strong>nodi</strong></span> <span class='ocrx_word' id='word_1_691' title='bbox 2997 3924 3205 3990; x_wconf 85' lang='lat' dir='ltr'><strong>facilis</strong></span> <span class='ocrx_word' id='word_1_692' title='bbox 3259 3932 3362 3989; x_wconf 90' lang='lat' dir='ltr'><strong>est</strong></span> <span class='ocrx_word' id='word_1_693' title='bbox 3419 3924 3673 3990; x_wconf 89' lang='lat' dir='ltr'><strong>solutio.</strong></span> <span class='ocrx_word' id='word_1_694' title='bbox 3776 3924 3949 3989; x_wconf 91' lang='lat' dir='ltr'><strong>Nam</strong></span> <span class='ocrx_word' id='word_1_695' title='bbox 4006 3945 4126 4007; x_wconf 91' lang='lat' dir='ltr'><strong>pro</strong></span> <span class='ocrx_word' id='word_1_696' title='bbox 4188 3925 4429 3990; x_wconf 87' lang='lat' dir='ltr'><strong>usitato</strong></span> 
     </span>
     <span class='ocr_line' id='line_1_99' title="bbox 2493 4009 4432 4094; baseline -0.001 -17"><span class='ocrx_word' id='word_1_697' title='bbox 2493 4011 2858 4092; x_wconf 89' lang='lat' dir='ltr'><strong>scripturae</strong></span> <span class='ocrx_word' id='word_1_698' title='bbox 2893 4030 3089 4087; x_wconf 89' lang='lat' dir='ltr'><strong>more,</strong></span> <span class='ocrx_word' id='word_1_699' title='bbox 3136 4009 3290 4075; x_wconf 92' lang='lat' dir='ltr'><strong>dum</strong></span> <span class='ocrx_word' id='word_1_700' title='bbox 3319 4010 3419 4075; x_wconf 82' lang='lat' dir='ltr'><strong>&#39;ad</strong></span> <span class='ocrx_word' id='word_1_701' title='bbox 3455 4012 3921 4094; x_wconf 90' lang='lat' dir='ltr'><strong>poenitentiam</strong></span> <span class='ocrx_word' id='word_1_702' title='bbox 3958 4032 4066 4076; x_wconf 91' lang='lat' dir='ltr'><strong>eos</strong></span> <span class='ocrx_word' id='word_1_703' title='bbox 4112 4010 4432 4091; x_wconf 87' lang='lat' dir='ltr'><strong>hortatur,</strong></span> 
     </span>
     <span class='ocr_line' id='line_1_100' title="bbox 2493 4095 4432 4180; baseline 0.001 -19"><span class='ocrx_word' id='word_1_704' title='bbox 2493 4118 2632 4161; x_wconf 91' lang='lat' dir='ltr'><strong>non</strong></span> <span class='ocrx_word' id='word_1_705' title='bbox 2714 4095 2901 4162; x_wconf 89' lang='lat' dir='ltr'><strong>docet</strong></span> <span class='ocrx_word' id='word_1_706' title='bbox 2977 4116 3117 4160; x_wconf 88' lang='lat' dir='ltr'><strong>esse</strong></span> <span class='ocrx_word' id='word_1_707' title='bbox 3197 4096 3441 4162; x_wconf 89' lang='lat' dir='ltr'><strong>donum</strong></span> <span class='ocrx_word' id='word_1_708' title='bbox 3509 4097 3807 4180; x_wconf 87' lang='lat' dir='ltr'><strong>spiritus,</strong></span> <span class='ocrx_word' id='word_1_709' title='bbox 3874 4096 3986 4161; x_wconf 89' lang='lat' dir='ltr'><strong>sed</strong></span> <span class='ocrx_word' id='word_1_710' title='bbox 4045 4096 4432 4180; x_wconf 88' lang='lat' dir='ltr'><strong>simpliciter</strong></span> 
     </span>
     <span class='ocr_line' id='line_1_101' title="bbox 2494 4182 4428 4248; baseline 0.001 -2"><span class='ocrx_word' id='word_1_711' title='bbox 2494 4182 2573 4246; x_wconf 90' lang='lat' dir='ltr'><strong>de</strong></span> <span class='ocrx_word' id='word_1_712' title='bbox 2655 4203 2875 4246; x_wconf 89' lang='lat' dir='ltr'><strong>eorum</strong></span> <span class='ocrx_word' id='word_1_713' title='bbox 2953 4182 3162 4247; x_wconf 84' lang='lat' dir='ltr'><strong>officio</strong></span> <span class='ocrx_word' id='word_1_714' title='bbox 3239 4182 3516 4247; x_wconf 90' lang='lat' dir='ltr'><strong>disserit.</strong></span> <span class='ocrx_word' id='word_1_715' title='bbox 3647 4182 3913 4247; x_wconf 89' lang='lat' dir='ltr'><strong>Interea</strong></span> <span class='ocrx_word' id='word_1_716' title='bbox 3986 4182 4187 4248; x_wconf 87' lang='lat' dir='ltr'><strong>stulte</strong></span> <span class='ocrx_word' id='word_1_717' title='bbox 4246 4183 4428 4248; x_wconf 91' lang='lat' dir='ltr'><strong>colli-</strong></span> 
     </span>
     <span class='ocr_line' id='line_1_102' title="bbox 2491 4265 4432 4352; baseline 0.002 -21"><span class='ocrx_word' id='word_1_718' title='bbox 2491 4276 2662 4352; x_wconf 87' lang='lat' dir='ltr'><strong>gunt</strong></span> <span class='ocrx_word' id='word_1_719' title='bbox 2715 4265 2904 4332; x_wconf 89' lang='lat' dir='ltr'><strong>liberi</strong></span> <span class='ocrx_word' id='word_1_720' title='bbox 2967 4268 3220 4332; x_wconf 89' lang='lat' dir='ltr'><strong>arbitrii</strong></span> <span class='ocrx_word' id='word_1_721' title='bbox 3267 4267 3667 4343; x_wconf 84' lang='lat' dir='ltr'><strong>defensores,</strong></span> <span class='ocrx_word' id='word_1_722' title='bbox 3730 4289 3857 4332; x_wconf 91' lang='lat' dir='ltr'><strong>non</strong></span> <span class='ocrx_word' id='word_1_723' title='bbox 3907 4268 4054 4350; x_wconf 90' lang='lat' dir='ltr'><strong>plus</strong></span> <span class='ocrx_word' id='word_1_724' title='bbox 4100 4269 4182 4334; x_wconf 91' lang='lat' dir='ltr'><strong>ab</strong></span> <span class='ocrx_word' id='word_1_725' title='bbox 4224 4269 4432 4335; x_wconf 91' lang='lat' dir='ltr'><strong>homi-</strong></span> 
     </span>
     <span class='ocr_line' id='line_1_103' title="bbox 2493 4352 4430 4440; baseline 0.002 -23"><span class='ocrx_word' id='word_1_726' title='bbox 2493 4354 2689 4419; x_wconf 91' lang='lat' dir='ltr'><strong>nibus</strong></span> <span class='ocrx_word' id='word_1_727' title='bbox 2732 4354 3013 4437; x_wconf 87' lang='lat' dir='ltr'><strong>flagitari</strong></span> <span class='ocrx_word' id='word_1_728' title='bbox 3049 4375 3243 4440; x_wconf 84' lang='lat' dir='ltr'><strong>quam</strong></span> <span class='ocrx_word' id='word_1_729' title='bbox 3282 4355 3416 4419; x_wconf 90' lang='lat' dir='ltr'><strong>sint</strong></span> <span class='ocrx_word' id='word_1_730' title='bbox 3452 4352 3875 4435; x_wconf 89' lang='lat' dir='ltr'><strong>praestando:</strong></span> <span class='ocrx_word' id='word_1_731' title='bbox 3922 4353 4066 4419; x_wconf 86' lang='lat' dir='ltr'><strong>aliis</strong></span> <span class='ocrx_word' id='word_1_732' title='bbox 4111 4355 4286 4420; x_wconf 91' lang='lat' dir='ltr'><strong>enim</strong></span> <span class='ocrx_word' id='word_1_733' title='bbox 4332 4356 4430 4421; x_wconf 92' lang='lat' dir='ltr'><strong>lo-</strong></span> 
     </span>
     <span class='ocr_line' id='line_1_104' title="bbox 2491 4437 4432 4524; baseline 0.001 -18"><span class='ocrx_word' id='word_1_734' title='bbox 2491 4440 2585 4506; x_wconf 90' lang='lat' dir='ltr'><strong>cis</strong></span> <span class='ocrx_word' id='word_1_735' title='bbox 2622 4437 2936 4504; x_wconf 88' lang='lat' dir='ltr'><strong>docentur</strong></span> <span class='ocrx_word' id='word_1_736' title='bbox 2972 4461 3009 4504; x_wconf 89' lang='lat' dir='ltr'><strong>a</strong></span> <span class='ocrx_word' id='word_1_737' title='bbox 3046 4438 3189 4505; x_wconf 91' lang='lat' dir='ltr'><strong>Deo</strong></span> <span class='ocrx_word' id='word_1_738' title='bbox 3227 4450 3444 4523; x_wconf 85' lang='lat' dir='ltr'><strong>petere</strong></span> <span class='ocrx_word' id='word_1_739' title='bbox 3484 4439 3792 4523; x_wconf 91' lang='lat' dir='ltr'><strong>quidquid</strong></span> <span class='ocrx_word' id='word_1_740' title='bbox 3829 4439 4136 4524; x_wconf 91' lang='lat' dir='ltr'><strong>iniungit.</strong></span> <span class='ocrx_word' id='word_1_741' title='bbox 4208 4440 4318 4507; x_wconf 82' lang='lat' dir='ltr'><strong>Sic</strong></span> <span class='ocrx_word' id='word_1_742' title='bbox 4364 4452 4432 4507; x_wconf 87' lang='lat' dir='ltr'><strong>et</strong></span> 
     </span>
     <span class='ocr_line' id='line_1_105' title="bbox 2490 4525 4428 4609; baseline 0.001 -19"><span class='ocrx_word' id='word_1_743' title='bbox 2490 4525 2618 4591; x_wconf 90' lang='lat' dir='ltr'><strong>hoc</strong></span> <span class='ocrx_word' id='word_1_744' title='bbox 2660 4526 2801 4591; x_wconf 93' lang='lat' dir='ltr'><strong>loco</strong></span> <span class='ocrx_word' id='word_1_745' title='bbox 2844 4525 3061 4590; x_wconf 86' lang='lat' dir='ltr'><strong>Moses</strong></span> <span class='ocrx_word' id='word_1_746' title='bbox 3103 4527 3522 4592; x_wconf 88' lang='lat' dir='ltr'><strong>concionatus</strong></span> <span class='ocrx_word' id='word_1_747' title='bbox 3567 4540 3666 4590; x_wconf 88' lang='lat' dir='ltr'><strong>est</strong></span> <span class='ocrx_word' id='word_1_748' title='bbox 3709 4526 3788 4590; x_wconf 91' lang='lat' dir='ltr'><strong>de</strong></span> <span class='ocrx_word' id='word_1_749' title='bbox 3832 4527 4086 4592; x_wconf 87' lang='lat' dir='ltr'><strong>ratione</strong></span> <span class='ocrx_word' id='word_1_750' title='bbox 4130 4527 4428 4609; x_wconf 89' lang='lat' dir='ltr'><strong>placandi</strong></span> 
     </span>
     <span class='ocr_line' id='line_1_106' title="bbox 2494 4609 4427 4697; baseline 0.001 -22"><span class='ocrx_word' id='word_1_751' title='bbox 2494 4610 2654 4690; x_wconf 91' lang='lat' dir='ltr'><strong>Dei,</strong></span> <span class='ocrx_word' id='word_1_752' title='bbox 2715 4625 2789 4676; x_wconf 88' lang='lat' dir='ltr'><strong>ut</strong></span> <span class='ocrx_word' id='word_1_753' title='bbox 2833 4611 3112 4695; x_wconf 89' lang='lat' dir='ltr'><strong>populus</strong></span> <span class='ocrx_word' id='word_1_754' title='bbox 3155 4610 3348 4677; x_wconf 89' lang='lat' dir='ltr'><strong>corde</strong></span> <span class='ocrx_word' id='word_1_755' title='bbox 3390 4633 3522 4676; x_wconf 90' lang='lat' dir='ltr'><strong>non</strong></span> <span class='ocrx_word' id='word_1_756' title='bbox 3566 4614 3718 4678; x_wconf 91' lang='lat' dir='ltr'><strong>ficto</strong></span> <span class='ocrx_word' id='word_1_757' title='bbox 3762 4609 3844 4676; x_wconf 89' lang='lat' dir='ltr'><strong>ad</strong></span> <span class='ocrx_word' id='word_1_758' title='bbox 3891 4614 4125 4677; x_wconf 91' lang='lat' dir='ltr'><strong>bonam</strong></span> <span class='ocrx_word' id='word_1_759' title='bbox 4169 4613 4427 4697; x_wconf 87' lang='lat' dir='ltr'><strong>frugem</strong></span> 
     </span>
     <span class='ocr_line' id='line_1_107' title="bbox 2491 4696 4429 4781; baseline 0 -17"><span class='ocrx_word' id='word_1_760' title='bbox 2491 4719 2562 4764; x_wconf 86' lang='lat' dir='ltr'><strong>se</strong></span> <span class='ocrx_word' id='word_1_761' title='bbox 2615 4698 2903 4781; x_wconf 87' lang='lat' dir='ltr'><strong>recipiat.</strong></span> <span class='ocrx_word' id='word_1_762' title='bbox 3005 4696 3133 4763; x_wconf 88' lang='lat' dir='ltr'><strong>Ubi</strong></span> <span class='ocrx_word' id='word_1_763' title='bbox 3207 4707 3424 4762; x_wconf 88' lang='lat' dir='ltr'><strong>autem</strong></span> <span class='ocrx_word' id='word_1_764' title='bbox 3499 4707 3774 4763; x_wconf 86' lang='lat' dir='ltr'><strong>testatus</strong></span> <span class='ocrx_word' id='word_1_765' title='bbox 3840 4707 3939 4761; x_wconf 90' lang='lat' dir='ltr'><strong>est</strong></span> <span class='ocrx_word' id='word_1_766' title='bbox 4015 4698 4230 4762; x_wconf 90' lang='lat' dir='ltr'><strong>Deum</strong></span> <span class='ocrx_word' id='word_1_767' title='bbox 4294 4698 4429 4764; x_wconf 89' lang='lat' dir='ltr'><strong>illis</strong></span> 
     </span>
     <span class='ocr_line' id='line_1_108' title="bbox 2490 4782 4427 4866; baseline 0.001 -19"><span class='ocrx_word' id='word_1_768' title='bbox 2490 4783 2633 4848; x_wconf 86' lang='lat' dir='ltr'><strong>fore</strong></span> <span class='ocrx_word' id='word_1_769' title='bbox 2676 4784 3064 4866; x_wconf 89' lang='lat' dir='ltr'><strong>propitium,</strong></span> <span class='ocrx_word' id='word_1_770' title='bbox 3112 4783 3374 4848; x_wconf 90' lang='lat' dir='ltr'><strong>subiicit</strong></span> <span class='ocrx_word' id='word_1_771' title='bbox 3419 4783 3681 4849; x_wconf 88' lang='lat' dir='ltr'><strong>meliore</strong></span> <span class='ocrx_word' id='word_1_772' title='bbox 3726 4782 4013 4848; x_wconf 88' lang='lat' dir='ltr'><strong>remedio</strong></span> <span class='ocrx_word' id='word_1_773' title='bbox 4059 4803 4222 4866; x_wconf 91' lang='lat' dir='ltr'><strong>opus</strong></span> <span class='ocrx_word' id='word_1_774' title='bbox 4266 4804 4427 4860; x_wconf 89' lang='lat' dir='ltr'><strong>esse,</strong></span> 
     </span>
    </p>
   </div>
   <div class='ocr_carea' id='block_1_6' title="bbox 2450 4868 4428 4952">
    <p class='ocr_par' dir='ltr' id='par_1_8' title="bbox 2450 4868 4428 4952">
     <span class='ocr_line' id='line_1_109' title="bbox 2450 4868 4428 4952; baseline -0.001 -17"><span class='ocrx_word' id='word_1_775' title='bbox 2450 4926 2463 4943; x_wconf 62' lang='lat'><em>„</em></span> <span class='ocrx_word' id='word_1_776' title='bbox 2489 4877 2569 4935; x_wconf 90' lang='lat' dir='ltr'><strong>ut</strong></span> <span class='ocrx_word' id='word_1_777' title='bbox 2604 4869 2803 4934; x_wconf 90' lang='lat' dir='ltr'><strong>semel</strong></span> <span class='ocrx_word' id='word_1_778' title='bbox 2841 4868 2923 4934; x_wconf 90' lang='lat' dir='ltr'><strong>ab</strong></span> <span class='ocrx_word' id='word_1_779' title='bbox 2960 4889 3035 4933; x_wconf 92' lang='lat' dir='ltr'><strong>eo</strong></span> <span class='ocrx_word' id='word_1_780' title='bbox 3071 4870 3373 4947; x_wconf 85' lang='lat' dir='ltr'><strong>restituti,</strong></span> <span class='ocrx_word' id='word_1_781' title='bbox 3412 4872 3713 4934; x_wconf 87' lang='lat' dir='ltr'><strong>fruantur</strong></span> <span class='ocrx_word' id='word_1_782' title='bbox 3749 4880 4065 4951; x_wconf 91' lang='lat' dir='ltr'><strong>perpetua</strong></span> <span class='ocrx_word' id='word_1_783' title='bbox 4108 4869 4247 4933; x_wconf 90' lang='lat' dir='ltr'><strong>eius</strong></span> <span class='ocrx_word' id='word_1_784' title='bbox 4276 4890 4428 4952; x_wconf 87' lang='lat' dir='ltr'><strong>gra-</strong></span> 
     </span>
    </p>
   </div>
   <div class='ocr_carea' id='block_1_7' title="bbox 2490 4953 4432 5296">
    <p class='ocr_par' dir='ltr' id='par_1_9' title="bbox 2490 4953 4432 5296">
     <span class='ocr_line' id='line_1_110' title="bbox 2490 4953 4432 5038; baseline -0.001 -18"><span class='ocrx_word' id='word_1_785' title='bbox 2490 4956 2602 5021; x_wconf 89' lang='lat' dir='ltr'><strong>tia.</strong></span> <span class='ocrx_word' id='word_1_786' title='bbox 2670 4956 2896 5038; x_wconf 89' lang='lat' dir='ltr'><strong>Neque</strong></span> <span class='ocrx_word' id='word_1_787' title='bbox 2935 4964 3153 5019; x_wconf 89' lang='lat' dir='ltr'><strong>tamen</strong></span> <span class='ocrx_word' id='word_1_788' title='bbox 3191 4955 3533 5021; x_wconf 91' lang='lat' dir='ltr'><strong>consilium</strong></span> <span class='ocrx_word' id='word_1_789' title='bbox 3570 4955 3709 5020; x_wconf 90' lang='lat' dir='ltr'><strong>eius</strong></span> <span class='ocrx_word' id='word_1_790' title='bbox 3746 4964 3863 5032; x_wconf 89' lang='lat' dir='ltr'><strong>est,</strong></span> <span class='ocrx_word' id='word_1_791' title='bbox 3912 4953 3992 5018; x_wconf 89' lang='lat' dir='ltr'><strong>ad</strong></span> <span class='ocrx_word' id='word_1_792' title='bbox 4039 4953 4432 5037; x_wconf 88' lang='lat' dir='ltr'><strong>subsequen-</strong></span> 
     </span>
     <span class='ocr_line' id='line_1_111' title="bbox 2490 5040 4424 5125; baseline 0 -21"><span class='ocrx_word' id='word_1_793' title='bbox 2490 5055 2624 5106; x_wconf 90' lang='lat' dir='ltr'><strong>tem</strong></span> <span class='ocrx_word' id='word_1_794' title='bbox 2670 5041 2848 5106; x_wconf 81' lang='lat' dir='ltr'><strong>vitae</strong></span> <span class='ocrx_word' id='word_1_795' title='bbox 2902 5062 3164 5107; x_wconf 89' lang='lat' dir='ltr'><strong>cursum</strong></span> <span class='ocrx_word' id='word_1_796' title='bbox 3221 5041 3618 5125; x_wconf 86' lang='lat' dir='ltr'><strong>restringere</strong></span> <span class='ocrx_word' id='word_1_797' title='bbox 3682 5040 4237 5106; x_wconf 89' lang='lat' dir='ltr'><strong>circumcisionem</strong></span> <span class='ocrx_word' id='word_1_798' title='bbox 4284 5061 4424 5105; x_wconf 88' lang='lat' dir='ltr'><strong>cor·</strong></span> 
     </span>
     <span class='ocr_line' id='line_1_112' title="bbox 2490 5126 4429 5210; baseline -0.002 -18"><span class='ocrx_word' id='word_1_799' title='bbox 2490 5128 2622 5192; x_wconf 89' lang='lat' dir='ltr'><strong>dis:</strong></span> <span class='ocrx_word' id='word_1_800' title='bbox 2662 5149 2737 5192; x_wconf 87' lang='lat' dir='ltr'><strong>ac</strong></span> <span class='ocrx_word' id='word_1_801' title='bbox 2772 5128 2827 5191; x_wconf 91' lang='lat' dir='ltr'><strong>si</strong></span> <span class='ocrx_word' id='word_1_802' title='bbox 2867 5127 2934 5190; x_wconf 91' lang='lat' dir='ltr'><strong>in</strong></span> <span class='ocrx_word' id='word_1_803' title='bbox 2971 5127 3262 5209; x_wconf 90' lang='lat' dir='ltr'><strong>ipsorum</strong></span> <span class='ocrx_word' id='word_1_804' title='bbox 3302 5127 3568 5192; x_wconf 87' lang='lat' dir='ltr'><strong>arbitrio</strong></span> <span class='ocrx_word' id='word_1_805' title='bbox 3604 5146 3678 5193; x_wconf 89' lang='lat' dir='ltr'><strong>ac</strong></span> <span class='ocrx_word' id='word_1_806' title='bbox 3713 5126 3977 5210; x_wconf 90' lang='lat' dir='ltr'><strong>proprio</strong></span> <span class='ocrx_word' id='word_1_807' title='bbox 4013 5132 4193 5189; x_wconf 91' lang='lat' dir='ltr'><strong>motu</strong></span> <span class='ocrx_word' id='word_1_808' title='bbox 4240 5138 4429 5204; x_wconf 88' lang='lat' dir='ltr'><strong>esset,</strong></span> 
     </span>
     <span class='ocr_line' id='line_1_113' title="bbox 2490 5210 4428 5296; baseline -0.002 -18"><span class='ocrx_word' id='word_1_809' title='bbox 2490 5234 2560 5278; x_wconf 90' lang='lat' dir='ltr'><strong>se</strong></span> <span class='ocrx_word' id='word_1_810' title='bbox 2618 5213 2793 5296; x_wconf 89' lang='lat' dir='ltr'><strong>ipsos</strong></span> <span class='ocrx_word' id='word_1_811' title='bbox 2850 5212 3345 5287; x_wconf 89' lang='lat' dir='ltr'><strong>circumcidere,</strong></span> <span class='ocrx_word' id='word_1_812' title='bbox 3406 5223 3753 5296; x_wconf 86' lang='lat' dir='ltr'><strong>antequam</strong></span> <span class='ocrx_word' id='word_1_813' title='bbox 3801 5211 3871 5275; x_wconf 91' lang='lat' dir='ltr'><strong>in</strong></span> <span class='ocrx_word' id='word_1_814' title='bbox 3916 5210 4077 5293; x_wconf 91' lang='lat' dir='ltr'><strong>ipsis</strong></span> <span class='ocrx_word' id='word_1_815' title='bbox 4120 5222 4428 5296; x_wconf 88' lang='lat' dir='ltr'><strong>operetur</strong></span> 
     </span>
    </p>
   </div>
   <div class='ocr_carea' id='block_1_8' title="bbox 2485 5334 2896 5348">
    <p class='ocr_par' dir='ltr' id='par_1_10' title="bbox 2485 5334 2896 5348">
     <span class='ocr_line' id='line_1_114' title="bbox 2485 5334 2896 5348; baseline 0 794"><span class='ocrx_word' id='word_1_816' title='bbox 2485 5334 2896 5348; x_wconf 95' lang='lat' dir='ltr'><strong> </strong></span> 
     </span>
    </p>
   </div>
   <div class='ocr_carea' id='block_1_9' title="bbox 2624 5400 4020 5536">
    <p class='ocr_par' dir='ltr' id='par_1_11' title="bbox 2624 5400 4020 5536">
     <span class='ocr_line' id='line_1_115' title="bbox 2624 5400 4020 5536; baseline -0.001 -82"><span class='ocrx_word' id='word_1_817' title='bbox 2624 5401 2682 5472; x_wconf 90' lang='lat'><strong>1)</strong></span> <span class='ocrx_word' id='word_1_818' title='bbox 2720 5400 2984 5469; x_wconf 66' lang='lat' dir='ltr'><strong>fflnceps</strong></span> <span class='ocrx_word' id='word_1_819' title='bbox 2998 5422 3013 5451; x_wconf 91' lang='lat'><strong>.·</strong></span> <span class='ocrx_word' id='word_1_820' title='bbox 3049 5400 3336 5456; x_wconf 87' lang='lat' dir='ltr'><strong>ulceribus.</strong></span> <span class='ocrx_word' id='word_1_821' title='bbox 3951 5480 4020 5536; x_wconf 53' lang='grc'><strong>4*</strong></span> 
     </span>
    </p>
   </div>
   <div class='ocr_carea' id='block_1_10' title="bbox 5004 5 5007 995">
    <p class='ocr_par' dir='ltr' id='par_1_12' title="bbox 5004 5 5007 995">
     <span class='ocr_line' id='line_1_116' title="bbox 5004 5 5007 995; baseline 0 0"><span class='ocrx_word' id='word_1_822' title='bbox 5004 5 5007 995; x_wconf 95' lang='lat' dir='ltr'><strong> </strong></span> 
     </span>
    </p>
   </div>
  </div>
 </body>
</html>
