5017 6142
461 457 585 522 137

458 642 695 708 Mosen
754 641 865 724 qui
920 640 1173 706 solenni
1228 643 1363 706 ritu
1416 661 1547 705 non
1594 650 1738 704 erat
1778 650 2038 705 creatus
2082 637 2402 716 sacerdos,

461 727 626 793 alios
703 727 1176 794 sanctificasse:
1256 736 1331 791 ut
1395 728 1710 791 autoritas
1775 735 1842 789 et
1905 725 2165 789 externi
2231 725 2405 807 signi

461 814 736 880 effectus
800 833 1005 896 penes
1069 833 1277 878 unum
1337 812 1556 877 Deum
1614 810 1945 877 resideret.
2049 809 2190 874 Hoc
2249 830 2406 893 ergo

463 899 757 965 continet
794 899 971 983 prior
1006 918 1161 981 pars
1194 898 1447 981 capitis,
1482 906 1825 981 postquam
1850 895 2118 961 Aharon
2156 904 2406 978 septem

461 985 694 1051 diebus
740 985 1034 1050 initiatus
1087 985 1213 1048 fuit
1269 983 1351 1049 ad
1409 1004 1649 1048 munus
1705 982 2081 1058 sacerdotii,
2138 1001 2403 1064 operam

459 1072 584 1137 sibi
628 1071 991 1137 iniunctam
1025 1068 1157 1135 Dei
1200 1068 1505 1134 mandato
1551 1088 1934 1152 aggressum
1978 1086 2149 1132 esse:
2198 1067 2407 1131 altera

460 1177 618 1241 pars
679 1155 897 1234 docet,
958 1156 1222 1222 coelesti
1284 1154 1599 1222 miraculo
1642 1153 1914 1238 probata
1957 1153 2160 1218 fuisse
2203 1152 2405 1218 sacri-

461 1243 646 1322 ficia,
707 1256 783 1307 ut
839 1251 1057 1307 ratum
1109 1250 1280 1308 esset
1323 1240 1495 1324 quod
1540 1240 1728 1305 Deus
1770 1239 2150 1304 instituerat
2192 1258 2405 1303 saeer-

463 1329 737 1393 dotium.
816 1327 1149 1410 Principio
1210 1335 1431 1392 autem
1489 1338 1835 1391 enumerat
1891 1323 2257 1391 ordinarias
2300 1345 2404 1389 sa-

461 1415 692 1481 crificii
738 1414 1018 1496 speeies,
1079 1433 1314 1494 nempe
1359 1433 1475 1495 pro
1517 1426 1779 1495 peccato
1823 1410 2294 1490 holocaustum,
2339 1417 2405 1473 et

458 1500 821 1584 gratiarum
881 1500 1152 1566 actionis
1212 1518 1360 1565 oum
1406 1498 1635 1562 minha
1678 1506 1746 1561 et
1787 1497 2271 1579 conspersione:
2331 1504 2404 1560 ut

460 1587 638 1652 omni
685 1606 768 1650 ex
812 1596 1000 1669 parte
1043 1584 1315 1650 Aharon
1360 1594 1705 1650 censeatur
1749 1583 2082 1667 legitimus
2125 1582 2252 1646 Dei
2298 1601 2402 1646 sa-

462 1672 705 1737 cerdoe.

633 1758 693 1822 6.
761 1755 897 1822 Hoc
974 1760 1062 1821 est
1137 1754 1405 1822 verbum.
1515 1756 1804 1820 Videtur
1865 1753 2123 1837 quidem
2205 1752 2402 1837 dirigi

458 1863 675 1909 sermo
719 1841 801 1908 ad
839 1851 1049 1906 totum
1086 1843 1418 1925 populum,
1462 1840 1545 1905 ad
1590 1862 1783 1924 quem
1827 1843 2024 1906 etiam
2069 1839 2404 1922 spectabat

456 1929 831 2014 promissio:
899 1926 1014 1993 sed
1077 1930 1148 1991 in
1220 1928 1414 1993 verbo
1476 1927 1704 1993 Facite
1722 1977 1736 2005 ,
1803 1925 2168 2010 specialiter
2231 1924 2400 1990 filios

458 2015 735 2081 Aharon
781 2014 1151 2097 alloquitur.
1241 2013 1579 2078 Promittit
1633 2021 1851 2078 autem
1911 2010 2082 2094 quod
2141 2012 2209 2074 in
2267 2012 2399 2075 fine

457 2100 695 2184 eapitis
738 2100 1033 2165 narrabit
1075 2100 1418 2182 impletum
1462 2099 1682 2176 fuisse,
1727 2098 2006 2183 gloriam
2056 2097 2177 2161 Dei
2223 2097 2396 2161 scili-

456 2198 559 2254 cet
615 2186 757 2251 fore
803 2185 1218 2268 conspicuam
1263 2186 1332 2249 in
1391 2185 1807 2268 approbando
1872 2183 2267 2261 sacerdotio,
2327 2195 2401 2247 ut

459 2273 743 2339 alacrius
786 2292 856 2337 se
901 2272 1267 2355 accingant.
1358 2271 1506 2336 Hoc
1549 2272 1723 2335 enim
1772 2291 1903 2335 non
1962 2270 2235 2352 vulgare
2278 2270 2402 2334 fuit

459 2357 932 2424 adminiculum
971 2358 1125 2423 fidei
1184 2369 1251 2422 et
1306 2356 1751 2436 certitudinis,
1811 2377 2053 2421 munus
2107 2356 2398 2439 ipsorum

460 2445 781 2510 divinitus
830 2444 1181 2526 obsignari.

633 2531 689 2595 7.
734 2529 844 2594 Ad
884 2529 1151 2595 Ahar-ou
1201 2548 1344 2594 vero
1396 2529 1578 2595 dixit.
1666 2527 1799 2592 Hie
1853 2529 2174 2610 repetitur
2227 2527 2397 2610 quod

455 2617 611 2683 alibi
671 2615 918 2682 dictum
973 2616 1125 2695 fuit,
1180 2613 1614 2693 sacerdotem,
1717 2615 1824 2679 uia
1883 2635 2057 2680 unus
2114 2627 2255 2677 erat
2315 2635 2396 2678 ex

456 2702 939 2787 peccatoribus,
984 2710 1335 2785 antequam
1379 2702 1599 2766 Deum
1645 2721 1683 2765 a
1715 2701 1794 2765 iis
1836 2700 2239 2784 propitiaret,
2285 2698 2394 2763 de-

454 2798 859 2874 precatorem
903 2787 1107 2853 fuisse
1151 2809 1270 2870 pro
1313 2808 1384 2851 se
1427 2789 1588 2870 ipso.
1676 2784 1869 2851 Unde
1928 2787 2090 2852 scite
2146 2785 2397 2868 colligit

457 2875 790 2958 apostolus
832 2873 1044 2957 legale
1088 2872 1250 2938 illud
1296 2873 1733 2938 sacerdotium
1781 2871 1993 2937 debile
2036 2872 2271 2950 fuisse,
2331 2881 2397 2936 et

457 2960 808 3026 umbratile
854 2958 1176 3024 duntaxat
1219 2957 1414 3046 (Heb.
1484 2957 1545 3036 5,
1612 2959 1653 3023 2
1696 2958 1838 3045 sq.).
1928 2959 2153 3041 Neque
2220 2958 2392 3022 enim

456 3068 652 3114 verus
698 3045 1072 3129 pacificator
1113 3067 1254 3110 esse
1297 3055 1528 3129 potest,
1575 3044 1704 3109 nisi
1739 3046 1852 3129 qui
1889 3047 2176 3128 perfecta
2210 3044 2396 3109 inno-

457 3135 671 3200 centia
712 3133 920 3197 fretus
961 3152 1182 3198 coram
1230 3131 1370 3195 Deo
1414 3152 1484 3196 se
1529 3132 1733 3209 sistit,
1793 3140 1870 3197 ut
1924 3130 2074 3196 aliis
2133 3131 2393 3197 veniam

453 3221 798 3304 impetret,
853 3237 929 3284 ac
981 3219 1161 3282 omni
1205 3216 1462 3283 macula
1504 3237 1711 3299 purus
1753 3216 1939 3281 nulla
1981 3237 2099 3299 pro
2144 3238 2215 3282 se
2250 3217 2393 3298 ipso

455 3305 832 3388 expiatione
874 3303 1142 3388 indiget.
1231 3303 1513 3386 Reliqua
1559 3303 1781 3367 omnia
1822 3323 2024 3385 usque
2067 3302 2149 3367 ad
2192 3305 2393 3368 finem

455 3391 689 3475 capitis
730 3401 1099 3473 praetereo:
1145 3390 1299 3473 quia
1343 3397 1604 3454 tantum
1642 3388 1848 3454 refert
1866 3389 2084 3453 Moses
2121 3388 2394 3453 Aharon

457 3478 859 3544 sacrificasse
894 3497 975 3541 ex
999 3475 1130 3541 Dei
1172 3474 1500 3554 mandato,
1545 3482 1614 3539 et
1655 3474 2014 3540 seeundum
2060 3475 2261 3540 ritum
2305 3475 2397 3539 le-

542 3564 694 3630 lem.

630 3649 732 3713 22.
775 3648 922 3713 Post
954 3646 1103 3714 haec
1135 3647 1386 3713 elevavit
1407 3647 1692 3712 Aharon.
1751 3646 1936 3713 Haec
1972 3647 2157 3729 quasi
2194 3645 2401 3729 appli-

457 3739 627 3803 catio
692 3735 817 3800 fuit
895 3735 1225 3814 sacrificii,
1306 3743 1383 3798 ut
1448 3733 1643 3799 sciret
1707 3732 1990 3816 populus
2062 3733 2399 3798 sacerdote

456 3822 873 3889 internuncio
918 3836 983 3886 et
1027 3839 1337 3903 sponsore
1382 3820 1599 3883 Deum
1643 3819 1764 3884 sibi
1817 3840 1958 3885 esse
2018 3820 2398 3902 propitium.

452 3907 776 3974 Formula
834 3905 1307 3972 benedictionis
1365 3904 1520 3969 alibi
1578 3906 1703 3969 fuit
1762 3906 2074 3987 exposita.
2174 3904 2400 3970 Unum

454 3994 579 4061 hoc
625 3996 696 4058 in
739 3993 1109 4075 praesentia
1154 3991 1465 4070 sufficiat,
1524 3989 1894 4056 sacerdotes
1938 3991 2224 4056 extentis
2268 4011 2404 4055 ma-

453 4081 655 4146 nibus
699 4081 792 4145 sic
836 4089 1109 4144 testatos
1154 4098 1296 4144 esse
1354 4077 1596 4159 populo
1654 4086 2002 4162 paternum
2047 4075 2175 4143 Dei
2220 4077 2402 4143 favo-

458 4187 621 4245 rem,
664 4179 739 4230 ut
783 4186 1003 4229 eorum
1051 4165 1288 4247 legatio
1331 4172 1477 4227 rata
1520 4172 1693 4229 esset
1736 4183 1810 4229 ac
1854 4165 2103 4229 efficax.
2186 4166 2402 4245 Atque

458 4254 605 4319 eius
663 4251 759 4317 rei
818 4249 1241 4316 memorabile
1298 4250 1675 4332 exemplum
1741 4251 2152 4315 commendat
2217 4268 2404 4314 sacra

460 4338 768 4416 historia,
827 4336 941 4401 ubi
996 4345 1228 4402 narrat
1283 4335 1656 4400 sacerdotes
1712 4346 1778 4400 et
1823 4336 2095 4400 Levitae
2138 4333 2404 4400 benedi-

458 4427 646 4491 xisse
689 4423 943 4507 populo,
988 4432 1054 4487 et
1096 4442 1330 4488 eorum
1373 4441 1599 4487 vocem
1643 4421 2021 4486 exauditam
2063 4422 2284 4499 fuisse,
2329 4440 2405 4485 ac

460 4511 844 4597 pervenisse
901 4509 972 4574 in
1029 4506 1473 4574 habitaculum
1533 4506 1693 4572 coeli
1750 4505 1837 4593 (2.
1897 4508 2048 4572 Par.
2109 4507 2215 4586 30,
2270 4506 2401 4593 27).

460 4598 676 4665 Cuius
729 4597 981 4681 figurae
1037 4595 1286 4659 veritas
1341 4594 1415 4657 in
1464 4593 1730 4660 Christo
1787 4593 2052 4659 demum
2111 4592 2407 4660 exhibita

459 4686 623 4762 fuit,
669 4683 782 4767 qui
825 4703 955 4748 non
1000 4681 1190 4746 modo
1234 4681 1381 4745 fons
1426 4688 1494 4743 et
1535 4698 1731 4745 causa
1773 4691 1873 4747 est
1916 4679 2403 4759 benedictionis,

464 4768 583 4835 sed
640 4789 784 4834 eam
842 4789 989 4833 cum
1050 4766 1259 4833 solido
1311 4765 1548 4830 effectu
1609 4786 1723 4849 per
1778 4766 2197 4851 evangelium
2255 4786 2405 4849 pro

464 4855 741 4938 mulgat.
843 4852 1049 4918 Venit
1102 4853 1277 4917 enim
1338 4863 1410 4916 ut
1465 4852 1820 4917 annunciet
1876 4872 2101 4934 pacem
2158 4853 2239 4916 iis
2296 4851 2407 4933 qui

463 4942 662 5025 longe
729 4949 885 5006 sunt
948 4949 1015 5003 et
1082 4939 1191 5022 qui
1259 4957 1480 5021 prope.
1580 4938 1670 5002 Et
1727 4957 2098 5021 quanquam
2144 4936 2409 5004 visibili

463 5028 681 5092 forma
720 5048 853 5091 non
899 5033 1174 5110 apparet
1213 5046 1330 5089 nec
1368 5024 1671 5106 loquitur,
1716 5026 1958 5088 seimus
1996 5037 2214 5088 tamen
2252 5020 2410 5107 quid

468 5114 665 5192 dicat,
710 5131 978 5195 nempe:
1023 5110 1453 5196 quodcunque
1489 5109 1841 5194 ligaverint
1875 5109 2177 5193 discipuli
2214 5130 2412 5192 super

468 5212 734 5275 terram,
780 5199 914 5264 fore
948 5197 1224 5283 ligatum
1259 5198 1329 5261 in
1366 5196 1580 5275 coelis,
1627 5210 1695 5260 et
1729 5195 2038 5280 quidquid
2076 5197 2410 5274 solverint,

468 5286 759 5352 solutum
808 5283 964 5349 fore.

644 5372 749 5437 23.
810 5370 898 5435 Et
948 5372 1112 5436 venit
1165 5368 1376 5437 Mose-9
1428 5374 1486 5434 et
1542 5366 1821 5434 Aharou.
1923 5368 2256 5452 Repetitio
2315 5377 2415 5434 est
2460 5414 2465 5420 -

1870 451 2277 519 REDI'I'US
2323 452 2455 518 AD
2500 451 3047 520 HISTORIAM.

4321 452 4446 519 138

2506 641 2796 708 eiusdem
2832 641 3232 707 sententiae:
3269 641 3397 707 nisi
3431 639 3601 725 quod
3628 641 3800 706 Mosi
3837 661 4014 707 nune
4051 639 4447 707 adscribitur

2507 728 2677 812 quod
2732 727 2811 792 de
2868 728 3004 793 solo
3063 727 3374 794 Aharone
3441 727 3684 794 dictum
3752 737 3927 806 erat,
3993 748 4228 810 nempe
4293 747 4444 792 eum

2506 813 2914 880 benedixisse
2959 814 3228 898 populo,
3288 813 3399 879 sed
3462 812 3721 879 diversa
3765 814 4042 893 ratione,
4101 814 4253 895 quia
4294 812 4447 879 licet

2505 899 2631 965 Dei
2679 900 2995 983 propheta
3038 908 3237 987 esset:
3302 899 3573 965 Aharon
3633 907 3854 963 tamen
3900 920 4018 981 pro
4059 900 4202 963 iure
4247 897 4445 963 officii

2505 987 2736 1051 unicus
2780 986 2908 1051 fuit
2952 985 3287 1050 mediator.
3378 984 3570 1066 Quod
3614 996 3838 1067 postea
3879 985 4188 1068 sequitur,
4231 984 4441 1049 visam

2504 1073 2707 1137 fuisse
2751 1071 3023 1155 gloriam
3071 1070 3229 1145 Dei,
3287 1091 3580 1136 seorsum
3625 1070 3754 1154 legi
3799 1079 4038 1152 potest:
4100 1069 4271 1153 quod
4315 1068 4445 1135 Dei

2507 1157 2818 1222 maiestas
2860 1157 3102 1221 illustri
3148 1157 3365 1239 aliquo
3420 1158 3605 1240 signo
3661 1157 3987 1238 patefacta
4040 1156 4267 1221 fuerit:
4331 1156 4438 1223 vel

2507 1243 2814 1309 cohaeret
2850 1264 3001 1309 cum
3047 1242 3279 1307 ultimo
3313 1263 3530 1317 versu,
3569 1241 3681 1306 ubi
3711 1239 3949 1307 dicitur
3982 1242 4200 1325 ignem
4239 1241 4444 1308 fuisse

2506 1349 2839 1411 egressum
2878 1349 2918 1393 a
2942 1327 3100 1407 Dee,
3144 1341 3263 1393 ete.
3332 1327 3528 1409 Quod
3566 1328 3620 1393 si
3662 1328 4030 1409 recipimus,
4080 1329 4443 1411 expositive

2506 1413 2725 1479 addita
2748 1414 2871 1479 fuit
2895 1416 3181 1479 narratio
3216 1414 3584 1496 consumpti
3626 1414 3952 1479 sacrificii:
3991 1433 4066 1478 ac
4101 1415 4156 1478 si
4193 1414 4442 1478 dictum

2503 1510 2693 1577 esset,
2742 1501 2957 1565 Deum
2998 1501 3374 1583 apparuisse
3417 1520 3613 1583 quum
3661 1500 3881 1582 ignem
3927 1499 4141 1564 emisit
4185 1499 4291 1581 qui
4339 1519 4443 1564 sa-

2504 1586 2819 1653 crificium
2865 1594 3293 1652 consumeret.
3359 1584 3523 1663 Hoc,
3568 1607 3699 1649 non
3743 1586 4046 1667 auspicio,
4093 1584 4205 1650 sed
4249 1585 4444 1650 mira-

2507 1673 2687 1749 culo,
2732 1672 2948 1754 palam
2996 1672 3149 1737 fecit
3193 1670 3379 1737 Deus
3423 1692 3495 1737 se
3540 1678 3837 1736 autorem
3881 1692 4025 1736 esse
4067 1670 4294 1754 legalis
4338 1689 4442 1735 sa

2503 1755 2807 1835 cerdotii
2855 1768 2926 1823 ut
2971 1758 3465 1822 venerationem
3509 1758 3580 1821 in
3626 1766 4011 1839 perpetuum
4058 1757 4439 1839 acquireret.

2504 1843 2690 1910 Idem
2736 1844 3074 1926 aliquoties
3119 1853 3346 1926 postea
3390 1843 3641 1921 accidit,
3688 1864 3889 1925 quum
3935 1842 4003 1906 in
4049 1841 4244 1907 rebus
4289 1862 4443 1906 con-

2503 1930 2666 1995 fusis
2731 1930 2995 1994 insolita
3051 1930 3544 1994 confirmatione
3604 1949 3767 2010 opus
3825 1938 4011 1994 esset.
4102 1926 4215 1993 sic
4272 1928 4442 2010 ignis

2504 2017 2911 2099 consumpsit
2955 2015 3347 2081 sacrificium
3392 2013 3685 2079 Menuha
3728 2012 3958 2100 (Iudio.
4010 2013 4106 2092 13,
4152 2012 4294 2099 20):
4339 2013 4442 2077 vel

2504 2123 2707 2184 quum
2756 2101 3191 2167 vindicandus
3237 2110 3410 2166 esset
3452 2100 3580 2165 Dei
3624 2101 3857 2179 cultus,
3901 2107 3965 2163 et
4008 2120 4174 2181 pura
4218 2098 4447 2182 religio

2504 2188 2585 2252 ab
2669 2186 3053 2252 adulterinis
3139 2185 3734 2270 superstitionibus.
3859 2184 3973 2250 Sic
4051 2185 4442 2250 sacrificium

2503 2274 2696 2338 Eliae
2766 2273 2947 2338 nullo
3018 2273 3172 2356 igne
3229 2273 3566 2356 supposito
3624 2272 4007 2353 absorptum
4070 2271 4192 2335 fuit
4252 2282 4315 2334 et
4374 2271 4442 2334 in

2502 2361 2755 2425 cineres
2833 2359 3164 2423 redactum
3248 2356 3333 2446 (1.
3401 2359 3567 2442 Reg.
3639 2356 3740 2436 18,
3806 2355 3936 2443 38).
4047 2356 4172 2421 Vel
4242 2378 4446 2439 quum

2503 2455 2833 2527 postremo
2892 2442 3236 2510 ostendere
3293 2444 3505 2509 voluit
3549 2444 3732 2508 Deus
3791 2444 4046 2525 placere
4090 2440 4212 2507 sibi
4260 2463 4445 2506 mon-

2504 2543 2636 2595 tem
2683 2529 2877 2608 Sion,
2938 2550 3130 2613 quem
3182 2531 3248 2594 in
3311 2529 3533 2595 sedem
3588 2529 3873 2613 quietam
3928 2541 3992 2593 et
4045 2526 4446 2594 domicilium

2502 2617 2628 2682 sibi
2673 2618 2979 2700 elegerat,
3027 2616 3150 2679 hae
3194 2617 3447 2681 ratione
3490 2615 3777 2700 primum
3822 2613 4215 2678 sacrificium
4259 2612 4446 2677 Solo

2500 2703 2716 2768 monis
2739 2704 2892 2787 igne
2926 2701 3186 2767 coelesti
3224 2713 3681 2784 consumptum
3719 2700 3841 2765 fuit
3861 2698 3948 2786 (2.
3975 2698 4222 2765 Chron.
4261 2699 4318 2775 7,
4360 2696 4443 2784 1).

2500 2789 2711 2854 Porro
2769 2810 2851 2853 ne
2906 2789 3146 2871 posteri
3206 2788 3390 2871 quasi
3451 2789 3530 2853 de
3589 2808 3659 2852 re
3719 2807 3850 2851 non
3912 2786 4070 2851 satis
4113 2797 4448 2866 comperta

2503 2875 2910 2953 dubitarent,
2974 2874 3132 2939 dicit
3175 2874 3396 2939 Moses
3454 2882 3662 2939 totum
3721 2871 4035 2956 populum
4079 2869 4445 2952 spectaculo

2502 2962 2702 3026 fuisse
2748 2960 3136 3040 excitatum,
3193 2968 3271 3024 ut
3313 2959 3534 3024 Deum
3582 2958 3912 3037 laudaret,
3959 2979 4034 3023 ac
4080 2955 4448 3039 procideret

2501 3047 2572 3111 in
2617 3047 2815 3113 facies
2860 3066 3029 3125 suas.

3082 3388 3215 3454 EX
3265 3387 3617 3454 NUMER.
3663 3385 3860 3451 VIII.

2672 3561 2777 3626 20.
2823 3559 2999 3626 Fecit
3039 3562 3247 3643 itaque
3292 3559 3504 3625 Moses
3546 3564 3601 3623 et
3641 3557 3927 3637 ,
3971 3563 4027 3622 et
4068 3557 4273 3622 omnis
4312 3574 4448 3622 cou-

2495 3649 2772 3733 9=reyatio
2810 3646 3095 3728 filiorum
3140 3646 3378 3723 Israel,
3424 3646 3499 3710 de
3542 3644 3781 3710 Levitis
3797 3695 3812 3724 ,
3858 3643 4196 3708 secundum
4235 3644 4448 3707 omnia

2500 3755 2661 3816 quae
2692 3738 3104 3815 praeceperat
3145 3731 3372 3798 Iehova
3417 3730 3592 3797 Mose:
3632 3731 3708 3797 de
3743 3729 3999 3805 Levitis,
4042 3731 4135 3794 sic
4172 3731 4448 3812 fecerunt

2503 3820 2638 3886 illis
2676 3820 2802 3903 filii
2847 3818 3074 3886 Israel.
3163 3818 3265 3884 21.
3313 3818 3400 3883 Et
3445 3817 3948 3901 purificaverunt
3999 3835 4130 3880 sese
4174 3815 4445 3893 Levitae,

2500 3907 2904 3988 laveruntque
2969 3906 3330 3971 vestimenta
3392 3925 3513 3970 sua
3580 3909 3635 3968 et
3696 3901 3907 3967 obtudit
3976 3900 4240 3965 Aharou
4302 3900 4449 3966 illos

2504 3993 2868 4057 oblationem
2911 4012 3114 4057 eoram
3163 3990 3390 4058 Iehova
3405 4041 3421 4069 ,
3466 3995 3521 4055 et
3562 3989 3838 4072 exp-iavit
3879 4008 3980 4054 eos
4022 3986 4288 4053 Aharon
4305 4037 4321 4065 ,
4379 3989 4450 4049 ut

2494 4078 2870 4161 purificaret
2904 4097 3020 4142 eos,
3089 4078 3191 4141 22.
3240 4075 3370 4141 His
3397 4077 3680 4158 peractis
3714 4076 3995 4158 ayyressi
4026 4078 4176 4139 eunt
4197 4072 4450 4136 Levitae

2502 4164 2690 4247 funyi
2732 4163 3076 4229 ministerio
3119 4183 3232 4228 suo
3264 4163 3336 4226 in
3368 4161 3760 4227 tabernaculo
3795 4159 4207 4226 conventionis
4240 4177 4451 4224 coram

2512 4250 2778 4316 Aharon
2796 4299 2810 4328 ,
2867 4253 2923 4313 et
2965 4269 3172 4315 eoram
3213 4248 3370 4330 filiis
3414 4250 3585 4314 eius:
3642 4246 4156 4328 quemadmodum
4198 4263 4452 4329 praece-

2494 4340 2686 4417 perat
2730 4334 2958 4400 Iehova
3002 4335 3174 4401 Mosi
3215 4335 3293 4400 de
3337 4334 3592 4413 Levitae,
3635 4334 3729 4398 sic
3766 4333 4040 4415 fecerunt
4079 4331 4231 4397 illis.

2677 4507 2781 4572 20.
2851 4504 3027 4571 Fecit
3064 4507 3274 4587 itaque
3317 4504 3544 4571 Moses.
3634 4504 3826 4570 Nunc
3884 4503 4161 4567 Levitae
4195 4521 4449 4586 quoque

2505 4595 2990 4677 inaugurantur
3033 4590 3116 4657 ad
3151 4611 3393 4656 munus
3438 4589 3844 4657 obeundum:
3891 4588 4005 4655 sed
4042 4610 4160 4655 suo
4202 4587 4448 4667 ordine,

2505 4680 2662 4764 quia
2719 4677 2994 4742 inferior
3049 4687 3188 4742 erat
3246 4696 3467 4741 eorum
3525 4676 3828 4742 conditio.
3917 4675 4048 4741 Ubi
4093 4671 4449 4738 notandum

2507 4765 2833 4831 est*filios
2893 4763 3097 4828 Mosis
3157 4778 3223 4828 et
3276 4784 3500 4828 eorum
3567 4781 3971 4827 successores
4032 4762 4099 4824 in
4152 4757 4450 4824 ordinem

2508 4852 2708 4917 fuisse
2772 4859 3056 4927 coaetos,
3124 4860 3191 4913 et
3247 4850 3547 4914 exclusos
3593 4870 3632 4913 a
3677 4868 3790 4930 spe
3852 4844 4210 4912 sacerdotii.
4300 4841 4449 4923 Quo

2510 4938 2764 5020 turpior
2821 4935 2942 4999 fuit
3000 4934 3398 5018 ingratitudo
3455 4933 3678 5017 populi
3747 4932 3975 5009 totius,
4043 4939 4110 4995 et
4166 4930 4450 4993 maxime

2512 5024 2721 5089 tribus
2768 5022 3099 5096 leviticae,
3155 5041 3352 5102 quum
3414 5018 3733 5084 honorem
3783 5024 4199 5102 praepostere
4258 5035 4450 5097 appe-

2514 5117 2729 5175 terent
2773 5128 2813 5171 a
2854 5127 2982 5189 quo
3028 5107 3245 5172 Moses
3299 5105 3471 5170 filios
3523 5125 3674 5172 suos
3723 5105 3795 5167 in
3846 5109 4228 5184 perpetuum
4280 5099 4451 5164 deie-

2514 5202 2706 5261 cerat.
2796 5192 2947 5258 Non
3012 5193 3282 5276 vulgare
3348 5193 3551 5276 igitur
3612 5188 4011 5255 obedientiae
4077 5186 4450 5270 exemplum

2514 5281 2657 5359 fuit,
2702 5281 2968 5362 exsequi
3014 5279 3182 5362 quod
3220 5278 3404 5343 Deus
3450 5285 3769 5343 statuerat
3814 5274 3894 5337 de
3941 5274 4212 5338 Levitis.
4280 5272 4451 5336 Aha-

2517 5387 2634 5432 ron
2682 5366 2787 5431 hic
2831 5367 3239 5431 nominatur:
3291 5367 3441 5447 quia
3481 5365 3624 5428 iure
3658 5359 4000 5425 sacerdotii
4049 5358 4455 5424 consecravit
