5017 6142
528 403 659 470 243

532 591 751 661 adhuc
793 597 980 673 patre
1024 593 1279 655 creatus
1323 592 1500 655 esset
1541 584 1842 655 sacerdos
1858 634 1876 665 ,
1932 592 2190 670 poterat
2247 604 2487 651 munus

533 679 750 761 ipsum
820 695 962 741 esse
1026 672 1316 740 fastidio:
1383 670 1574 739 sicuti
1638 691 1883 757 magna
1944 671 2141 737 unius
2202 669 2489 736 hominis

535 763 823 848 dignitas
866 779 1060 842 saepe
1104 766 1206 824 est
1246 756 1483 824 odiosa.
1550 757 1734 842 Ergo
1777 779 1861 824 00
1895 776 2205 842 perversa
2236 755 2490 822 invidia

535 870 646 917 eos
690 846 773 913 ad
817 843 1294 928 repudiandum
1353 841 1784 910 sacerdotium
1844 842 2238 927 impelleret,
2298 861 2488 926 prae-

536 934 722 1005 venit
743 934 961 999 Deus:
1008 952 1092 997 ne
1122 930 1368 1014 religio,
1412 948 1575 1013 quae
1598 938 1913 1012 perpetua
1934 949 2075 995 esse
2098 926 2310 1013 debet,
2355 947 2490 993 una

537 1041 688 1088 cum
745 1017 1116 1085 hominibus
1178 1015 1479 1080 intereat.
1569 1012 1830 1081 Scimus
1900 1035 2163 1080 rursum
2241 1021 2490 1098 quanta

535 1105 737 1177 fuerit
770 1102 852 1169 ad
896 1123 1001 1168 res
1046 1101 1378 1167 novandas
1434 1098 1608 1166 illius
1653 1100 1872 1184 populi
1929 1098 2217 1166 audacia.
2304 1100 2488 1182 Ergo

539 1213 626 1259 ne
658 1211 780 1274 pro
822 1209 940 1256 sua
982 1186 1254 1253 libidine
1310 1185 1712 1253 sacerdotem
1770 1207 1853 1251 ex
1896 1185 2026 1252 alia
2069 1184 2246 1250 tribu
2303 1205 2490 1251 assu-

541 1283 818 1354 merent,
862 1294 1017 1340 eum
1058 1293 1252 1357 quem
1294 1270 1478 1339 Deus
1508 1270 1826 1356 probabat
1861 1271 2140 1337 stabiliri
2182 1270 2489 1354 oportuit,

545 1373 623 1429 ut
664 1362 905 1444 absque
962 1358 1408 1425 controversia
1449 1366 1763 1440 tanquam
1813 1378 2009 1423 verus
2052 1364 2119 1422 et
2152 1354 2490 1441 legitimus

538 1448 955 1531 reciperetur.
1043 1443 1191 1509 Hac
1249 1452 1466 1509 autem
1522 1443 1592 1507 in
1651 1465 1723 1508 re
1769 1441 2133 1510 adhibitum
2191 1442 2320 1506 fuit
2374 1463 2490 1506 ex-

538 1542 803 1601 ternum
862 1529 1265 1615 symbolum,
1320 1528 1492 1612 quod
1550 1528 1825 1594 Eleazar
1869 1547 2051 1594 sacro
2103 1528 2344 1594 vestitu
2384 1528 2489 1592 in-

542 1619 740 1685 dutus
799 1617 939 1683 fuit.
1044 1615 1275 1699 Neque
1326 1615 1501 1679 enim
1548 1615 1654 1680 hic
1713 1614 1792 1680 de
1851 1613 2166 1680 subucula
2210 1613 2319 1680 vel
2362 1612 2491 1679 cal-

540 1705 672 1772 ceis
739 1704 991 1788 agitur,
1058 1699 1174 1766 sed
1241 1699 1322 1765 de
1386 1708 1623 1766 ornatu
1692 1699 2099 1789 sacerdotali.
2199 1698 2488 1765 Perinde

537 1791 746 1876 igitur
811 1788 1013 1853 valuit
1054 1785 1218 1852 haec
1262 1785 1667 1852 caeremonia
1713 1806 1787 1851 ac
1832 1787 1886 1850 si
1933 1786 2205 1851 Aharon
2252 1806 2492 1850 munus

540 1897 669 1960 quo
725 1875 1102 1958 perfunctus
1150 1882 1295 1937 erat
1338 1871 1419 1936 ad
1465 1892 1614 1936 eum
1661 1870 1862 1952 diem,
1906 1871 2040 1937 filio
2106 1872 2486 1956 resignaret.

540 1961 752 2027 Porro
794 1959 1142 2025 observatu
1178 1956 1449 2041 dignum
1497 1964 1597 2021 est
1640 1955 1810 2039 quod
1855 1958 2125 2023 Aharon
2171 1979 2300 2022 non
2347 1956 2486 2041 dig-

541 2047 753 2112 nitate
791 2043 1016 2121 modo,
1061 2042 1173 2108 sed
1230 2043 1426 2108 etiam
1476 2044 1609 2106 vita
1652 2053 1883 2127 sponte
1934 2041 2134 2121 cedit,
2195 2064 2323 2125 quo
2360 2050 2489 2107 tes-

544 2130 819 2198 timonio
846 2129 1198 2213 approbata
1236 2129 1360 2194 fuit
1397 2128 1537 2193 eius
1568 2127 1764 2195 fides:
1795 2129 1947 2211 quia
1991 2129 2118 2195 nisi
2139 2148 2491 2212 persuasus

544 2217 783 2283 fuisset
837 2213 1311 2280 haereditatem
1367 2214 1492 2280 sibi
1548 2213 1620 2278 in
1678 2214 1854 2280 coelo
1902 2235 2043 2281 esse
2115 2214 2488 2297 repositam,

542 2324 678 2370 non
723 2302 817 2367 ita
850 2298 1103 2384 placide
1145 2300 1491 2384 migrasset
1527 2322 1562 2365 e
1598 2300 1858 2366 mundo.
1942 2300 2137 2365 Nunc
2181 2321 2333 2366 vero
2376 2298 2491 2365 ubi

545 2387 631 2455 ad
688 2385 1097 2452 moriendum
1155 2406 1283 2449 non
1321 2405 1507 2452 secus
1564 2406 1634 2451 se
1684 2385 2015 2468 componit
2067 2406 2262 2469 quam
2319 2385 2379 2451 si
2420 2385 2489 2450 in

544 2473 717 2541 lecto
773 2492 893 2538 suo
932 2471 1323 2555 quiesceret,
1379 2471 1649 2535 minime
1693 2469 1961 2538 dubium
2006 2482 2108 2537 est
2145 2471 2303 2554 quin
2347 2471 2488 2537 aniÎ‡

544 2580 732 2624 mum
789 2555 1127 2623 sustulerit
1170 2555 1253 2623 ad
1302 2577 1488 2639 spem
1542 2556 1768 2623 beatae
1826 2556 2352 2635 resurrectionis,
2407 2577 2491 2622 ex

544 2665 676 2727 qua
732 2642 1023 2709 nascitur
1078 2642 1399 2707 moriendi
1455 2642 1772 2706 alacritas.
1862 2643 1954 2707 Et
2003 2642 2337 2725 probabile
2392 2649 2494 2709 est

546 2729 744 2796 fidem
787 2729 928 2793 eius
969 2740 1252 2793 erectam
1298 2737 1365 2791 et
1400 2723 1692 2795 adiutam
1732 2726 1951 2806 fuisse,
1997 2748 2198 2811 quum
2243 2726 2494 2794 videret

544 2812 831 2882 residere
884 2814 958 2881 in
1006 2833 1287 2895 persona
1328 2813 1447 2878 filii
1490 2813 1740 2897 gratiae
1797 2814 2275 2892 testimonium,
2322 2812 2494 2879 unde

544 2898 872 2985 pendebat
906 2898 1126 2982 populi
1158 2899 1356 2963 salus.
1421 2897 1707 2964 Perinde
1751 2899 1925 2964 enim
1963 2909 2104 2964 erat
2138 2920 2214 2965 ac
2249 2900 2306 2965 si
2343 2908 2494 2965 ante

545 2984 766 3053 oculos
800 2984 1133 3068 proposita
1166 2983 1401 3050 fuisset
1443 2985 1658 3069 imago
1696 2983 2089 3052 mediatoris.
2156 2984 2304 3051 Hoc
2339 3005 2495 3070 ergo

547 3070 852 3141 solatium
897 3070 1069 3136 sicut
1113 3090 1243 3134 000
1280 3070 1555 3154 vulgare
1599 3078 1773 3149 erat,
1834 3071 2233 3154 superiorem
2278 3071 2494 3154 ipsum

547 3154 834 3225 reddidit
870 3155 1103 3221 mortis
1128 3155 1502 3222 terroribus.
1563 3155 1828 3222 Interea
1854 3157 2168 3222 successit
2200 3157 2495 3236 Eleazar,

547 3251 715 3307 teste
757 3240 1029 3325 populo,
1089 3262 1174 3305 ne
1215 3252 1439 3324 postea
1493 3241 1944 3308 murmuribus
1996 3240 2282 3309 obnoxia
2325 3250 2497 3309 esset

546 3327 688 3395 eius
729 3326 1063 3393 autoritas.

721 3413 825 3479 29.
906 3412 1141 3479 Viden-9
1203 3416 1411 3478 autem
1470 3415 1596 3477 tota
1648 3413 2046 3496 cmzyreyatio.
2134 3412 2281 3480 Hoc
2362 3413 2499 3478 fere

550 3498 858 3583 gentibus
913 3518 986 3565 ac
1032 3498 1307 3563 saeculis
1350 3498 1652 3563 omnibus
1696 3517 2047 3564 commune
2086 3499 2213 3565 fuit
2250 3499 2499 3579 vitium,

550 3581 669 3649 sed
703 3581 1120 3666 peculiariter
1149 3583 1453 3668 regnavit
1476 3583 1544 3647 in
1573 3583 1815 3666 populo
1837 3584 2202 3662 israelitico,
2239 3596 2499 3651 sanctes

551 3669 685 3734 Dei
724 3689 953 3734 servos
994 3670 1207 3753 magis
1251 3677 1399 3752 post
1441 3677 1723 3734 mortem
1766 3689 1960 3752 quam
2012 3671 2081 3736 in
2142 3673 2278 3736 vita
2323 3671 2497 3736 iusto

550 3753 797 3820 bonore
831 3755 1155 3837 prosequi.
1192 3754 1470 3836 Saepius
1494 3754 1786 3837 lapidare
1816 3755 2164 3821 voluerant
2188 3756 2496 3822 Abaton:

550 3859 826 3922 magnas
884 3839 1114 3905 turbas
1158 3841 1675 3919 concitaverant,
1743 3850 1817 3906 ut
1874 3862 2025 3906 eum
2070 3840 2418 3908 deiicerent
2462 3863 2497 3907 e

550 3924 761 4008 gradu
817 3925 886 3991 in
943 3946 1071 4008 quo
1129 3925 1447 3990 divinitus
1501 3924 1751 3992 locatus
1805 3936 1978 3992 erat:
2039 3948 2212 3993 nunc
2264 3927 2495 4012 malig-

556 4010 787 4077 nitatis
831 4021 897 4076 et
939 4010 1225 4077 invidiae
1269 4011 1485 4089 obliti,
1541 4020 1873 4078 mortuum
1919 4010 2177 4078 deflent.
2265 4011 2497 4078 Caete-

554 4117 703 4162 rum
743 4119 826 4161 an
869 4095 1087 4163 luctus
1119 4098 1314 4162 unius
1350 4097 1608 4177 mensis,
1653 4100 1836 4163 cuius
1880 4098 1955 4161 fit
1998 4099 2262 4179 mentio,
2305 4097 2498 4164 laude

557 4180 798 4266 dignus
832 4184 937 4260 sit,
983 4183 1335 4266 quaeritur.
1396 4182 1566 4248 Nam
1603 4203 1806 4267 quum
1851 4182 2085 4249 doloris
2131 4184 2501 4251 irritamen-

555 4277 694 4333 tum
742 4267 960 4345 fuerit,
1008 4288 1135 4332 non
1184 4268 1391 4352 potuit
1434 4289 1562 4333 000
1608 4290 1752 4336 0880
1795 4268 2100 4335 vitiosus:
2155 4271 2308 4354 quia
2351 4270 2499 4354 plus

556 4354 716 4419 satis
762 4353 844 4419 ad
889 4352 1126 4418 doloris
1169 4374 1507 4420 excessum
1551 4356 1940 4422 naturaliter
1980 4356 2287 4440 propensi
2339 4365 2500 4421 sunt

554 4438 885 4518 homines,
929 4440 1230 4521 quamvis
1274 4440 1395 4506 sibi
1440 4460 1575 4505 non
1615 4440 2032 4526 indulgeant:
2078 4440 2313 4508 deinde
2348 4461 2499 4527 spes

557 4524 843 4590 melioris
937 4526 1108 4590 vitae
1190 4527 1271 4589 ad
1367 4524 1795 4609 mitigandam
1886 4527 2224 4593 tristitiam
2304 4528 2497 4595 valet.

554 4609 750 4677 Unde
807 4608 1172 4694 colligimus
1231 4610 1412 4675 nullo
1465 4611 1603 4675 fere
1661 4621 1963 4678 aeternae
2021 4613 2252 4679 salutis
2296 4625 2499 4699 gustu

552 4715 699 4765 esse
782 4696 1109 4780 praeditos
1193 4696 1559 4778 quicunque
1657 4697 2170 4782 intemperanter
2255 4699 2497 4767 dolent.

550 4781 808 4847 Verum
844 4781 995 4866 quia
1029 4780 1328 4848 fidelibus
1371 4781 1500 4846 alia
1532 4782 1658 4848 fuit
1698 4783 1970 4868 lugendi
2014 4785 2197 4864 ratio,
2242 4807 2496 4870 nempe,

550 4878 630 4932 ut
684 4889 756 4934 se
808 4874 1190 4933 exercerent
1246 4875 1381 4934 tam
1440 4867 1508 4932 in
1568 4869 1692 4934 Dei
1736 4871 1966 4934 timore
2021 4889 2219 4952 quam
2267 4872 2338 4936 in
2382 4891 2498 4956 spe

554 4964 621 5017 et
701 4953 1021 5020 desiderio
1085 4953 1342 5019 futurae
1416 4955 1941 5033 resurrectionis,
2019 4954 2311 5023 solennis
2375 4957 2499 5023 iste

554 5037 773 5104 luctus
830 5059 959 5104 non
1017 5040 1133 5105 aba
1190 5060 1263 5105 re
1320 5040 1386 5105 in
1442 5059 1687 5105 morem
1745 5049 2044 5123 receptus
2087 5042 2230 5109 fuit.
2320 5041 2500 5124 900-

557 5123 731 5189 niam
762 5145 941 5191 mors
982 5126 1321 5209 speculum
1367 5135 1465 5190 est
1505 5125 1976 5192 maledictionis
2014 5126 2137 5191 Dei
2181 5129 2251 5193 in
2286 5135 2499 5193 totum

557 5209 922 5275 humanum
973 5232 1216 5295 genus,
1267 5211 1430 5276 utile
1478 5212 1665 5278 nobis
1722 5219 1823 5278 est
1880 5211 2132 5295 quoties
2175 5213 2498 5298 quispiam

551 5302 923 5363 nostrorum
987 5299 1299 5377 moritur,
1345 5317 1752 5364 communem
1797 5308 2040 5365 sortem
2092 5297 2360 5381 deflere,
2427 5308 2503 5366 ut

1953 395 2363 465 REDITUS
2409 397 2538 465 AD
2580 393 3125 463 HISTORIAM.

4404 388 4536 455 244

2588 585 3012 652 humiliemur
3052 583 3174 650 sub
3218 603 3419 649 manu
3438 580 3587 650 Dei.
3632 579 3893 648 Deinde
3934 579 3991 644 si
4033 578 4246 645 luctus
4286 578 4358 643 in
4395 598 4537 645 recÎ‡

2592 684 2730 736 tum
2798 672 2996 737 finem
3064 669 3399 755 dirigitur,
3465 668 3744 734 mortuis
3810 663 4285 749 quodammodo
4351 664 4537 730 vivos

2590 756 2923 840 adiungit:
2990 763 3067 821 ut
3127 757 3201 821 in
3270 757 3412 839 ipso
3468 753 3738 821 interitu
3810 751 4131 836 refulgeat
4192 770 4403 816 novae
4468 756 4537 814 et

2590 842 2980 908 immortalis
3023 843 3202 908 vitae
3243 840 3535 909 societas.
3609 838 3798 905 Adde
3832 837 4001 921 quod
4038 837 4282 903 veteris
4316 834 4539 920 populi

2586 927 2932 994 infirmitas
2976 926 3213 993 talibus
3254 925 3564 993 subsidiis
3607 924 3884 991 levanda
3916 922 4046 988 fuit
4079 943 4156 989 ac
4190 919 4534 989 fulcienda.

2589 1013 2815 1097 Neque
2850 1013 3025 1079 enim
3054 1014 3231 1079 inter
3263 1011 3567 1078 obscuras
3604 1012 3868 1077 umbras
3902 1016 4271 1092 promptum
4305 1006 4538 1073 fuisset

2589 1121 2791 1183 supra
2834 1097 3154 1164 mundum
3189 1117 3550 1183 assurgere,
3594 1098 3722 1163 nisi
3765 1095 3977 1163 edocti
4019 1094 4296 1159 fuissent
4340 1092 4422 1158 ad
4466 1114 4538 1159 se

2589 1186 2921 1269 pertinere
2964 1194 3285 1269 mortuos,
3336 1191 3405 1250 et
3446 1183 3570 1250 sibi
3613 1204 3762 1249 cum
3803 1180 3934 1247 illis
3974 1200 4244 1246 manere
4278 1176 4539 1263 aliquod

2592 1270 2929 1338 vinculum
2972 1270 3465 1336 coniunctionis.
3526 1267 3717 1350 Quod
3755 1268 3810 1334 si
3845 1266 4056 1333 abusu
4098 1266 4541 1348 corrumpitur

2592 1357 2844 1422 utilitas
2862 1407 2878 1436 ,
2929 1356 3229 1439 iniquum
3288 1361 3512 1421 tamen
3557 1364 3655 1420 est
3698 1353 4040 1420 hominum
4090 1351 4252 1417 vitio
4294 1351 4538 1434 impro-

2591 1442 2732 1509 bari
2777 1441 2945 1524 quod
2987 1463 3108 1525 per
3149 1462 3221 1507 80
3255 1446 3511 1508 rectum
3554 1451 3672 1506 est.

2763 1528 2867 1594 39.
2915 1526 3083 1593 Erat
3122 1526 3388 1594 Aharon
3428 1532 3636 1593 mbae.
3726 1523 4045 1592 Senectus
4087 1520 4365 1588 Aharon
4406 1541 4540 1587 non

2593 1613 2735 1679 sine
2779 1635 2974 1680 causa
3015 1614 3434 1697 exprimitur:
3480 1613 3632 1697 quia
3672 1612 3742 1677 in
3788 1610 4067 1677 salutem
4105 1608 4326 1694 populi
4367 1606 4543 1673 inso-

2593 1699 2710 1764 lito
2754 1698 2945 1764 modo
2990 1700 3128 1765 vita
3170 1699 3310 1765 eius
3348 1708 3693 1783 prorogata
3734 1696 3878 1762 fuit.
3944 1694 4145 1761 Anno
4187 1694 4541 1761 centesimo

2591 1785 2723 1850 iam
2780 1784 3185 1851 ordinarium
3244 1784 3510 1851 vivendi
3566 1782 3836 1848 modum
3880 1787 4279 1859 excesserat,
4338 1799 4541 1863 quare

2594 1871 2914 1955 singulari
2960 1871 3089 1937 Dei
3131 1870 3448 1937 beneficio
3490 1870 3615 1936 fuit
3658 1876 4024 1952 superstes,
4086 1866 4290 1933 donec
4328 1876 4544 1932 trans-

2591 1956 2806 2022 iturus
2873 1962 3047 2024 esset
3100 1958 3380 2041 populus
3434 1957 3502 2020 in
3557 1964 3804 2021 terram
3877 1952 4284 2037 promissam.
4387 1950 4542 2033 900

2592 2042 2849 2126 turpior
2925 2042 3046 2108 fuit
3130 2040 3539 2127 ingratitudo
3616 2039 3839 2125 populi
3856 2090 3871 2121 ,
3972 2059 4104 2105 non
4190 2057 4544 2123 agnoscere

2593 2137 2934 2211 paternam
3020 2128 3204 2194 illam
3290 2126 3421 2193 Dei
3507 2145 3769 2195 curam:
3870 2145 4072 2210 quum
4164 2125 4543 2190 ministrum

2596 2215 2847 2362 grlatiae
2959 2236 3116 2281 suae
3211 2213 3606 2280 incolumem
3700 2211 4023 2278 servando
4126 2209 4288 2295 ipsis
4385 2231 4542 2277 con-

2590 2321 2666 2367 su
2697 2308 2852 2366 eret.

3173 2640 3306 2707 EX
3347 2638 3621 2707 DEU'P.
3665 2638 3864 2706 CAP.
3909 2638 3998 2704 X.

2768 2813 2828 2879 6.
2882 2811 3049 2878 Filii
3069 2817 3275 2878 andem
3302 2811 3514 2877 Israel
3527 2810 3796 2894 profecti
3814 2814 3961 2876 sunt
3987 2809 4061 2875 de
4091 2807 4354 2874 Beeroth
4376 2807 4540 2890 filio-

2597 2919 2744 2965 rum
2802 2898 3068 2964 Idaeam
3108 2899 3181 2963 in
3237 2896 3569 2964 Moserah:
3622 2897 3756 2962 illic
3794 2900 4078 2962 mortuus
4132 2900 4221 2961 est
4257 2894 4544 2973 Maron,

2600 2990 2656 3050 et
2695 2983 2830 3051 imo
2866 2983 3147 3065 sepulum
3189 2988 3293 3064 est,
3354 2984 3721 3065 fundusque
3761 2987 3850 3048 est
3886 2981 4227 3048 sacerdotio
4268 2980 4547 3047 Eleazar

2593 3071 2770 3154 filius
2825 3070 2965 3135 eius
3007 3088 3134 3151 pro
3175 3089 3261 3135 eo.
3348 3070 3405 3135 7.
3476 3069 3637 3135 Inde
3681 3068 3947 3150 promaÎ‡
3995 3071 4139 3134 sunt
4179 3068 4252 3133 in
4299 3066 4546 3151 6Î±á¾¶ÏÎ¿-

2598 3156 2752 3235 á¾±Î±á¿˜Î¹,
2819 3161 2875 3222 et
2930 3155 3005 3221 de
3066 3155 3417 3240 Gudqodah
3480 3156 3551 3220 in
3612 3153 3665 3219 I
3885 3158 4122 3221 terram
4183 3153 4547 3219 torrentium

2598 3261 2932 3325 aquarumÎ‡
3630 3258 3636 3271 Î‡

2772 3413 2833 3479 6.
2897 3412 3064 3479 Filii
3117 3415 3319 3478 autem
3376 3412 3604 3478 Israel.
3691 3409 3866 3493 9010
3921 3410 4030 3477 hic
4086 3410 4257 3478 Mosi
4313 3432 4546 3496 propo-

2601 3501 2800 3567 situm
2834 3519 2967 3565 non
3003 3506 3121 3576 est,
3156 3499 3469 3565 stationes
3505 3498 3767 3577 referre,
3804 3497 3993 3564 sicuti
4028 3496 4224 3563 Num.
4268 3496 4373 3564 33.
4404 3518 4543 3582 cap.

2602 3585 2717 3651 sed
2782 3592 3041 3650 tantum
3091 3594 3319 3649 notare
3369 3583 3442 3648 in
3492 3604 3619 3665 qua
3672 3584 3939 3667 regione
3996 3589 4294 3653 mortuus
4349 3584 4548 3649 fuerit

2604 3669 2911 3737 Aharon:
2969 3669 3115 3736 ideo
3169 3670 3504 3752 proximae
3561 3669 3923 3735 narrationi
3981 3677 4276 3736 attexere
4331 3670 4545 3735 visum

2602 3765 2703 3822 est
2758 3755 2929 3840 quod
2986 3753 3095 3822 hic
3137 3754 3435 3839 legimus.
3522 3753 3607 3819 In
3651 3762 3859 3821 morte
3903 3753 4175 3821 Aharon
4194 3805 4210 3834 ,
4269 3776 4543 3839 poenam

2602 3863 2759 3909 suae
2816 3840 3189 3908 rebellionis
3246 3861 3597 3925 agnoscere
3654 3850 3974 3924 poterant.
4064 3839 4258 3923 Quod
4323 3850 4543 3907 autem

2600 3929 2913 3997 suffectus
2965 3929 3037 3992 in
3088 3926 3231 3993 eius
3271 3926 3490 3993 locum
3531 3925 3751 3992 fuerat
3792 3927 4098 4007 Eleazar,
4158 3927 4230 3991 in
4279 3927 4545 4012 signum

2601 4015 2726 4081 fuit
2767 4026 3077 4097 paternae
3110 4012 3241 4079 Dei
3282 4013 3551 4098 gratiae,
3595 4013 3708 4095 qui
3750 4033 3827 4079 eo
3870 4013 4040 4079 bono
4084 4011 4354 4079 destitui
4396 4032 4542 4095 pasÎ‡

2600 4122 2713 4168 sus
2748 4120 2879 4165 000
2923 4108 3039 4166 est.
3106 4098 3291 4164 Haec
3332 4100 3529 4164 etiam
3574 4099 3897 4165 successio
3940 4099 4150 4166 instar
4189 4108 4545 4183 perpetuae

2599 4185 2865 4271 regulae
2923 4206 3067 4252 0880
3111 4184 3334 4250 debuit
3391 4186 3461 4249 in
3520 4183 3819 4250 futurum
3870 4196 4161 4268 tempus,
4221 4193 4295 4250 ut
4338 4205 4547 4252 sacer-

2603 4272 2839 4338 dotalis
2883 4271 3186 4356 dignitas,
3233 4291 3315 4336 ex
3356 4270 3487 4336 Dei
3528 4271 3951 4355 praescripto.
3994 4269 4312 4337 resideret
4350 4272 4424 4337 in
4467 4291 4548 4336 ea

2603 4357 2870 4425 familia.
2959 4356 3312 4423 Caeterum
3378 4356 3485 4422 hic
3549 4368 3845 4423 recenset
3907 4356 4195 4422 locorum
4262 4359 4548 4435 nomina,

2603 4465 2766 4527 quae
2800 4443 2873 4508 in
2915 4441 3058 4509 loco
3100 4462 3309 4525 nuper
3352 4443 3550 4509 citato
3592 4444 4084 4525 praetermittit,
4145 4449 4326 4509 recta
4366 4444 4544 4510 enim

2603 4530 2924 4613 profectos
3003 4527 3336 4595 Israelitas
3401 4526 3535 4593 illic
3610 4536 3838 4593 narrat
3901 4551 3938 4594 e
4002 4527 4216 4595 Gades
4280 4528 4550 4595 Barnea

2603 4617 2669 4681 in
2715 4623 3008 4680 montem
3051 4613 3226 4678 Hor:
3286 4612 3518 4679 deinde
3562 4615 3915 4680 transitum
3960 4614 4117 4682 facit
4158 4613 4240 4679 ad
4288 4612 4546 4681 Salmo-

2604 4701 2736 4767 nah
2802 4711 2867 4766 et
2924 4699 3238 4765 Phunon:
3307 4700 3470 4766 forte
3535 4700 3687 4782 quia
3753 4698 4015 4766 diversa
4063 4699 4191 4765 fuit
4254 4701 4546 4767 locorum

2603 4785 2970 4871 appellatio,
3016 4785 3118 4851 vel
3164 4783 3336 4868 quod
3376 4786 3445 4850 in
3493 4784 3869 4869 Gudgodah
3912 4795 3980 4852 et
4022 4786 4257 4851 Iobath
4303 4795 4544 4852 castraÎ‡

2602 4871 2832 4938 metati
2890 4891 3017 4936 non
3071 4877 3256 4937 sunt:
3316 4891 3686 4954 quanquam
3753 4871 3877 4938 loci
3940 4871 4372 4937 commoditas
4434 4893 4548 4938 eos

2602 4958 2888 5023 invitare
2953 4957 3197 5040 potuit,
3260 4966 3336 5023 ut
3398 4956 3827 5023 subsisterent
3891 4956 3962 5022 in
4026 4957 4198 5023 valle
4260 4957 4543 5042 irrigua:

2601 5045 2784 5128 regio
2841 5043 3017 5108 enim
3075 5042 3496 5109 Torrentium
3539 5048 3842 5124 vocatur,
3903 5064 4020 5127 per
4063 5064 4258 5127 quam
4303 5042 4554 5109 fluebat

2603 5149 2918 5213 aquarum
3010 5128 3211 5213 copia.
3310 5128 3459 5193 Non
3547 5127 3898 5210 admoneo,
3999 5130 4170 5214 quod
4269 5150 4389 5214 per
4474 5151 4549 5196 se

2602 5214 2877 5299 quilibet
2959 5213 3163 5281 lector
3224 5214 3411 5281 facile
3496 5215 4010 5294 animadvertet,
4097 5214 4169 5280 in
4247 5236 4552 5283 sermone

2605 5300 2808 5367 Mosis
2871 5301 3201 5368 inversam
3267 5320 3408 5366 esse
3472 5299 3781 5368 historiae
3844 5302 4114 5368 seriem:
4180 5301 4335 5386 quia
4398 5310 4554 5385 post
