5017 6142
411 448 539 513 473

414 636 823 704 deformitate
846 635 1178 704 foedatum
1213 644 1336 718 est,
1371 658 1503 703 non
1527 658 1762 723 parum
1785 638 2084 705 infirmas
2104 644 2360 705 menoes

414 744 492 792 ea
545 743 653 790 res
711 724 978 791 turbare
1114 723 1265 789 tuit.
1368 723 1622 791 Verum
1681 744 1912 792 severa
1965 725 2360 791 correctione

414 809 700 877 deletum
725 809 854 875 fuit
875 744 1324 893 quoffilioqui
1359 817 1747 895 conceptum
1781 817 1924 876 erat
1954 809 2357 878 scandalum.

409 894 605 965 Unde
647 894 1050 980 colligimus,
1114 895 1224 962 ubi
1270 894 1362 960 im
1408 895 1587 963 robis
1630 896 2061 963 maledicendi
2105 896 2360 963 occasio

412 981 567 1048 data
623 989 755 1060 est,
815 980 1074 1048 nullum
1128 981 1335 1048 tollen
1387 983 1439 1047 's
1490 982 1799 1049 ecclesiae
1842 983 2098 1067 probris
2142 982 2359 1066 aptius

411 1089 554 1136 esse
589 1065 974 1148 remedium,
1010 1088 1206 1152 quam
1243 1068 1301 1135 si
1337 1069 1408 1133 in
1442 1080 1711 1152 peccata
1744 1068 2041 1152 graviter
2062 1067 2356 1134 animad-

412 1174 677 1222 versum
719 1153 941 1220 fuerit.

581 1239 643 1305 2.
703 1238 907 1306 Porro
962 1238 1137 1305 misit
1179 1239 1384 1307 Ios-ue.
1472 1239 1839 1324 Explorare
1895 1240 2098 1307 situm
2153 1238 2356 1320 urbis,

407 1333 477 1393 et
519 1346 817 1393 accessus
858 1345 1088 1391 omnes
1145 1325 1559 1393 considerare
1619 1324 2003 1410 prudentiae
2059 1325 2214 1392 fuit:
2273 1347 2358 1392 ne

407 1423 655 1479 temere
696 1431 815 1494 per
855 1410 1083 1497 ignota
1123 1411 1267 1479 loca
1321 1432 1393 1477 se
1449 1411 1849 1496 proiiciendo
1865 1460 1881 1491 ,
1939 1409 2195 1479 insidiis
2237 1411 2361 1477 cir-

404 1498 962 1566 cumvenirentur.
1032 1495 1164 1564 Sed
1201 1517 1403 1581 quum
1449 1517 1714 1564 necesse
1753 1504 1925 1565 esset
1965 1497 2162 1582 paulo
2207 1504 2358 1582 post

404 1584 563 1650 totis
603 1582 809 1668 copiis
842 1583 1103 1667 longius
1137 1583 1476 1669 progredi:
1521 1584 1831 1669 exiguam
1868 1603 2137 1650 manum
2219 1604 2358 1650 rae-

400 1671 668 1736 mittere
702 1669 883 1736 urbis
918 1669 1399 1754 expugnandae
1433 1689 1648 1750 causa,
1685 1690 1822 1737 non
1855 1668 2117 1736 videtur
2148 1605 2355 1736 fgisse

402 1755 708 1824 solertiae
739 1753 1066 1821 militaris.
1133 1756 1365 1839 Itaque
1399 1756 1643 1822 mirum
1678 1775 1813 1821 non
1847 1755 2096 1835 fuisset,
2140 1755 2358 1822 subita

403 1841 753 1927 eruptione
809 1841 1046 1907 terreri
1104 1848 1171 1906 et
1225 1840 1445 1926 fugari
1489 1840 1619 1909 duo
1662 1841 1767 1909 vel
1811 1841 1940 1908 tria
1983 1840 2191 1907 millia
2234 1840 2353 1907 ho·

401 1928 678 1995 minum.
744 1927 837 1993 Et
877 1935 1055 1992 certe
1088 1925 1502 1994 multitudini
1546 1927 1709 1994 utile
1752 1937 1914 2009 erat,
1957 1927 2198 2012 viginti
2239 1935 2356 1994 aut

398 2014 679 2099 triginta
735 2012 945 2078 millia
1000 2011 1085 2079 ad
1135 2011 1581 2097 pabulandum
1627 2012 1759 2081 huc
1799 2022 1868 2080 et
1909 2012 2066 2080 illuc
2108 2013 2352 2099 spargi.

395 2099 591 2167 Adde
655 2098 827 2183 quod
892 2100 961 2164 in
1028 2111 1248 2185 strage
1313 2098 1600 2178 edenda,
1680 2100 1980 2184 quamvis
2049 2100 2119 2165 iu
2212 2100 2350 2165 lum

394 2199 631 2271 sponte
675 2185 1062 2269 praeberent
1103 2204 1363 2266 omnes,
1407 2186 1569 2252 satis
1614 2185 1743 2252 fuit
1785 2185 2033 2270 negotii
2075 2121 2320 2251 affusam

394 2270 652 2358 gandos
706 2290 947 2355 paucos
1002 2269 1323 2337 homines.
1414 2269 1608 2353 Quod
1666 2292 1824 2358 ergo
1876 2269 2141 2355 repulsa
2196 2281 2354 2338 sunt

394 2358 529 2424 tria
571 2356 783 2423 millia
824 2355 932 2423 vel
975 2356 1271 2437 circiter,
1313 2358 1489 2424 iusta
1527 2357 1654 2423 fuit
1696 2357 2069 2426 securitatis
2112 2378 2189 2424 ac
2233 2356 2351 2424 de·

393 2443 605 2511 sidiae
662 2463 933 2509 merces.
1035 2442 1289 2509 Verum
1347 2444 1746 2527 paucitatem
1810 2463 1944 2510 non
2009 2443 2214 2511 fuisse
2279 2444 2352 2508 in

391 2550 600 2599 causa
631 2548 751 2595 cur
791 2528 1289 2612 dissiparentur,
1334 2529 1607 2614 spiritus
1638 2539 1905 2597 sanctus
1938 2529 2352 2614 pronunciat,

392 2628 475 2683 ut
517 2615 743 2683 damni
784 2613 978 2698 culpa
1016 2612 1156 2682 illic
1195 2614 1469 2681 minime
1510 2614 1886 2700 quaerenda
1929 2616 2036 2682 sit.
2116 2614 2353 2682 Potius

390 2703 645 2770 factum
687 2708 791 2768 est
833 2720 1069 2768 arcano
1112 2700 1243 2767 Dei
1284 2701 1556 2769 consilio
1572 2752 1590 2781 ,
1645 2722 1851 2786 quum
1907 2702 2170 2787 signum
2211 2702 2352 2768 irae

391 2809 556 2856 suae
597 2786 943 2854 ostendere
998 2785 1230 2867 vellet,
1289 2795 1367 2854 ut
1407 2799 1630 2854 tamen
1673 2788 1742 2854 in
1786 2786 2027 2873 exiguo
2069 2807 2350 2854 numero

390 2874 465 2942 id
500 2875 694 2940 fieret
725 2872 980 2939 minore
1013 2872 1290 2940 iactura.
1355 2873 1447 2939 Et
1480 2881 1657 2941 certe
1691 2893 1916 2940 rarum
1961 2873 2350 2941 clementiae

390 2960 728 3046 specimen
771 2958 915 3038 fuit,
959 2958 1271 3042 populum
1314 2959 1552 3027 leniter
1594 2966 1662 3025 et
1693 2960 1839 3027 sine
1879 2979 2123 3045 magna
2163 2958 2349 3026 clade

388 3044 795 3130 castigando,
838 3045 1357 3130 expergefacere,
1399 3054 1475 3112 ut
1511 3046 1686 3113 malo
1725 3045 1950 3113 statim
1984 3045 2347 3113 remedium

391 3139 758 3219 quaereret.
846 3129 1051 3197 Forte
1108 3132 1305 3197 etiam
1357 3151 1489 3198 non
1534 3133 1679 3199 ausi
1720 3132 2000 3199 fuissent
2041 3133 2218 3199 cives
2261 3133 2349 3198 Ai

387 3220 713 3303 impetum
748 3215 964 3284 facere
995 3217 1068 3283 in
1091 3217 1442 3299 Israelitas,
1487 3217 1546 3285 si
1578 3218 1753 3286 iusto
1788 3218 2081 3285 exercitu
2117 3216 2348 3285 urbem

389 3303 693 3456 aggressi
745 3303 976 3369 forent.
1076 3302 1276 3370 Viam
1332 3304 1554 3388 itaque
1617 3304 1925 3388 patefecit
1981 3305 2167 3372 Deus
2229 3324 2350 3372 suo

389 3392 466 3458 iu
513 3390 670 3458 icio:
715 3387 890 3473 quod
934 3398 1157 3455 tamen
1199 3390 1296 3455 ita
1337 3390 1702 3476 mitigavit,
1748 3398 1825 3456 ut
1865 3398 2126 3456 tantum
2170 3389 2349 3457 dete-

390 3487 581 3563 geret
625 3473 953 3542 occultum
997 3475 1278 3556 crimen,
1336 3495 1468 3560 quo
1524 3476 1767 3561 alioqui
1810 3486 2129 3562 tanquam
2164 3476 2351 3543 lenta

390 3563 550 3630 tabe
591 3567 1021 3644 consumptus
1063 3560 1295 3627 fuisset
1328 3561 1629 3645 populus.
1695 3562 2092 3647 Quanquam
2127 3569 2349 3629 autem

389 3650 640 3715 mirum
685 3667 831 3748 non⁶
860 3646 1004 3727 fuit,
1048 3647 1375 3730 prosterni
1408 3647 1746 3716 Israelitas
1788 3649 1898 3734 qui
1940 3649 2164 3748 iniquo
2206 3648 2349 3715 loco

390 3734 882 3889 33¹&aess
919 3732 2351 3904 ἓῃᾚῑῗᾛιὲἓῒωᾞὲᾢᾞξῖοἳθὲἱῗ

392 3906 601 3974 fuisse
644 3906 883 3972 victos:
927 3905 1079 3988 quia
1108 3914 1298 3991 terga
1331 3906 1666 3983 vertendo,
1717 3928 1800 3973 ex
1836 3908 1976 3975 loco
2011 3907 2348 3990 superiore

390 3992 467 4059 in
513 3990 826 4059 acelivem
869 3990 1112 4057 vallem
1151 4001 1513 4059 cesserunt.
1602 3991 1796 4075 Quod
1841 3991 2150 4077 probrose
2192 4012 2348 4060 vero

393 4076 760 4162 contempti
824 4077 1072 4143 fuerint
1133 4077 1216 4144 ab
1280 4076 1581 4145 hostibus
1596 4129 1614 4159 ,
1679 4099 1764 4145 ex
1830 4078 2226 4146 confidentia
2281 4086 2350 4145 et

394 4164 791 4232 strenuitate
831 4170 1033 4246 patet,
1077 4162 1250 4247 quod
1292 4164 1564 4231 incitato
1608 4184 1807 4232 cursu
1841 4165 2166 4249 fugientes
2207 4185 2351 4249 per-

395 4272 471 4319 se
517 4252 588 4317 ui
631 4269 764 4315 non
806 4246 1277 4316 dubitaverunt
1315 4270 1552 4317 versus
1585 4259 1819 4319 eastra.
1884 4251 2182 4319 Accessit
2215 4259 2348 4317 tre·

444 4338 470 4404 i
518 4335 651 4404 atio
704 4335 777 4401 in
829 4334 1092 4417 castris,
1157 4356 1322 4418 quae
1378 4336 1677 4404 omnium
1743 4335 1942 4406 corda
2004 4337 2352 4422 liquefecit.

459 4432 644 4490 ateor
676 4420 941 4507 quidem
973 4421 1175 4488 fuisse
1208 4421 1483 4488 timendi
1517 4441 1803 4503 causam,
1842 4423 1997 4509 quia
2030 4425 2353 4492 hactenus

396 4508 593 4662 qugd·
633 4505 919 4575 ludendo
960 4515 1060 4658 {ot
1096 4507 1416 4660 tvmtffiae‘
1457 4507 1677 4662 adepti
1690 4559 1709 4590 ,
1768 4531 1842 4577 se
1884 4511 2164 4662 turpitter
2192 4530 2355 4663 ἓξὲξ

395 4614 705 4664 cumeae
769 4613 1141 4661 cernean.
1504 4615 1588 4662 au
1660 4615 1902 4662 mnos
1954 4614 2192 4662 conur

397 4703 509 4749 res
547 4681 875 4747 insolitae.
940 4679 1194 4745 Verum
1233 4700 1347 4746 coe
1374 4680 1498 4747 esti
1534 4680 1748 4766 magis
1790 4689 2039 4748 terrore
2082 4681 2356 4749 fuerunt

395 4766 967 4919 peiffiulsi,fl‹¹1uam
1023 4772 1233 4831 morte
1285 4766 1566 4851 triginta
1622 4767 1968 4834 hominum
2024 4775 2092 4834 et
2147 4768 2353 4835 trium

395 4876 465 4920 m
571 4872 685 4917 um
886 4902 901 4918 .

577 4938 638 5004 6.
708 4873 909 5004 porga-²0
966 4938 1157 5004 Iocus
1218 4938 1423 5006 scidit.
1527 4938 1920 5041 Quanquam
1980 4938 2183 5006 cladis
2242 4940 2352 5008 vel

397 5023 801 5111 ignominiae
842 5031 1146 5108 acceptae
1188 5044 1451 5092 causam
1496 5025 1627 5095 alio
1670 5027 1938 5094 reiicere
1980 5034 2353 5112 promptum

399 5124 581 5178 erat:
628 5109 862 5179 deinde
905 5110 1272 5176 animosum
1316 5109 1546 5178 ducem
1580 5112 1855 5179 minime
1899 5110 2171 5180 decebat
2212 5121 2355 5178 tan-

401 5206 632 5280 topere
677 5195 864 5263 deiici
901 5196 1176 5281 triginta
1213 5196 1590 5263 hominibus
1626 5199 1916 5265 amissis:
1961 5200 2354 5283 praesertim

403 5303 608 5368 quum
657 5282 865 5349 auctis
908 5282 979 5346 in
1025 5281 1409 5366 centuplum
1468 5283 1674 5368 copiis
1728 5282 1949 5350 hostes
1990 5282 2075 5351 ab
2117 5284 2354 5350 itinere

402 5367 622 5435 adhuc
666 5366 871 5435 lassos
912 5369 1219 5454 frangere
1276 5391 1412 5435 non
1468 5369 1729 5439 difficile
1788 5377 1991 5436 esset:
2049 5390 2178 5440 non
2236 5370 2354 5437 abs

1578 446 2322 519 COMMENTARIUS
2366 450 2467 517 IN
2509 448 2792 519 IOSUE
2837 450 3038 521 OAP.
3083 451 3242 519 VII.

4284 456 4415 522 474

2459 660 2532 705 re
2576 647 2797 706 tamen
2842 659 3137 706 moerore
3179 661 3527 725 oppressus
3562 642 3857 709 animum
3891 663 4095 728 prope
4131 644 4409 730 despon-

2462 725 2592 792 det.
2680 725 2910 809 Neque
2968 725 3146 790 enim
3201 728 3663 811 cogitationem
3723 728 3933 808 illam,
3992 751 4159 814 quae
4204 733 4410 800 victos

2461 819 2793 878 sustentat
2835 832 2910 877 ac
2954 821 3236 891 recreat,
3284 811 3515 881 dubios
3558 834 3701 880 esse
3745 813 4065 882 bellorum
4113 826 4408 897 eventus,

2460 895 2807 964 admittere
2871 898 3240 980 patiebatur
3303 896 3431 965 Dei
3497 900 3871 983 promissio,
3947 921 4207 987 semper
4267 902 4409 971 fore

2459 984 2766 1050 victores.
2838 981 3166 1065 Quoniam
3205 1004 3362 1069 ergo
3401 986 3539 1069 spei
3583 1006 3718 1052 non
3762 987 4113 1070 respondet
4152 1008 4408 1056 succes·

2459 1090 2606 1149 sus,
2664 1068 2836 1154 quod
2891 1088 3122 1135 verum
3182 1077 3356 1148 erat,
3412 1072 3680 1137 statuit:
3739 1093 3868 1138 non
3915 1072 4046 1139 alia
4088 1071 4168 1140 de
4211 1093 4409 1143 causa

2460 1154 2817 1223 infeliciter
2858 1175 3220 1239 pugnasse,
3266 1156 3390 1221 nisi
3437 1155 3609 1241 quod
3653 1157 3946 1224 destituti
3990 1168 4213 1227 essent
4255 1182 4406 1245 pro-

2460 1244 2662 1308 misso
2704 1239 2833 1306 Dei
2894 1240 3160 1306 auxilio.
3247 1241 3430 1327 Ergo
3487 1251 3625 1308 tam
3682 1244 3822 1328 ipse
3877 1265 4076 1328 quam
4119 1247 4407 1313 seniores

2460 1347 2592 1393 non
2638 1335 2896 1392 tantum
2940 1326 3248 1393 tristitiae
3290 1338 3356 1394 et
3401 1326 3609 1394 dolori
3639 1350 3709 1395 se
3754 1327 4062 1397 tradunt:
4107 1331 4223 1399 sed
4265 1353 4408 1399 sus-

2458 1412 2715 1496 cipiunt
2734 1413 3070 1480 solennem
3092 1411 3363 1494 luctum,
3398 1422 3475 1479 ut
3507 1414 3579 1479 in
3614 1412 3811 1481 rebus
3833 1416 4122 1483 maxime
4144 1416 4406 1485 afflictis

2457 1498 2606 1566 fieri
2626 1497 2810 1580 solet,
2843 1496 3197 1564 scindendo
3221 1507 3453 1577 vestes,
3490 1508 3560 1566 et
3592 1500 3933 1585 pulverem
3969 1523 4166 1586 super
4187 1503 4406 1587 capita

2456 1584 2845 1669 spargendo.
2910 1584 3061 1650 Etsi
3105 1591 3324 1651 autem
3370 1585 3537 1652 ritus
3580 1587 3706 1653 iste
3750 1587 4103 1654 incredulis
4149 1609 4406 1673 quoque

2457 1671 2745 1738 usitatus
2788 1669 2914 1737 fuit
2943 1667 3028 1734 ad
3071 1670 3443 1736 testandum
3492 1671 3797 1753 dolorem,
3841 1673 4140 1757 specialis
4183 1681 4407 1741 tamen

2454 1755 2584 1822 fuit
2617 1755 2785 1822 ratio
2820 1755 2948 1840 piis
2985 1761 3052 1821 et
3071 1756 3200 1822 Dei
3235 1755 3612 1835 cultoribus,
3657 1767 3735 1823 ut
3774 1759 3941 1825 iram
3976 1759 4118 1827 eius
4153 1759 4406 1845 suppli·

2454 1842 2619 1911 citer
2641 1840 3166 1926 deprecarentur.
3212 1840 3371 1908 Ideo
3406 1843 3479 1908 in
3516 1845 3802 1910 vestium
3837 1846 4121 1912 scissura
4154 1855 4220 1912 et
4252 1846 4405 1913 aliis

2455 1927 2915 1995 continebatur
2934 1927 3375 2011 poenitentiae
3407 1929 3753 2012 professio:
3789 1930 3962 2015 quod
3995 1931 4191 1998 etiam
4225 1933 4406 1998 colli-

2455 2014 2639 2099 gitur
2680 2034 2766 2080 ex
2808 2034 3071 2080 annexa
3114 2014 3520 2098 precatione:
3565 2036 3728 2099 quae
3773 2023 3993 2083 tamen
4035 2018 4277 2101 partim
4320 2040 4405 2085 ex

2453 2099 2587 2166 fide
2630 2110 2697 2165 et
2743 2101 2996 2166 sincero
3040 2098 3301 2184 pietatis
3345 2100 3604 2180 affectu,
3647 2102 3889 2183 partim
3933 2123 4016 2168 ex
4059 2103 4410 2170 immodica

2302 2185 2352 2236 ⁶-
2456 2185 2951 2270 perturbatione
3007 2185 3214 2251 mixta
3264 2194 3383 2251 est.
3474 2183 3666 2267 Quod
3719 2186 3804 2253 ad
3848 2186 4068 2254 Deum
4112 2201 4291 2255 recta
4333 2210 4406 2257 se

2456 2279 2881 2348 convertunt,
2936 2279 3002 2336 et
3045 2281 3409 2357 agnoscunt
3452 2271 3519 2337 in
3565 2293 3766 2338 manu
3810 2276 3969 2352 eius,
4013 2294 4146 2358 qua
4194 2275 4407 2343 inflic-

2456 2366 2600 2424 tum
2643 2357 2774 2423 fuit
2814 2356 3092 2436 vulnus,
3150 2364 3450 2441 paratam
3494 2377 3638 2424 esse
3679 2356 4068 2425 medicinam
4088 2411 4105 2439 ,
4150 2381 4232 2427 ex
4275 2361 4406 2428 fide

2457 2452 2719 2509 manat:
2766 2441 3009 2509 doloris
3053 2452 3275 2509 tamen
3321 2463 3592 2510 excessu
3636 2444 3893 2529 abrepti
3935 2458 4144 2513 metas
4187 2455 4409 2514 trans·

2454 2529 2709 2596 siliunt.
2776 2528 2958 2595 Hinc
3000 2527 3452 2628 expostulandi
3494 2527 3783 2608 libertas,
3828 2530 3984 2597 hinc
4027 2541 4404 2616 praeposte-

2455 2635 2606 2681 rum
2663 2622 2926 2683 votum:
2984 2612 3259 2682 Utinam
3317 2613 3619 2681 libuisset
3669 2636 3938 2683 manere
3993 2617 4063 2683 in
4108 2617 4402 2685 deserto!

2453 2700 2689 2785 Neque
2728 2720 2887 2767 vero
2943 2720 3195 2768 novum
3255 2708 3389 2780 est,
3448 2699 3562 2767 ubi
3605 2711 3832 2768 sancto
3876 2702 4016 2769 zelo
4058 2702 4143 2769 ad
4186 2703 4407 2770 Deum

2455 2785 3812 2940 {ffiffiduffiosstdssfflmQffifflQ
3836 2787 4402 2959 ttfflfflffsss

2452 2965 2674 3025 autem
2731 2958 2923 3026 modo
2980 2958 3381 3025 vitiarentur
3436 2978 3667 3026 omnes
3720 2980 3948 3044 preces
3963 3010 3982 3041 ,
4038 2960 4173 3026 nisi
4217 2961 4404 3028 Deus

2449 3065 2573 3129 pro
2607 3045 2930 3113 immensa
2962 3043 3372 3129 indulgentia
3402 3043 3789 3130 ignosceret,
3835 3066 3911 3114 ac
3944 3045 4221 3114 maculis
4254 3046 4402 3113 abs-

2452 3130 2681 3210 tersis,
2757 3150 2868 3198 eas
2925 3139 3238 3215 tanquam
3343 3150 3497 3197 uras
3562 3131 3938 3215 susciperet.
4025 3132 4116 3198 Et
4178 3140 4401 3198 tamen

2451 3237 2660 3301 quum
2682 3216 2777 3282 ita
2793 3216 2999 3284 libere
3033 3152 3511 3317 expostulando
3531 3216 3832 3283 reiiciant
3854 3238 4045 3285 curas
4069 3217 4139 3283 in
4159 3216 4401 3297 Deum,

2452 3301 2840 3387 simplicitas
2881 3301 3043 3370 haec
3084 3301 3241 3367 hcet
3282 3302 3481 3368 venia
3522 3301 3817 3388 indigeat
3832 3353 3849 3382 ,
3906 3304 4155 3389 gratior
4205 3303 4270 3370 lo
4362 3325 4400 3371 e

2452 3396 2556 3456 est
2596 3408 2794 3473 quam
2841 3389 2998 3456 ficta
3045 3386 3541 3487 hypocritarum
3596 3387 3948 3488 modestia,
4006 3389 4121 3473 qui
4172 3389 4286 3457 sed
4355 3408 4401 3491 p

2451 3494 2926 3641 bgncflgaingg?
2937 3471 4077 3660 coogfflggitdatzrgoeesffaffcurbnffit.
4095 3474 4404 3628 &Exegigit

2450 3667 2492 3714 a
2546 3645 2993 3713 moderatione
3044 3645 3268 3726 Iosue,
3332 3646 3446 3712 ubi
3499 3667 3650 3714 cum
3707 3645 3856 3712 Deo
3940 3647 4161 3731 ‘tigat,
4225 3645 4402 3732 quod

2450 3732 2767 3816 populum
2824 3730 3126 3798 eduxerit
3166 3753 3204 3798 e
3248 3731 3537 3799 deserto:
3596 3730 3681 3797 ad
3736 3732 4053 3800 maiorem
4094 3753 4255 3799 vero
4296 3733 4401 3797 in·

2448 3818 2837 3903 temperiem
2913 3816 3198 3902 prosilit,
3275 3816 3388 3884 ubi
3454 3816 3912 3884 turbulentum
3973 3824 4206 3887 votum
4272 3817 4400 3885 Dei

2448 3903 2868 3988 promissioni
2919 3902 3303 4005 decretoque
3357 3903 3658 4004 opponit:
3713 3903 3987 3971 Utinam
4044 3924 4106 4005 e·
4142 3903 4400 3971 deserto

2450 4009 2795 4162 ..3:332ss
2869 4010 3257 4160 {msa
3272 3988 3706 4159 ¹1&OEss
3765 3997 3915 4142 :5:ss
3967 3990 4141 4143 3:2¹..
4173 3989 4403 4161 sm:

2453 4181 2747 4230 asserere
2810 4159 2938 4228 Dei
3048 4161 3279 4227 loriam
3294 4207 3312 4238 ,
3389 4169 3705 4228 excusata
3768 4161 3896 4227 fuit
3959 4162 4403 4244 vehementia,

2453 4269 2623 4333 quae
2678 4247 2915 4313 merito
2972 4267 3011 4313 a
3037 4246 3212 4331 ioqui
3254 4246 3474 4313 Deum
3532 4254 3969 4332 provocasset.
4056 4247 4236 4316 Hinc
4293 4247 4403 4315 do-

2452 4354 2699 4413 cemur,
2743 4340 3025 4415 sanctos,
3070 4331 3227 4398 dum
3262 4329 3348 4398 ad
3380 4339 3633 4399 rectum
3667 4353 3936 4417 scopum
3972 4333 4402 4414 contendunt,

2453 4439 2650 4505 saepe
2690 4417 3059 4503 impingere
3101 4425 3172 4484 et
3226 4416 3392 4485 labi:
3444 4416 3639 4503 idque
3679 4419 3754 4486 in
3797 4418 4103 4503 precibus
4144 4439 4401 4503 quoque

2451 4503 2793 4606 interdum
2834 4505 3235 4604 contingere,
3261 4502 3390 4605 ,ubi
3432 4505 3720 4571 maxime
3762 4503 3915 4571 fidei
3948 4505 4302 4590 puritatem
4335 4510 4404 4569 et

2454 4598 2889 4744 {imm
2912 4588 3389 4761 assbssfflssassnffii
3420 4588 3767 4760 &2⁸52
3806 4589 4034 4743 ἒὲῑῗὲὶθ
4048 4589 4400 4745 Βοῗιῖἓῗιῗὲ

2455 4786 2541 4831 ex
2581 4762 2880 4848 proximo
2919 4782 3113 4829 versu
3156 4768 3357 4847 patet,
3396 4761 3507 4828 ubi
3552 4761 3698 4827 eius
3734 4761 4172 4847 patrocinium
4217 4761 4402 4845 quasi

2456 4850 2582 4919 sibi
2637 4849 3011 4915 iniunctum
3068 4845 3241 4914 susci
3285 4846 3356 4913 it.
3445 4846 3625 4929 Quid
3683 4846 3894 4917 dicam
3909 4899 3928 4930 ,
3984 4846 4197 4932 inquit
4212 4897 4228 4926 ,
4288 4844 4404 4911 ubi

2455 4936 2779 5006 obiectum
2813 4933 3031 5012 fuerit,
3074 4867 3387 5018 populum
3422 4944 3609 5017 terga
3640 4933 3965 5000 vertisse?
4032 4938 4134 5000 Ac
4165 4932 4402 4999 merito

2454 5021 2908 5107 conqueritur,
2966 5018 3133 5086 nihil
3189 5018 3316 5085 sibi
3372 5037 3516 5086 esse
3559 5018 3731 5102 quod
3773 5017 4197 5103 respondeat:
4245 5018 4402 5103 quia

2454 5112 2640 5177 Deus
2684 5117 2918 5174 testem
2959 5125 3111 5172 eum
3155 5126 3232 5172 ac
3273 5124 3662 5188 praeconem
3714 5126 3874 5171 suae
3921 5103 4176 5188 gratiae
4218 5124 4400 5169 crea-

2455 5201 2648 5263 verat
2663 5245 2679 5273 ,
2734 5191 2908 5260 unde
2966 5201 3323 5277 perpetuus
3366 5190 3789 5257 victoriarum
3835 5199 4023 5256 tenor
4066 5195 4211 5255 erat
4252 5208 4402 5271 spe·

2453 5280 2724 5349 raudus.
2812 5277 3034 5361 Quum
3088 5298 3247 5363 ergo
3306 5274 3654 5360 magnifice
3696 5275 3825 5342 Dei
3866 5275 4228 5359 potentiam
4280 5294 4403 5359 pro

2457 5387 2731 5434 munere
2774 5365 2895 5431 sibi
2932 5363 3251 5430 divinitus
3287 5359 3597 5429 mandato
3633 5360 4010 5443 extulisset,
4072 5360 4402 5430 contrario
