5017 6142
446 450 577 522 217
1855 452 2260 524 REDI'I'US
2303 456 2435 522 AD
2479 454 3025 524 HISTORIAM.
4307 464 4434 533 218

444 641 653 724 dona,
694 642 884 709 facile
925 643 1198 728 quisque
1238 644 1313 709 in
1354 662 1477 711 sua
1519 651 1696 710 sorte
1741 644 2136 727 quiesceret:
2200 660 2391 727 prae-

446 731 683 795 sertim
739 749 867 812 quo
911 731 1183 813 quisque
1223 728 1560 796 liberalius
1599 741 1869 796 ornatus
1913 736 2042 808 est,
2098 730 2159 794 si
2200 730 2394 795 altius

448 814 718 898 aspiret,
752 832 828 880 eo
861 814 1080 881 minus
1114 815 1468 881 tolerabilis
1501 823 1602 880 est
1635 816 1775 881 eius
1796 814 2215 899 ingratitudo.
2260 815 2394 880 Do-

454 920 682 967 cemur
754 900 979 981 itaque
995 948 1012 978 ‚
1085 920 1213 983 quo
1282 901 1554 983 quisque
1614 901 1690 966 in
1757 901 2055 967 altiorem
2128 894 2392 966 honoris

455 984 735 1071 gradum
787 993 1052 1050 evectus
1086 996 1187 1051 est
1230 986 1356 1051 Dei
1400 986 1727 1064 beneficio,
1772 986 1828 1050 si
1872 1004 2021 1052 eum
2066 985 2279 1051 adhue
2320 986 2391 1050 in

440 1070 736 1138 -sublime
789 1071 964 1153 rapit
1022 1071 1292 1137 ambitio
1354 1068 1439 1136 ad
1496 1070 1958 1138 transiliendas
2032 1072 2389 1138 vocationis

453 1172 612 1223 suae
642 1163 877 1235 metas,
918 1157 1223 1241 graviore
1257 1176 1467 1240 poena
1500 1152 1775 1241 dignum
1810 1174 1953 1223 esse
1986 1156 2251 1222 crimen.
2297 1154 2390 1221 Et

448 1250 679 1308 tamen
731 1260 899 1324 quae
951 1250 1053 1307 est
1098 1244 1394 1308 omnium
1449 1241 1588 1307 fere
1629 1244 2052 1324 perversitas,
2113 1240 2387 1308 simulac

449 1327 843 1393 mediocrem
913 1327 1126 1392 locum
1192 1322 1510 1415 quispiam
1580 1326 1897 1407 obtinuit,
2016 1328 2159 1392 nasi
2216 1328 2386 1393 elato

446 1412 791 1496 superbiae
844 1412 1121 1489 vexillo,
1172 1412 1433 1478 nullum
1490 1412 1609 1479 sibi
1662 1414 1821 1480 facit
1866 1430 1982 1479 mo
2026 1432 2136 1478 um
2182 1412 2386 1479 donec

446 1500 661 1563 nubes
735 1498 1231 1564 transcenderit.
1333 1497 1636 1581 Denique
1698 1499 1887 1582 pauci
1967 1498 2386 1582 reperiuntur

448 1584 564 1668 qui
614 1604 753 1648 non
810 1584 1055 1649 honore
1111 1578 1522 1651 insolescant.
1622 1583 1777 1665 Quo
1832 1585 2042 1668 mag-is
2097 1583 2385 1649 tenenda

446 1678 546 1736 est
590 1669 752 1734 haec
795 1669 1001 1735 Mesia
1045 1668 1430 1754 admonitio,
1476 1669 1672 1735 nimis
1719 1670 1859 1734 Deo
1898 1669 2197 1753 ingratos
2240 1689 2382 1734 esse

442 1756 558 1838 qni
602 1752 901 1837 despecta
943 1768 1063 1820 sua
1102 1765 1307 1833 sorte,
1352 1772 1520 1837 quae
1555 1755 1911 1820 honorifica
1955 1766 2127 1832 erat,
2170 1753 2243 1819 in
2286 1755 2382 1819 al—

444 1848 589 1906 tum
641 1838 959 1905 feruntur.
1094 1849 1099 1853 ’

616 1926 720 1990 11.
767 1924 1009 1991 Idcirco
1048 1929 1120 1990 tu
1161 1929 1221 1990 et
1257 1926 1571 1991 universa.
1661 1925 1791 1990 Hic
1850 1923 2098 2009 detegit
2155 1942 2377 1989 eorum

442 2010 678 2087 scelus,
716 2010 886 2093 quod
931 2011 1150 2076 fucare
1205 2012 1420 2077 conati
1462 2012 1739 2076 fuerant.
1827 2009 2023 2075 Pium
2065 2010 2240 2075 enim
2275 2028 2378 2076 ze-

443 2096 583 2162 lum
641 2094 744 2182 (ut
800 2094 1113 2182 vidimus)
1174 2095 1529 2162 obtendere
1570 2096 1752 2161 nulla
1791 2094 1922 2160 illis
1964 2096 2088 2160 fuit
2129 2096 2378 2180 religio,

438 2200 567 2246 nec
609 2181 837 2265 pudor.
928 2182 1130 2264 Atqui
1171 2198 1305 2247 uno
1360 2180 1560 2247 verbo
1604 2180 1897 2247 nebulas*
1920 2180 2069 2247 illas
2108 2180 2380 2248 discutit

438 2260 698 2344 Moses,
752 2274 1014 2331 tantum
1067 2267 1425 2351 instigante
1479 2266 1785 2349 superbia
1839 2272 1904 2331 et
1961 2266 2212 2332 invidia
2269 2286 2379 2332 eos

436 2354 712 2417 turbare
766 2360 1010 2418 statum
1062 2353 1308 2437 populi.
1374 2351 1747 2418 Notandum
1802 2360 2020 2417 autem
2063 2362 2165 2418 est
2206 2352 2375 2437 quod

436 2436 622 2517 dicit,
665 2437 884 2503 efferri
939 2437 1256 2504 adversus
1306 2438 1540 2504 Deum.
1629 2439 1775 2503 Etsi
1820 2436 1997 2503 enim
2045 2454 2377 2521 nunquam

430 2524 716 2588 eonfessi
758 2531 979 2589 essent
1010 2523 1134 2588 sibi
1176 2542 1326 2590 cum
1370 2531 1447 2589 eo
1488 2543 1630 2590 esse
1673 2525 2029 2608 negotium,
2074 2524 2185 2588 sed
2231 2532 2374 2588 tan—

426 2616 584 2673 tum
635 2607 716 2673 de
772 2608 982 2692 gradu
1023 2608 1287 2676 honoris
1344 2628 1415 2675 se
1468 2618 1721 2675 certare
1773 2631 1921 2677 cum
1967 2608 2373 2675 hominibus:

432 2693 594 2777 quia
650 2702 870 2758 tamen
925 2695 1182 2760 animus
1230 2695 1362 2760 illis
1410 2702 1552 2760 erat
1593 2694 1886 2761 ordinem
1931 2715 1970 2759 a
2013 2694 2158 2759 Deo
2202 2694 2374 2777 posi·-

434 2783 585 2844 tum
640 2779 1041 2859 convellere,
1102 2781 1361 2847 reiectis
1403 2780 1656 2846 cavillis
1698 2798 1840 2846 rem
1885 2780 2095 2863 ipsam
2140 2796 2373 2865 propo-

434 2865 543 2930 nit
596 2863 848 2943 Moses,
897 2864 1141 2930 bellum
1185 2858 1329 2931 Deo
1370 2884 1634 2932 movere
1676 2884 1904 2931 servos
1948 2866 2088 2931 eius
2129 2886 2373 2951 oppug-

431 2947 677 3015 nando.
766 2950 947 3034 Ergo
988 2952 1044 3015 si
1087 2951 1394 3017 timemus
1437 2970 1587 3017 oum
1632 2952 1774 3017 Deo
1821 2952 2187 3035 confligere,
2234 2970 2371 3015 ma-

433 3055 597 3101 nere
638 3030 965 3102 discamus
998 3037 1068 3101 in
1102 3046 1328 3103 nostro
1361 3037 1588 3121 gradu.
1655 3036 2005 3120 Utcunque
2036 3038 2210 3102 enim
2246 3045 2374 3101 ter-

434 3121 856 3206 giversentur
911 3123 1276 3204 quicunque
1326 3120 1700 3189 ambitionis
1743 3140 1903 3188 suae
1940 3140 2139 3189 causa
2176 3121 2375 3189 eccle-

434 3207 606 3273 siam
662 3207 1076 3289 perturbant,
1130 3208 1567 3292 oppugnando
1612 3207 1736 3273 Dei
1778 3227 2006 3274 servos
2048 3211 2116 3272 in
2157 3210 2372 3292 ipsum

430 3294 800 3358 incurrunt.
866 3292 1094 3376 Itaque
1132 3312 1397 3359 necesse
1439 3305 1556 3373 est,
1600 3304 1674 3358 ut
1706 3315 1779 3359 se
1819 3294 2141 3361 vindicem
2177 3313 2373 3377 oppo-

434 3385 574 3443 nat.
676 3372 906 3460 Neque
977 3379 1154 3443 enim
1219 3378 1466 3444 bellum
1520 3381 1773 3465 geritur
1840 3398 1991 3446 eum
2054 3381 2227 3459 Deo,
2298 3384 2373 3444 ut

431 3474 669 3547 poetae
734 3463 1122 3528 fabulantur
1206 3465 1507 3548 gigantes
1575 3466 1973 3532 coacervatis
2042 3465 2374 3531 montibus

431 3544 703 3614 eoelum-
748 3550 1209 3615 transcendere
1250 3561 1543 3615 conatos:
1605 3552 1717 3615 sed
1765 3551 1876 3616 ubi
1921 3553 2263 3633 impetitur
2301 3551 2369 3615 in

431 3652 777 3700 servorum
819 3654 1084 3701 suorum
1127 3654 1432 3721 persona,
1479 3647 1547 3701 et
1588 3638 1817 3718 quovis
1861 3636 2050 3702 modo
2091 3636 2371 3703 labefac»

433 3726 617 3785 tatur
675 3719 846 3802 quod
902 3719 1210 3787 decrevit.
1298 3720 1504 3786 Sacra
1546 3730 1688 3787 erat
1730 3720 2133 3788 sacerdotum
2179 3741 2369 3787 voca-

430 3808 544 3871 tio.
610 3804 841 3888 Itaque
875 3807 983 3888 qui
1028 3826 1173 3872 eam
1216 3817 1510 3874 evertere
1552 3806 1907 3874 machinati
1940 3818 2118 3889 sunt,
2163 3809 2371 3891 aperti

433 3891 849 3957 fueruntDei
888 3891 1136 3957 hostes:
1175 3911 1250 3958 ac
1283 3893 1340 3959 si
1377 3894 1446 3958 in
1483 3914 1631 3959 eum
1666 3912 1866 3972 arma,
1902 3893 2039 3959 vim
2074 3902 2141 3958 et
2173 3896 2369 3977 impe-

431 3986 577 4042 tum
614 3974 1028 4044 direxissent.
1096 3980 1311 4061 Atque
1342 3978 1489 4045 ideo
1524 3978 1807 4044 tenenda
1849 3988 1949 4043 est
1989 3980 2158 4044 ratio
2204 4000 2370 4063 quae

431 4061 795 4140 subiicitur,
842 4063 1111 4128 Aharon
1155 4064 1331 4129 enim
1375 4062 1530 4147 quid
1573 4063 1718 4131 est?
1764 4065 1919 4147 quia
1961 4066 2018 4131 si
2055 4064 2212 4148 quid
2247 4064 2369 4131 sibi

434 4147 826 4230 sumpsisset
884 4149 1186 4227 Aharon,
1242 4150 1370 4216 Dei
1428 4151 1784 4233 patrocinio
1844 4151 1982 4217 eius
2040 4152 2373 4217 temeritas

436 4241 505 4298 et
547 4232 820 4299 audacia
860 4254 994 4298 non
1035 4235 1263 4301 fuisset
1304 4236 1590 4302 suffulta.
1659 4237 1865 4302 Docet
1905 4237 2107 4320 igitur
2150 4237 2371 4303 Moses

432 4317 609 4384 hanc
651 4317 779 4384 Dei
824 4340 965 4386 esse
1008 4340 1268 4386 causam
1290 4371 1306 4400 ,
1363 4321 1515 4403 quia
1559 4324 1629 4387 in
1671 4321 2030 4388 sacerdotio
2076 4322 2239 4387 nihil
2284 4323 2372 4389 sit

432 4403 817 4470 humanum.
906 4405 1075 4470 Erat
1136 4404 1398 4488 quidem
1463 4406 1895 4473 honorificum
1953 4424 2229 4488 munus,
2297 4417 2371 4473 ut

432 4488 710 4556 Aharon
762 4492 997 4556 merito
1050 4493 1300 4557 censeri
1373 4491 1670 4558 debuerit
1724 4493 1970 4576 aliquid
2013 4508 2185 4559 esse:
2253 4492 2366 4558 sed

431 4575 748 4659 intelligit
806 4576 1025 4642 Moses
1097 4597 1227 4642 non
1297 4577 1538 4644 habere
1605 4579 1953 4662 quidquam
2012 4578 2366 4662 proprium,

432 4680 557 4727 nec
614 4660 738 4726 sibi
798 4661 1148 4746 quidquam
1203 4677 1541 4748 arrogaret
1600 4664 1880 4747 denique
1934 4664 2102 4729 nihil
2145 4682 2284 4730 esse
2330 4686 2369 4729 a

434 4766 507 4813 se
544 4748 721 4830 ipse,
784 4760 1120 4830 praeterea
1174 4770 1305 4814 non
1349 4752 1607 4832 privato
1650 4749 1983 4815 commodo
2027 4750 2366 4829 excellere,

432 4852 559 4899 nec
615 4852 759 4898 esse
809 4834 881 4897 in
935 4836 1137 4899 otiosa
1195 4834 1545 4919 dignitate,
1609 4835 1720 4900 sed
1767 4856 1932 4900 onus
1977 4835 2364 4901 laboriosum

435 4938 584 4984 esse
640 4919 1016 5001 impositum
1066 4921 1205 4985 eius
1260 4920 1553 4986 humeris
1595 4921 1667 4983 in
1711 4940 2119 4986 communem
2167 4922 2365 4988 eccle-

434 5005 575 5071 siae
608 5005 902 5069 salutem.
950 5006 1179 5088 Itaque
1213 5003 1360 5088 plus
1381 5025 1573 5088 quam
1611 5006 1884 5072 ridicula
1907 5015 2010 5071 est
2038 5026 2245 5090 papae
2277 5007 2370 5071 fa-

434 5090 655 5167 tuitas,
701 5089 859 5154 dum
904 5110 1129 5156 omnes
1174 5090 1537 5175 tyrannidis
1580 5111 1735 5155 suae
1780 5091 1994 5164 hostes
2039 5099 2370 5175 comparat

434 5173 666 5253 Corae,
712 5175 979 5242 Dathan
1025 5187 1092 5243 et
1134 5177 1400 5243 Abiran.
1464 5176 1634 5242 Nam
1672 5187 1746 5241 ut
1786 5177 2013 5259 probet
2048 5178 2170 5242 sibi
2218 5198 2369 5242 con-

433 5260 725 5328 iunctam
769 5281 913 5329 esse
955 5284 1104 5328 cum
1136 5260 1280 5329 Deo
1323 5282 1607 5340 causam,
1654 5261 1846 5328 fidem
1892 5283 2049 5329 suae
2097 5264 2371 5329 vocatio·

431 5348 539 5413 nis
579 5348 791 5425 faciat,
834 5358 901 5414 et
934 5348 1131 5416 simul
1172 5350 1524 5416 satisfaciat
1558 5347 1788 5414 officio.
1854 5347 1987 5413 Sed
2026 5368 2218 5431 quam
2253 5349 2371 5413 fri·

2496 644 2682 711 volae
2724 652 2792 712 et
2834 645 3125 712 insulsae
3166 656 3380 728 nugae
3414 656 3590 727 sunt,
3678 666 3836 713 uum
3870 649 4106 734 aliquis
4138 651 4433 723 larvatus

2496 730 2764 796 Aharon
2819 751 2858 797 a
2911 751 2981 797 se
3021 733 3162 814 ipso
3221 732 3463 815 prodit,
3532 668 3784 799 nulium
3843 733 3972 802 Dei
4027 737 4432 821 mandatum,

2494 816 2751 881 nullum
2812 818 3219 883 vocationem
3273 817 3547 901 profert,
3609 817 3986 886 dominatur
4029 842 4147 906 pre
4191 843 4310 890 sua
4351 822 4430 893 li-

2493 901 2744 981 bidine,
2803 900 3034 969 histrio
3093 916 3193 968 est
3237 903 3304 966 in
3352 901 3609 970 theatro
3655 903 3869 988 potius
3911 924 4106 989 quam
4150 908 4218 973 in
4264 918 4429 977 tem-

2491 987 2599 1069 plo
2657 986 2988 1065 sacerdos,
3050 1008 3168 1071 pro
3224 987 3651 1055 schismaticis
3712 989 4007 1056 damnari
4062 994 4431 1081 quicunque

2491 1071 2923 1139 adulterinam
2984 1072 3155 1139 hanc
3215 1072 3723 1140 dominationem
3791 1076 4142 1143 reiiciunt?
4208 1078 4432 1161 Quare

2478 1158 2844 1223 tenendum
2899 1168 2999 1224 est
3056 1159 3446 1242 principium
3503 1158 3695 1240 iilud,
3752 1169 3984 1228 contra
4027 1161 4242 1229 Deum
4290 1167 4424 1233 bel-

2484 1240 2622 1307 lum
2668 1244 2921 1308 moveri
2967 1245 3077 1308 ubi
3121 1244 3423 1311 molestia
3466 1244 3816 1312 exhibetur
3858 1248 4000 1314 eius
4044 1250 4266 1329 servis,
4312 1255 4423 1336 qui

2487 1336 2555 1392 et
2609 1328 2898 1413 legitime
2948 1333 3159 1395 vocati
3214 1338 3398 1408 sunt,
3472 1339 3537 1395 et
3593 1350 3834 1398 munus
3892 1354 4084 1399 suum
4146 1335 4426 1404 fideliter

2480 1424 2948 1496 exsequuntur.

2997 1750 3129 1819 EX
3172 1754 3503 1823 EODEM
3543 1757 3901 1825 OAPI'I'E.

2656 1924 2756 1990 12.
2806 1923 2994 1990 Misit
3048 1925 3237 1993 etiam
3282 1925 3497 1992 Moses
3547 1928 3637 1993 aa
3676 1928 4017 1995 vocandum
4059 1928 4322 1998 Dathan
4363 1940 4419 1998 et

2482 2007 2755 2075 Abiram
2794 2008 2964 2090 filios
2996 2009 3195 2076 Euat
3210 2036 3230 2075 .·
3271 2012 3385 2094 qui
3423 2013 3900 2093 responderunt:
3948 2015 4092 2081 Non
4137 2018 4417 2084 ascende·

2479 2110 2640 2160 mus.
2732 2095 2831 2159 13.
2892 2097 3000 2161 An
3046 2112 3287 2176 pamm
3343 2103 3433 2162 est
3473 2097 3639 2178 quod
3680 2101 4004 2166 ascendere
4040 2101 4263 2184 feceris
4304 2124 4418 2170 nos

2480 2201 2514 2246 e
2553 2185 2723 2245 terra
2766 2202 2926 2262 quae
2959 2182 3105 2261 fluit
3145 2182 3299 2248 lacte
3339 2186 3397 2248 et
3438 2182 3641 2257 melle.
3687 2190 3758 2250 ut
3816 2186 3980 2250 mori
4021 2206 4136 2253 nos
4173 2188 4416 2268 faceres

2478 2267 2551 2331 in
2607 2267 2844 2333 deserto
2858 2317 2874 2346 ‚
2929 2268 3066 2332 nisi
3121 2267 3309 2332 etiam
3366 2269 3746 2335 dominando
3799 2271 4144 2338 domineris
4183 2273 4359 2339 nobis
4374 2275 4412 2340 ‚2⁷

2481 2351 2582 2416 14.
2647 2353 2846 2433 Atqui
2902 2357 3057 2419 certe
3110 2353 3197 2418 ad
3252 2354 3483 2419 terram
3540 2372 3700 2435 quae
3747 2355 3896 2435 fluit
3951 2354 4102 2423 lacte
4143 2364 4200 2423 et
4240 2357 4412 2426 melle

2476 2454 2602 2502 non
2635 2438 3046 2503 introduoeitti
3076 2457 3215 2515 noe,
3277 2459 3472 2522 neque
3509 2438 3742 2505 dedisti
3767 2440 3950 2507 ‘nobis
3981 2440 4416 2510 haereditaten

2474 2541 2777 2605 aprorum
2841 2528 2899 2587 et
2957 2524 3290 2589 vinearum
3308 2550 3327 2589 .·
3392 2545 3477 2588 an
3541 2525 3746 2591 oculos
3809 2527 4093 2592 virorum
4149 2530 4413 2594 istorum

2478 2607 2780 2690 effodies?
2824 2608 2970 2674 Non
3004 2610 3419 2676 ascendemus.
3488 2609 3589 2676 15.
3638 2612 3858 2679 Iratus
3893 2615 3978 2677 est
4019 2632 4160 2698 eryo
4205 2613 4413 2681 Moses

2474 2692 2689 2772 valde,
2744 2696 2801 2759 et
2839 2693 3006 2759 dixit
3047 2695 3133 2761 ad
3177 2694 3501 2761 Iolao-vam.-
3546 2695 3646 2762 Ne
3688 2697 3994 2780 respicias
4035 2699 4121 2765 ad
4163 2697 4413 2766 oblatio·

2474 2796 2617 2844 nem
2657 2798 2899 2844 eorum:
2946 2796 3025 2844 ηε
3080 2780 3344 2847 asellum
3402 2780 3653 2864 quiam
3690 2802 3886 2849 uniam
3927 2782 4005 2850 ab
4047 2784 4141 2849 eis
4183 2786 4409 2867 accepi,

2473 2882 2666 2946 neque
2707 2864 2917 2946 afflivi
2957 2882 3325 2949 qumquam
3367 2886 3443 2932 ex
3483 2867 3662 2951 ipsis.

2649 3036 2748 3101 12.
2788 3034 2978 3102 Misit
3008 3037 3195 3102 etiam
3220 3036 3449 3107 Moses.
3504 3038 3735 3105 Voluit
3769 3040 3893 3107 hoc
3926 3040 4137 3118 modo,
4173 3041 4229 3107 si
4263 3038 4410 3108 fieri

2472 3134 2711 3205 posset,
2755 3123 2997 3188 sanctis
3032 3123 3495 3190 monitionibus
3531 3145 3638 3191 eos
3677 3142 3982 3192 revocare
4016 3128 4098 3193 ab
4132 3124 4407 3192 interitu

2474 3206 2559 3273 ad
2616 3227 2806 3289 quem
2875 3209 3170 3274 ruebant.
3282 3209 3463 3293 Ergo
3535 3230 3760 3275 eorum
3817 3211 4012 3277 saluti
4071 3213 4407 3279 consulere

2475 3310 2608 3358 non
2655 3292 2918 3371 destitit,
2961 3313 3295 3376 quousque
3337 3306 3643 3376 expertus
3689 3303 3790 3362 est
3822 3316 3962 3362 esse
3998 3299 4258 3381 penitus
4303 3296 4406 3363 de·

2473 3378 2782 3462 ploratus.
2872 3381 3089 3462 Atque
3132 3378 3202 3442 in
3262 3400 3338 3444 eo
3388 3380 3717 3462 specimen
3775 3380 4074 3448 exhibuit
4125 3384 4405 3449 clemen-

2474 3464 2605 3530 tiae
2645 3465 2803 3544 Dei,
2858 3465 3043 3531 cuius
3100 3464 3335 3546 spiritu
3389 3467 3771 3550 regebatur:
3831 3489 3960 3533 non
4021 3468 4209 3534 modo
4254 3468 4408 3551 quia

2472 3550 2861 3617 sententiam
2886 3568 3081 3617 causa
3102 3548 3437 3650 incognita
3465 3551 3633 3617 ferre
3675 3552 3916 3621 noluit:
3953 3552 4064 3619 sed
4111 3554 4261 3637 quia
4299 3550 4407 3619 eos

2472 3635 2726 3701 studuit
2759 3635 2842 3700 ad
2875 3637 3385 3718 resipiscentiam
3422 3636 3760 3711 adducere,
3805 3658 3892 3702 ne
3932 3648 4002 3703 se
4046 3639 4218 3703 ultro
4264 3657 4407 3721 per-

2472 3721 2720 3787 derent.
2787 3720 2920 3787 Sed
2955 3732 3114 3786 tunc
3149 3721 3382 3788 accidit
3409 3721 3575 3806 quod
3610 3732 3837 3806 postea
3871 3725 4131 3873 saepius
4175 3724 4407 3808 imple·

2471 3812 2614 3873 tum
2658 3806 2803 3884 fuit,
2850 3816 2923 3872 ut
2964 3828 3093 3873 non
3139 3807 3329 3872 modo
3372 3809 3557 3872 irrita
3600 3819 3772 3874 esset
3815 3828 3979 3892 prop
4029 3820 4171 3875 etae
4215 3810 4405 3875 sedu-

2471 3892 2625 3959 litas
2681 3892 2854 3976 apud
2896 3891 3294 3972 incredulos,
3354 3892 3466 3958 sed
3511 3893 3722 3978 magis
3767 3914 3841 3959 ac
3883 3897 4095 3978 magis
4140 3915 4249 3959 eos
4293 3896 4405 3959 ob·-

2473 3978 2757 4044 duraret.
2825 3977 3084 4046 Scimus
3127 3979 3303 4045 enim
3345 3979 3502 4061 quid
3537 3978 3782 4046 dictum
3825 3981 4024 4045 fuerit
4067 3980 4275 4046 Isaiae
4320 3978 4407 4067 (6,

2474 4065 2620 4151 10):
2679 4063 2958 4131 Obstina
3013 4086 3123 4132 cor
3177 4065 3400 4148 populi
3444 4065 3676 4142 huius,
3736 4083 4026 4150 aggrava
4070 4086 4293 4145 aures,
4340 4074 4408 4132 et

2472 4150 2692 4218 oculos
2735 4150 2985 4216 oblinet
3029 4170 3114 4215 ne
3158 4152 3323 4215 forte
3367 4149 3587 4216 videat
3629 4151 3833 4217 oculis
3877 4154 4033 4231 suis,
4078 4161 4145 4216 et
4184 4148 4410 4218 audiat

2471 4237 2755 4315 auribuS,
2793 4242 2861 4301 et
2893 4257 3003 4302 cor
3037 4236 3177 4302 eius
3212 4234 3551 4319 intelligat,
3590 4258 3666 4302 ac
3701 4254 4054 4302 conversus
4089 4248 4406 4304 servetur.

2473 4321 2589 4389 Sic
2636 4322 2778 4388 Deo
2824 4321 3038 4405 placet
3085 4320 3505 4404 reproborum
3551 4321 3867 4389 malit-iam
3915 4321 4235 4406 detegere,
4282 4342 4407 4408 quo

2470 4408 2682 4493 magis
2717 4407 3074 4473 reddantur
3116 4407 3607 4474 inexcusabiles.

2644 4492 2742 4558 13.
2782 4493 2895 4557 An
2915 4513 3175 4575 parum.
3239 4493 3388 4557 Non
3413 4494 3573 4557 satis
3607 4502 3706 4558 est
3741 4493 3974 4576 impiis,
4014 4494 4122 4559 ubi
4161 4493 4241 4560 ad
4279 4493 4406 4559 dis·

2470 4580 2904 4662 ceptationem
2952 4587 3296 4657 vocantur,
3347 4581 3810 4645 contumaciter
3853 4596 4160 4662 respuere
4202 4580 4404 4661 impe·

2469 4665 2643 4730 rium
2678 4664 2902 4743 Mosis,
2940 4664 3067 4729 nisi
3104 4663 3298 4730 etiam
3335 4684 3483 4728 eum
3520 4664 3693 4729 ultro
3727 4674 4046 4731 accusent.
4115 4662 4248 4731 Sed
4291 4684 4403 4728 no-

2469 4748 2745 4815 tandum
2815 4758 2916 4815 est
2984 4770 3110 4833 quo
3179 4747 3467 4815 crimine.
3589 4749 4014 4832 Exprobrant
4069 4750 4239 4832 quod
4296 4770 4403 4813 eos

2469 4834 2771 4901 eduxerit
2814 4857 2850 4901 e
2893 4843 3072 4900 terra
3130 4835 3434 4919 Aegypti.
3524 4833 3870 4901 Subticent
3926 4840 4143 4900 tamen
4191 4844 4405 4899 astute

2469 4922 2804 5006 proprium
2883 4940 3151 4998 nomen,
3225 4921 3339 4985 sed
3407 4920 3544 4985 eius
3629 4922 3989 4986 ubertatem
4058 4920 4405 5002 magnifice

2470 5006 2821 5085 extollunt,
2911 5018 2982 5070 ut
3035 5006 3383 5072 obscurent
3432 5002 3744 5091 quidquid
3806 5003 4131 5088 pollicitus
4190 5005 4406 5069 fuerat

2470 5090 2658 5157 Deus
2716 5091 2796 5157 de
2855 5100 3028 5157 terra
3089 5090 3422 5158 Obanaan.
3510 5090 3647 5157 Imo
3695 5089 3948 5156 videtur
3989 5091 4265 5154 formam
4310 5091 4404 5155 lo-

2469 5177 2712 5261 quendi
2749 5196 2877 5259 qua
2910 5179 3169 5261 saepius
3203 5198 3361 5244 usus
3397 5178 3607 5244 fuerat
3630 5176 3863 5252 Moses,
3900 5174 4159 5256 oblique
4196 5185 4407 5242 trans-

2472 5266 2644 5329 ferre
2687 5261 2768 5328 ad
2817 5267 2958 5347 Aeg
3009 5276 3213 5346 ptum,
3259 5274 3335 5327 ut
3378 5265 3470 5328 ita
3513 5262 3693 5345 quasi
3730 5260 3983 5343 sepulta
4027 5261 4236 5326 iaceat
4279 5260 4406 5327 Dei

2472 5346 2857 5415 benedictio,
2947 5285 3151 5413 gorm
3208 5368 3400 5430 quam
3448 5347 3672 5413 foedae
3715 5344 4220 5429 ingraditudinis
4264 5349 4405 5421 fuit.

4777 6072 4831 6098 ,Α
