5017 6142
580 437 709 504 547

583 627 659 694 de
700 625 1077 693 haereditate
1118 645 1258 706 saa,
1301 625 1638 692 secundum
1677 646 2016 693 sermonem
2048 625 2311 692 lebovae
2351 626 2535 692 arbes

582 714 758 791 istas,
803 716 859 778 ei
899 710 1261 778 suburbana
1301 731 1539 778 earum.
1604 713 1666 778 4.
1711 711 1996 796 Eyressa
2037 717 2125 778 est
2157 717 2362 778 antem
2395 731 2534 779 sors

572 819 698 881 per
757 797 1050 881 familias
1112 795 1565 863 Ceatbitarum:
1625 798 2017 888 fueruntque
2049 797 2210 880 filiis
2263 797 2534 864 Aharon

582 884 921 951 sacerdotis
962 882 1039 950 de
1079 883 1348 964 Levitis,
1406 883 1482 949 de
1525 883 1694 950 bribn
1737 884 1938 963 Iuda,
1996 888 2053 949 et
2095 882 2172 949 de
2210 884 2380 949 tribu
2425 883 2532 949 Si-

584 990 777 1046 meon,
821 974 878 1035 et
910 968 985 1034 de
1017 967 1187 1034 triba
1209 967 1553 1035 Beniamin
1576 989 1696 1051 per
1732 974 1973 1049 sortem,
2007 969 2190 1035 nrbes
2221 969 2530 1036 tredecim.

585 1056 648 1123 5.
719 1054 918 1122 Filiis
979 1058 1184 1121 autem
1246 1053 1435 1120 Geath
1495 1055 1762 1137 reliquis
1776 1106 1792 1134 ,
1857 1055 1935 1121 de
1995 1054 2271 1138 familiis
2332 1056 2534 1121 tribus

588 1141 934 1226 Ephraim,
983 1144 1040 1206 et
1080 1140 1154 1206 de
1197 1139 1367 1205 tribu
1408 1138 1593 1218 Dan,
1651 1145 1710 1206 ei
1750 1140 1827 1206 de
1869 1141 2142 1207 dimidia
2181 1139 2352 1205 triba
2394 1140 2535 1207 Me-

586 1249 791 1308 nasse,
823 1246 948 1309 per
986 1230 1228 1306 sortem,
1270 1225 1443 1291 vebes
1484 1226 1706 1293 decern.
1773 1226 1833 1290 6.
1880 1224 2083 1292 Filiis
2121 1245 2266 1291 vero
2293 1226 2535 1293 Gerson

585 1315 662 1382 de
700 1311 976 1399 familiis
1012 1311 1215 1377 tribus
1238 1309 1556 1390 Issacbar,
1602 1311 1678 1376 de
1718 1310 1888 1376 tribu
1920 1311 2111 1395 Aser,
2154 1315 2213 1376 et
2249 1312 2329 1378 de
2365 1311 2535 1378 tribu

593 1398 948 1484 Nephtbali,
992 1401 1049 1463 et
1081 1399 1158 1464 de
1198 1397 1471 1463 dimidia
1511 1396 1680 1462 tribu
1700 1395 2006 1464 Manasse
2037 1397 2109 1462 in
2141 1396 2387 1476 Basan,
2412 1417 2536 1479 per

588 1491 830 1569 sanein,
875 1482 1063 1549 wrbes
1106 1483 1410 1549 tredecim.
1478 1482 1537 1550 7.
1585 1480 1784 1549 Fibiis
1805 1480 2056 1548 Merari
2088 1502 2209 1566 per
2248 1481 2539 1565 familias

586 1592 776 1652 suas,
829 1570 906 1635 de
961 1567 1130 1633 tribu
1175 1568 1426 1648 Ruben,
1485 1574 1543 1635 et
1583 1569 1660 1634 de
1698 1568 1869 1634 tribu
1916 1568 2096 1647 Gad,
2154 1573 2212 1633 et
2250 1568 2538 1634 detribu

591 1654 893 1735 Zabulon,
935 1655 1121 1720 urbes
1161 1654 1499 1721 duodecim.
1589 1654 1648 1720 8.
1693 1652 2035 1735 Dederunt,
2076 1655 2337 1736 inquam
2354 1705 2370 1734 ,
2408 1654 2538 1736 filii

593 1741 805 1810 Israel
849 1740 1087 1806 Levitis
1127 1739 1308 1804 nrbes
1349 1739 1494 1821 has,
1551 1745 1608 1805 et
1661 1739 2025 1806 suburbana
2066 1760 2315 1819 earum,
2371 1742 2539 1806 sicut

580 1832 1026 2011 mem.
1037 1823 2067 2010 Itzwmmfflffia
2081 1959 2097 1989 ‚
2113 1846 2235 2010 ²⁰35
2253 1846 2356 1978 012⁰
2364 1830 2536 2011 'trusum

584 2002 869 2083 filiorum
938 1997 1188 2064 Simeon
1253 1997 1435 2063 urbes
1497 2002 1657 2063 istas
1720 2017 1880 2079 quas
1954 2001 2194 2063 vocavit
2267 2017 2532 2063 nomme.

590 2087 690 2152 10.
717 2085 1125 2167 Fueruntque
1141 2083 1300 2164 siliis
1321 2082 1587 2149 Abaron
1619 2082 1695 2149 de
1726 2082 2004 2166 familiis
2031 2080 2235 2163 Ceatb,
2270 2083 2347 2148 de
2375 2083 2537 2164 filiis

587 2173 777 2238 Levi.-
834 2168 968 2235 illis
1020 2169 1189 2235 enim
1237 2168 1367 2252 fuit
1419 2188 1559 2235 sors
1600 2169 1842 2250 prima.
1937 2168 2036 2234 11.
2098 2166 2537 2250 Dederuntqne

586 2260 679 2325 eis
737 2254 1164 2323 &arioth-arba
1216 2256 1428 2337 patris
1493 2253 1678 2320 Anac
1741 2252 1916 2341 (ipsa
1979 2258 2069 2321 est
2125 2248 2400 2341 Hebron)
2464 2255 2537 2319 in

585 2348 786 2409 monte
841 2338 1013 2407 Iuda
1030 2392 1046 2422 ,
1108 2344 1163 2406 et
1218 2340 1574 2406 suburbana
1623 2340 1759 2405 eius
1802 2359 1922 2422 per
1985 2339 2309 2406 circuitum
2374 2341 2533 2406 eius.

589 2430 690 2495 12.
749 2427 999 2512 Ayrum
1051 2446 1194 2491 vero
1243 2427 1382 2493 eius
1432 2425 1613 2491 urbis
1664 2430 1722 2491 et
1783 2425 1974 2493 villas
2038 2425 2177 2491 eius
2238 2425 2538 2492 dederunt

594 2513 777 2582 Caleb
815 2512 950 2596 filio
994 2509 1273 2594 Iephune
1311 2512 1384 2576 in
1412 2512 1865 2594 possessionem
1920 2511 2076 2577 eins.
2167 2511 2268 2576 13.
2317 2511 2535 2587 Fictis,

585 2602 846 2683 inquam
862 2650 877 2677 ,
944 2597 1209 2665 Aharon
1269 2596 1605 2663 sacerdotis
1665 2596 1966 2662 dederunt
2024 2596 2239 2662 urbem
2300 2597 2536 2682 refuyii

585 2685 958 2764 homicidae,
1020 2682 1297 2761 Hebron,
1362 2686 1418 2748 et
1465 2682 1824 2748 suburbana
1877 2684 2046 2766 eius,
2107 2688 2165 2749 et
2219 2681 2432 2748 Libna
2480 2687 2537 2748 et

588 2770 953 2839 subwrbana
995 2770 1162 2836 eius.-
1252 2768 1351 2833 14.
1413 2766 1502 2832 Et
1546 2765 1786 2847 Iathir,
1844 2774 1901 2833 et
1949 2767 2310 2834 suburbana
2367 2768 2537 2834 eius.-

585 2863 643 2924 et
676 2857 1027 2934 Esthemoa,
1072 2859 1128 2921 ei
1169 2853 1531 2919 suburbana
1569 2853 1722 2918 eius.
1809 2853 1907 2920 15.
1955 2852 2178 2929 Holon,
2221 2859 2277 2920 et
2317 2853 2538 2919 subm·-

586 2943 754 3010 bana
798 2944 953 3020 cias,
998 2945 1054 3005 et
1094 2940 1310 3020 chir,
1353 2944 1409 3004 et
1451 2938 1810 3004 suburbana
1853 2940 2026 3007 eius:
2101 2940 2200 3005 16.
2247 2938 2337 3005 Et
2378 2941 2534 3020 Ain,

587 3034 643 3097 et
682 3028 1042 3094 suburbana
1097 3027 1266 3106 eius,
1325 3029 1381 3091 et
1425 3022 1671 3105 Iuttah,
1729 3030 1786 3090 et
1836 3025 2198 3092 subwrbana
2253 3026 2422 3092 eius.-
2481 3030 2540 3090 et

588 3113 988 3192 Beth-semes,
1025 3117 1080 3178 et
1112 3110 1472 3178 suburbana
1509 3111 1678 3175 eius.-
1721 3110 1907 3176 nrbes
1938 3131 2154 3178 novem
2185 3112 2260 3178 de
2292 3110 2538 3178 duabus

588 3200 872 3267 tribubus
913 3199 1074 3265 istis.
1167 3197 1267 3263 17.
1313 3196 1417 3263 De
1458 3195 1627 3262 tribu
1666 3215 1807 3262 vero
1850 3196 2197 3263 Beniamin
2214 3247 2229 3278 ,
2281 3196 2536 3277 Gibeon‚

588 3292 644 3352 et
717 3285 1077 3351 suburbana
1144 3286 1318 3349 eins.-
1389 3287 1445 3348 et
1528 3281 1732 3358 Geba,
1810 3288 1867 3349 et
1943 3283 2305 3350 suburbana
2380 3284 2535 3349 eins.

592 3372 694 3438 18.
732 3369 1067 3450 Anatboth,
1103 3373 1159 3436 et
1189 3367 1549 3435 suburbana
1581 3369 1753 3435 eins.-
1795 3368 2058 3453 Almon,
2095 3374 2150 3435 et
2182 3368 2544 3436 suburbana

590 3454 1390 3609 {mmmmm
1434 3453 1976 3607 ahimam}
2003 3453 2549 3608 “amatim

585 3648 825 3697 earum,

768 3801 827 3866 1.
895 3800 1320 3865 Accessenmt.
1420 3796 1551 3864 Hic
1610 3797 1931 3880 posterius
1997 3807 2309 3865 narratur
2374 3800 2547 3884 quod

590 3883 979 3972 praecedere
1045 3883 1284 3949 debuit.
1393 3883 1623 3967 Neque
1690 3885 1865 3949 enim
1942 3885 2243 3951 civitates
2306 3887 2546 3970 refugii

593 3974 774 4058 prius
819 3972 1081 4037 fuerunt
1125 3968 1333 4047 datae,
1378 3989 1571 4052 quam
1617 3971 1986 4055 assignatae
2029 3982 2247 4036 essent
2267 3971 2542 4039 Levitis.

597 4059 749 4126 Huc
791 4057 1038 4123 accedit
1081 4055 1252 4138 quod
1297 4065 1451 4121 ante
1493 4055 1737 4122 dictum
1785 4055 1940 4133 fuit,
1998 4055 2193 4121 Iosue
2237 4065 2304 4121 et
2346 4057 2545 4123 Elea-

598 4166 711 4210 zar
768 4145 968 4209 finem
1030 4140 1258 4207 fecisse
1313 4139 1704 4207 dividendae
1762 4150 1993 4207 terrae.
2081 4141 2309 4225 Neque
2369 4144 2545 4208 enim

597 4251 754 4296 vere
814 4228 1022 4293 divisa
1079 4225 1206 4291 fuit
1262 4240 1440 4291 terra
1499 4227 1702 4293 donec
1760 4247 1879 4292 sua
1922 4227 2182 4293 Levitis
2228 4227 2547 4296 habitatio

597 4313 910 4381 attributa
945 4323 1133 4379 esset.
1179 4312 1565 4378 Tenendum
1600 4313 1825 4398 igitur,
1863 4334 2061 4396 quum
2098 4315 2352 4379 sortitio
2376 4315 2547 4381 facta

598 4402 723 4468 fuit
765 4398 986 4466 decem
1032 4398 1321 4462 tribuum
1370 4399 1665 4478 nomine,
1727 4399 2051 4465 detractas
2104 4399 2304 4466 fuisse
2350 4401 2548 4468 urbes

596 4489 667 4553 in
705 4497 880 4552 terra
903 4484 1241 4562 Chanaan,
1279 4485 1345 4547 in
1385 4482 1620 4568 quibus
1641 4480 1927 4551 Levitae
1962 4485 2355 4552 habitarent.
2400 4485 2545 4551 Iam

598 4573 773 4638 enim
820 4584 1003 4635 trans
1027 4567 1378 4634 Iordanem
1422 4591 1541 4636 sua
1587 4571 1678 4637 eis
1717 4572 1930 4654 portio
1974 4569 2316 4656 obtigerat.
2380 4572 2547 4638 Cae-

600 4670 813 4724 terum
850 4654 964 4721 ubi
1001 4652 1317 4722 accedunt
1340 4655 1635 4735 Levitae,
1679 4664 1745 4721 et
1781 4667 2000 4722 ratum
2036 4677 2179 4723 esse
2214 4658 2551 4740 postulant

598 4746 728 4811 Dei
766 4758 1033 4817 munus,
1081 4751 1154 4804 ut
1188 4739 1383 4805 nrbes
1418 4741 1796 4824 possideant
1829 4763 1979 4808 cum
2015 4743 2361 4823 suburbiis,
2406 4765 2551 4827 pro-

599 4828 810 4897 babile
854 4835 956 4894 est
997 4826 1199 4892 fuisse
1244 4826 1594 4910 neglectos,
1638 4825 1840 4894 donec
1877 4848 2139 4894 causam
2178 4849 2363 4895 suam
2401 4851 2551 4914 age-

599 4924 770 4983 rent.
860 4912 975 4981 Sic
1018 4914 1192 4979 enim
1240 4911 1534 4978 accidere
1577 4912 1744 4978 solet
1787 4911 1943 4977 dum
1989 4916 2259 4998 quisquc
2303 4915 2384 4981 ad
2431 4939 2552 4982 sua

600 5000 890 5068 curanda
932 5008 1221 5064 attentus
1259 5005 1376 5076 est,
1423 5005 1500 5062 ut
1527 4999 1808 5063 fratrum
1844 4998 2286 5067 obliviscatur.
2352 5000 2552 5070 Certe

601 5102 797 5170 turpe
840 5086 964 5152 fuit
1004 5083 1298 5151 vellicari
1340 5104 1563 5149 aurem
1608 5084 1874 5167 populo,
1934 5094 2000 5151 et
2054 5085 2126 5151 in
2169 5088 2550 5155 memoriam

602 5172 892 5239 revocari
938 5170 1108 5255 quod
1135 5169 1318 5236 Deus
1354 5169 1432 5235 de
1458 5170 1715 5237 Levitis
1758 5170 1932 5238 clare
1976 5172 2276 5239 iusserat.
2345 5175 2552 5257 Atqui

602 5259 734 5325 nisi
778 5256 1173 5324 domicilium
1218 5256 1340 5322 sibi
1386 5257 1822 5341 flagitassent,
1869 5257 2235 5341 pericnlum
2281 5268 2422 5326 erat
2466 5280 2553 5326 ne

599 5344 888 5412 iacerent
930 5342 1050 5408 sub
1097 5342 1223 5408 dio.
1314 5340 1708 5427 Quanquam
1760 5343 1956 5410 simul
2015 5343 2321 5430 colligere
2378 5345 2552 5427 licet,

1726 435 2468 506 COMMENTARIUS
2511 438 2614 504 IN
2658 437 2938 507 IOSUE
2984 438 3181 507 OAP.
3225 438 3422 507 XXI.

4447 440 4570 506 548

2633 627 2949 712 populum
2991 628 3242 694 incuria
3284 641 3351 694 et
3392 625 3717 693 oblivione
3757 626 3968 712 magis
4022 648 4322 712 peccasse
4378 650 4569 714 quam

2633 713 2979 781 fraudandi
3039 715 3335 794 consilio,
3390 712 3545 797 quia
3601 734 3736 779 non
3795 722 4141 780 cunctatur
4183 714 4572 799 simulatque

2633 801 2920 867 monitus
2964 809 3092 868 est:
3149 800 3279 866 imo
3322 798 3629 865 laudatur
3670 819 3900 864 eorum
3946 799 4341 868 obedientia:
4400 802 4571 886 qnod

2634 885 2989 952 secundum
3063 906 3428 952 sermonem
3508 883 3795 951 Iehovae
3873 886 4320 968 praestiterint
4406 887 4573 972 quod

2633 991 2911 1056 aequum
2954 980 3024 1038 et
3065 979 3314 1038 rectum
3360 979 3521 1037 erat.

2805 1057 2866 1124 4.
2911 1057 3188 1143 Egressa
3231 1061 3321 1123 est
3359 1077 3518 1123 sors.
3605 1055 3737 1123 Hic
3780 1056 3990 1140 primo
4033 1055 4423 1124 describitur
4466 1081 4575 1125 ur-

2635 1142 2815 1209 bium
2875 1161 3221 1209 numerus:
3279 1142 3362 1208 de
3418 1162 3547 1226 quo
3603 1140 3799 1225 paulo
3850 1149 3997 1225 post
4040 1142 4385 1210 dicendum
4431 1147 4574 1212 erit.

2637 1226 2939 1295 Secundo
3004 1228 3245 1294 diserte
3305 1227 3726 1311 exprimitur,
3793 1227 3947 1294 filiis
4000 1228 4275 1294 Aharon
4331 1238 4577 1297 sortem

2637 1314 2943 1382 cecidisse
2985 1314 3056 1380 in
3100 1314 3276 1381 tribu
3319 1312 3516 1393 Iuda,
3576 1311 3744 1397 quod
3803 1334 3935 1379 non
3986 1314 4263 1400 contigit
4304 1315 4577 1382 fortuito

2638 1408 2910 1467 eventu:
2970 1400 3125 1484 quia
3167 1400 3349 1466 Deus
3407 1419 3525 1482 pro
3580 1397 3949 1466 admirabili
4003 1420 4124 1465 suo
4180 1401 4450 1467 consilio
4504 1402 4579 1467 in

2639 1506 2717 1551 ea
2758 1485 2910 1551 sede
2954 1507 3063 1552 eos
3106 1484 3366 1565 locavit,
3411 1483 3524 1550 ubi
3568 1492 3886 1551 statuerat
3930 1494 4060 1550 tem
4109 1485 4248 1551 lum
4293 1487 4416 1553 sibi
4460 1488 4578 1553 cli-

2637 1592 2810 1656 gere.
2900 1571 3124 1637 Tertio
3175 1569 3591 1637 descenditur
3650 1569 3732 1635 ad
3791 1571 3933 1654 ipsa
3988 1592 4068 1636 nr
4114 1571 4247 1637 ium
4291 1575 4578 1653 nomina,

2637 1678 2913 1740 quarum
2957 1657 3174 1740 prima
3216 1655 3501 1722 refertur
3542 1656 3847 1735 Hebron,
3904 1677 4032 1740 qna
4073 1658 4324 1740 privari
4367 1680 4576 1743 aequo

2637 1743 2855 1808 animo
2898 1763 3128 1826 passus
3172 1748 3273 1809 est
3317 1742 3539 1808 Caleb.
3629 1740 3706 1807 Si
3763 1742 3909 1826 quis
3955 1743 4213 1809 obiiciat
4271 1743 4577 1812 debuisse

2637 1831 3045 1912 potissimum
3083 1827 3442 1894 Ierusalem
3476 1826 3609 1893 illis
3653 1825 3811 1907 dari,
3856 1828 3966 1894 ubi
4009 1828 4307 1913 legitima
4348 1829 4579 1898 futura

2639 1922 2781 1981 erat
2824 1916 3050 1981 statio:
3112 1913 3348 1980 solutio
3391 1912 3603 1978 facilis
3647 1921 3746 1978 est
3761 1965 3778 1993 ,
3823 1913 4181 1981 mediocres
4226 1917 4425 1983 urbes
4443 1968 4458 1995 ,
4505 1928 4580 1983 ut

2637 1998 2887 2066 ferebat
2919 2021 3142 2066 eorum
3179 1998 3481 2079 conditio,
3522 1997 3655 2064 illis
3690 1999 3890 2065 fuisse
3923 1997 4219 2066 traditas.
4266 2001 4371 2067 Ad
4396 2002 4580 2083 haec,

2635 2086 2997 2152 Ierusalem
3042 2085 3335 2151 nondum
3379 2092 3537 2151 tunc
3581 2093 3721 2150 erat
3765 2094 4013 2167 pacata,
4056 2107 4257 2169 quum
4279 2087 4580 2155 Iebusaei

2637 2173 3014 2256 potirentur
3051 2172 3190 2237 eius
3233 2170 3527 2254 imperio.
3614 2170 3792 2235 Deni
3835 2192 3917 2236 ue
3950 2171 4305 2238 absurdum
4348 2173 4582 2241 fuisset

2636 2255 2855 2323 sedem
2891 2278 2963 2323 re
3012 2257 3142 2322 'am
3175 2256 3445 2322 attribui
3481 2254 3798 2322 sacerdoti
3844 2277 3943 2322 us.
4002 2257 4091 2322 Et
4124 2257 4196 2322 in
4232 2281 4310 2327 eo
4345 2261 4583 2328 melius

2635 2343 2908 2427 probata
2961 2279 3029 2407 ξι
3034 2344 3088 2408 it
3144 2363 3367 2408 eorum
3430 2342 3660 2427 religio
3723 2350 3789 2407 et
3851 2339 4043 2420 fides,
4111 2342 4283 2426 quod
4350 2355 4586 2430 sponte

2637 2429 3011 2514 migrabant
3053 2449 3136 2493 ex
3180 2428 3387 2493 natali
3430 2428 3596 2507 solo,
3656 2436 3733 2492 ut
3774 2428 3979 2495 sacris
4022 2450 4286 2513 operam
4331 2432 4584 2516 impen-

2639 2514 2890 2579 derent.
2978 2513 3219 2579 Nullus
3281 2513 3458 2579 enim
3517 2512 3817 2580 sacerdos
3867 2512 4081 2581 officio
4136 2514 4405 2583 functus
4465 2526 4585 2597 est,

2638 2601 2748 2683 qui
2791 2621 2924 2665 non
2969 2601 3159 2664 fieret
3201 2599 3583 2683 inquilinus.
3652 2599 3901 2664 Eorum
3947 2609 4171 2665 tamen
4212 2602 4587 2670 infirmitati

2638 2687 2834 2751 venia
2894 2686 3045 2752 data
3099 2692 3225 2761 est,
3281 2706 3485 2769 quum
3545 2685 3779 2750 vicinis
3822 2685 4095 2752 urbibus
4140 2686 4365 2753 donati
4409 2700 4587 2770 sunt,

2641 2793 2720 2837 ne
2779 2770 3125 2837 molestum
3191 2778 3361 2837 esset
3425 2771 3855 2855 longinquum
3921 2771 4049 2836 iter
4111 2774 4442 2858 suscipere
4502 2776 4589 2841 ad

2639 2855 3010 2924 obeundum
3055 2877 3245 2922 sunm
3305 2878 3564 2922 munus.
3654 2855 3894 2940 Porro,
3956 2857 4216 2941 quando
4274 2861 4391 2926 uni
4441 2870 4588 2927 tan-

2641 2953 2779 3008 tum
2838 2941 3125 3008 familiae
3180 2963 3302 3009 nec
3358 2941 3710 3007 admodum
3752 2941 4101 3026 populosae
4146 2945 4459 3013 tredecim
4505 2947 4591 3014 ad

2641 3027 3069 3094 habitandum
3096 3027 3287 3093 datae
3320 3036 3477 3094 sunt
3514 3028 3729 3105 nrbes,
3768 3027 3922 3095 hinc
3959 3031 4383 3098 confirmatur
4418 3033 4593 3117 quod

2642 3113 2796 3179 alibi
2842 3112 3058 3195 docui,
3106 3113 3269 3180 alias
3312 3114 3522 3180 tribus
3566 3111 3866 3197 plurimis
3910 3114 4179 3182 urbibus
4231 3117 4435 3184 fuisse
4477 3119 4590 3185 do-

2641 3201 2943 3279 minatas,
2986 3219 3264 3283 quarum
3310 3198 3496 3265 nulla
3538 3200 3616 3264 fit
3649 3200 3926 3265 mentio:
3970 3200 4166 3285 idque
4207 3203 4403 3286 paulo
4445 3216 4594 3289 post

2643 3285 2884 3352 certius
2925 3285 3432 3352 confirmabitur.

2820 3457 2923 3523 20.
2974 3453 3279 3523 Familiis
3314 3476 3457 3524 vero
3495 3456 3774 3540 liliorum
3800 3457 4040 3525 Gabatb
4063 3458 4448 3541 Levitarum,
4481 3464 4595 3545 qai

2647 3542 2890 3609 residui
2952 3547 3129 3608 erant
3181 3542 3258 3609 de
3307 3543 3466 3625 filiis
3524 3542 3764 3609 canath
3815 3541 4096 3631 (fuerunt
4150 3550 4358 3612 autem
4413 3549 4597 3614 urbes

2648 3629 2839 3695 sortis
2858 3647 3072 3694 eorum
3093 3628 3168 3695 de
3187 3628 3352 3694 tribu
3373 3627 3733 3715 quhraim),
3793 3630 3895 3695 21.
3931 3628 4274 3710 Dederunt,
4313 3633 4593 3715 inquam,

2648 3715 2788 3781 illis
2840 3713 3052 3781 urbem
3104 3715 3213 3797 ref
3297 3715 3339 3779 'i
3389 3714 3734 3782 homicidae
3785 3714 4064 3797 Sechm,
4121 3722 4178 3782 et
4231 3717 4597 3786 suburbana

2648 3801 2790 3865 eius
2829 3801 2901 3864 in
2941 3804 3142 3866 monte
3292 3800 3524 3879 hrairn,
3569 3806 3623 3865 et
3672 3800 3885 3881 Geser,
3930 3807 3988 3867 et
4026 3802 4393 3869 suburbana
4434 3806 4592 3872 eius.

2648 3886 2750 3951 22.
2801 3885 2892 3950 Et
2935 3884 3244 3965 Gibsaim,
3302 3889 3360 3951 et
3412 3886 3774 3953 suburbana
3826 3889 3997 3952 eias:
4048 3892 4107 3952 et
4153 3888 4491 3972 Bethoron,
4537 3896 4598 3957 et

2647 3971 3007 4038 suburbana
3063 3971 3235 4037 eins.-
3291 3971 3477 4037 nrbes
3531 3976 3816 4055 quatuor.
3905 3973 4009 4038 23.
4072 3972 4174 4041 De
4230 3974 4400 4042 tribu
4450 3998 4597 4044 vero

2649 4057 2837 4123 Dan:
2892 4053 3173 4137 Eltbece,
3239 4062 3294 4123 et
3347 4056 3710 4124 suburbana
3767 4060 3936 4125 eius.-
3995 4064 4053 4125 et
4113 4059 4482 4142 Gibbeihon,
4535 4070 4597 4130 et

2647 4141 3011 4209 suburbana
3053 4144 3208 4222 eius,
3296 4142 3399 4209 24.
3458 4142 3547 4207 Et
3588 4142 3856 4224 Aialon,
3916 4150 3974 4210 et
4021 4144 4387 4215 suburbana
4428 4150 4598 4218 eius.-

2648 4234 2706 4294 et
2766 4228 3228 4295 Gatlz-›rimmon
3244 4280 3260 4308 ,
3316 4234 3372 4295 et
3427 4229 3789 4295 suburbana
3832 4229 4000 4316 eius,
4065 4233 4251 4300 urbes
4575 4286 4592 4302 .

2649 4314 2753 4380 25.
2789 4313 2892 4382 De
2924 4314 3196 4381 dimidia
3230 4334 3373 4380 vero
3409 4314 3575 4381 tribu
3608 4314 3920 4382 Manasse
3959 4317 4316 4399 Thaanacb,
4358 4326 4416 4387 et
4448 4321 4596 4387 sub-

2648 4402 2896 4467 urbana
2936 4401 3109 4467 eius:
3158 4399 3627 4479 Gatbrimmon,
3672 4406 3731 4468 et
3770 4402 4130 4469 suburbana
4186 4406 4356 4471 eins.-
4408 4408 4598 4476 urbes

2649 4487 2832 4554 duae.
2923 4486 3024 4552 26.
3077 4485 3303 4552 Omnes
3342 4486 3530 4553 wrbes
3570 4488 3801 4566 decem,
3853 4492 3910 4553 et
3949 4488 4310 4556 suburbana
4352 4513 4595 4574 earam,

2646 4572 2924 4656 familiis
2980 4571 3257 4653 filiorum
3320 4571 3561 4638 Cabath
3617 4573 3916 4640 residuis.
4013 4574 4114 4641 27.
4180 4574 4383 4644 Porro
4436 4579 4599 4660 filiis

2656 4658 2896 4726 Ger-son
2940 4658 3014 4723 de
3052 4656 3330 4740 familiis
3371 4658 3764 4737 Levitarmn,
3809 4660 3885 4726 de
3924 4660 4197 4726 dimidia
4236 4661 4408 4728 tribu
4451 4663 4598 4731 Ma-

2650 4763 2837 4810 nasse
2877 4744 3091 4810 urbem
3131 4743 3368 4829 refnyii
3408 4743 3788 4811 homicidae.-
3849 4744 4057 4812 Golan
4097 4747 4170 4812 in
4211 4746 4446 4816 Basan
4461 4801 4478 4830 ,
4534 4757 4600 4817 et

2651 4828 3016 4896 suburbana
3077 4829 3249 4895 eius.-
3305 4828 3643 4896 Beesthera
3684 4835 3742 4897 et
3780 4832 4141 4898 suburbana
4181 4834 4353 4899 eins.-
4411 4836 4599 4904 urbes

2653 4915 2831 4981 duae.
2920 4915 3024 4981 28.
3069 4914 3172 4982 De
3214 4915 3382 4981 triba
3428 4915 3760 4995 Issaehar‚
3818 4915 4066 4998 OEsion,
4122 4923 4180 4984 et
4230 4920 4598 4989 suburbana

2654 5002 2823 5067 eius.-
2864 5000 3188 5081 Dabratb,
3234 5007 3290 5069 et
3329 5000 3695 5069 suburbana
3737 5002 3905 5069 eius.-
3989 5003 4093 5069 29.
4158 5004 4480 5089 Iamntb,
4537 5014 4598 5075 et

2652 5087 3012 5154 submbana
3054 5089 3221 5153 eius.-
3261 5085 3661 5172 Enyannim,
3705 5093 3761 5153 ct
3799 5088 4160 5156 suburbana
4202 5092 4370 5157 eius:
4411 5092 4597 5160 nrbes

2653 5177 2939 5256 quatuor.
3028 5172 3133 5239 30.
3176 5173 3281 5240 De
3320 5172 3490 5240 tribu
3530 5179 3737 5240 autem
3778 5173 3963 5255 Aser,
4011 5174 4231 5256 Misal,
4272 5182 4328 5243 et
4366 5179 4595 5246 subur-

2653 5259 2819 5325 bana
2860 5260 3030 5325 eius:
3080 5258 3334 5340 Abdon,
3392 5265 3450 5326 et
3502 5259 3867 5327 suburbana
3904 5262 4073 5327 eius:
4160 5261 4266 5326 31.
4311 5261 4591 5344 Hekath,

2654 5349 2711 5411 et
2748 5344 3109 5416 suburbana
3148 5346 3321 5412 eius.-
3362 5345 3664 5428 etReIzob,
3708 5351 3763 5412 et
3803 5345 4164 5415 subm-bana
4200 5349 4369 5415 eius.-
4412 5350 4595 5418 arbes

3309 5536 3414 5583 ’ἦ
