5017 6142
389 442 518 510 253
1799 444 2204 514 REDITUS
2252 444 2383 512 AD
2427 444 2975 515 HISTORIAM.
4260 456 4396 522 254

390 633 701 720 regiones
785 633 1104 720 irriguae,
1171 655 1334 718 qnae
1411 636 1640 719 potum
1718 635 1960 719 absque
2022 636 2339 702 miraculo

388 719 647 803 copiose
733 728 1183 807 suggererent.
1271 719 1624 787 Caeterum
1710 742 1791 787 ex
1877 719 1998 787 hoo
2085 723 2338 788 cantico

390 803 740 888 diseamus,
774 807 1073 890 quamvis
1106 805 1295 872 initio
1327 808 1605 891 populus
1637 807 1839 891 impie
1865 813 2095 874 eontra
2118 808 2342 873 Deum

390 891 827 958 tumultuatus
882 900 1083 971 esset,
1142 891 1411 959 tandem
1469 892 1665 977 longo
1721 891 2017 959 beneficii
2074 914 2200 959 usu
2256 891 2340 959 ad

389 976 860 1061 gratitudinem
914 980 1164 1044 flexum
1210 999 1381 1060 esse,
1439 987 1511 1044 ut
1554 979 1625 1045 in
1667 976 1893 1045 laudes
1936 978 2076 1045 eius
2125 999 2342 1043 erum-

388 1075 595 1215 pgget.
680 1063 878 1130 Unde
921 1064 1310 1149 colligimus,
1357 1085 1490 1130 non
1534 1064 1734 1130 fuisse
1777 1065 1845 1130 in
1892 1085 2011 1131 sua
2054 1065 2344 1130 amentia

389 1169 430 1215 o
513 1150 772 1216 tinatos.

952 1493 1083 1559 Ex
1126 1490 1397 1559 DEUT.
1443 1491 1640 1559 OAP.
1687 1491 1778 1557 Π.

562 1664 623 1730 9.
691 1663 778 1729 Et
842 1663 1009 1730 dixit
1068 1662 1227 1729 mibi
1272 1661 1532 1728 Iehova:
1598 1662 1700 1727 Ne
1760 1682 2071 1747 oppuqnes
2126 1663 2337 1745 Moab,

390 1770 589 1834 neque
644 1752 916 1818 lacessas
958 1768 1099 1815 eum
1141 1748 1323 1829 bello,
1378 1747 1531 1830 quia
1586 1768 1710 1814 uon
1751 1749 1907 1814 dabo
1947 1749 2061 1815 tibi
2103 1756 2339 1817 eterra

388 1839 526 1904 eius
567 1837 1037 1920 possessionem.
1127 1833 1331 1901 Filiis
1369 1835 1536 1899 euim
1585 1834 1704 1899 Lot
1741 1834 1889 1900 dedi
1935 1835 2042 1900 Ar
2083 1837 2152 1901 in
2194 1836 2340 1903 hae-

388 1924 731 1991 reditatem
802 1921 900 1986 10.
946 1919 1166 1986 Emim
1206 1924 1390 1986 autea
1432 1918 1791 1985 habitabant
1832 1920 1901 1985 in
1940 1941 2034 2001 ea,
2057 1923 2338 2003 populus

386 2029 655 2094 magnus
696 2012 752 2075 et
783 2007 1036 2083 multus,
1073 2010 1131 2072 et
1170 2006 1462 2086 excelsus,
1506 2006 1669 2071 sieut
1700 2005 1991 2073 Anaeim.
2062 2007 2163 2074 11.
2217 2009 2335 2075 Gi-

386 2100 605 2248 w
638 2092 1091 2177 reputabantur
1123 2091 1310 2157 etiam
1342 2091 1491 2173 fwsi,
1527 2091 1689 2157 sieut
1727 2092 2032 2157 Anaeim:
2064 2098 2123 2159 et
2156 2092 2334 2160 Moa-

442 2183 456 2196 ‘
604 2183 904 2248 vocarunt
945 2197 1047 2245 eos
1088 2175 1322 2243 Eruim.
1414 2177 1514 2242 12.
1584 2172 1670 2241 In
1716 2176 1860 2243 Seir
1913 2182 2119 2244 autem
2154 2179 2332 2247 habi-

387 2271 673 2338 taverunt
728 2265 958 2331 Horim
998 2268 1182 2330 autea
1197 2313 1213 2341 ,
1269 2283 1422 2345 quos
1458 2262 1588 2344 filii
1630 2261 1817 2329 Esau
1850 2264 2237 2347 expulerunt,
2279 2270 2337 2332 et

377 2355 797 2441 perdiderunt
828 2372 872 2418 a
901 2349 1067 2433 faeie
1106 2369 1249 2428 sua,
1288 2349 1835 2431 habitaveruntque
1874 2348 1999 2416 loeo
2030 2351 2331 2435 ipsorum,

792 2457 901 2503 um
938 2434 1148 2502 Israel
1186 2434 1260 2501 iu
1298 2439 1471 2501 terra
1503 2435 1921 2518 possessionis
1961 2456 2114 2502 suae
2142 2458 2335 2520 quam

388 2527 557 2595 dedit
613 2524 750 2592 illis
793 2522 1040 2589 Ielwva.
1132 2520 1233 2586 13.
1306 2520 1493 2587 Nune
1546 2521 1783 2605 sumite
1823 2526 1879 2586 et
1910 2524 2174 2590 &ansae
2213 2528 2334 2590 tor·

385 2617 616 2681 rentem
712 2607 928 2679 Zered.
1026 2604 1116 2673 Et
1199 2605 1614 2673 transivimus
1704 2610 2029 2673 torrentem
2114 2608 2332 2676 Zered.

390 2700 493 2766 14.
553 2696 716 2764 Dies
772 2699 980 2761 autem
1027 2691 1255 2775 quibus
1309 2690 1768 2759 ambulavimus
1808 2691 1884 2757 de
1929 2690 2335 2763 Gades-Bar-

385 2807 522 2863 nea,
567 2783 752 2849 donee
788 2777 1201 2855 transiremus
1258 2782 1582 2843 torrentem
1625 2776 1854 2863 Zered,
1908 2778 2169 2861 fuerunt
2216 2782 2334 2847 tri-

379 2873 689 2957 qiutaocto
723 2867 908 2947 anai,
945 2865 1133 2932 donee
1164 2868 1627 2931 consumeretur
1664 2868 1790 2930 tota
1820 2866 2133 2948 qeneratio
2168 2868 2335 2933 viro-

383 2978 535 3025 rum
579 2954 936 3021 bellatorum
993 2951 1070 3016 de
1124 2950 1321 3017 medio
1381 2953 1758 3029 castrorum,
1822 2952 2334 3033 quemadmodum

382 3044 709 3111 iuraverat
750 3036 980 3105 Iehova
1019 3034 1171 3102 illis.
1252 3034 1354 3102 15.
1423 3033 1759 3102 Praeterea
1799 3056 2029 3102 manus
2071 3037 2335 3107 Iehovae

382 3129 512 3213 fuit
551 3129 625 3194 iu
667 3146 805 3209 eos,
843 3129 914 3190 ut
944 3122 1228 3207 perderet
1270 3142 1372 3190 eos
1404 3141 1437 3187 e
1478 3121 1681 3189 medio
1723 3126 2103 3204 castrorum,
2148 3125 2335 3197 donee

384 3215 764 3282 consumeret
841 3229 959 3275 eos.
1050 3208 1152 3274 16.
1213 3207 1303 3273 Et
1357 3206 1521 3293 fuit,
1589 3213 1923 3289 postquam
1984 3212 2335 3293 eousunapti

380 3300 642 3384 fuerunt
696 3316 904 3363 omues
943 3295 1074 3361 viri
1128 3293 1441 3360 bellatores
1455 3340 1474 3377 ,
1528 3298 1602 3359 ut
1644 3298 2025 3361 morerentur
2063 3315 2097 3361 e
2130 3296 2334 3364 medio

427 3385 624 3468 apuli,
684 3383 785 3448 17.
837 3382 1015 3447 Turta
1046 3380 1339 3463 loquutus
1370 3384 1463 3445 est
1495 3377 1726 3445 Ielwva
1767 3380 1855 3446 ad
1885 3400 1998 3460 me,
2040 3381 2333 3449 dicendo.-

386 3472 485 3537 18.
559 3470 662 3537 Tu
701 3468 1095 3535 trausitmw
1126 3486 1191 3533 es
1232 3464 1411 3532 bodie
1466 3465 1799 3531 terminum
1842 3464 2060 3549 Moab,
2114 3487 2332 3550 nernpe

384 3559 506 3626 Ar.
599 3555 699 3621 19.
757 3548 847 3619 Et
899 3552 1148 3620 accedes
1200 3551 1287 3617 ad
1342 3550 1641 3618 viciniam
1698 3551 1977 3633 filiorum
2037 3552 2331 3637 Ammon,

384 3641 983 3717 neobsideaseos,
1269 3637 2329 3722 irriteseos,quianondaumcs

386 3749 530 3797 sum
608 3726 724 3793 tibi
794 3725 870 3792 de
948 3729 1120 3791 terra
1178 3722 1460 3805 filiorum
1535 3723 1812 3789 Ammon
1871 3725 2328 3807 possessiouem

382 3816 695 3897 aliquam.-
751 3830 901 3877 nam
952 3810 1117 3893 siliis
1173 3809 1294 3877 Lot
1332 3809 1481 3877 dedi
1526 3808 1708 3875 illam
1749 3809 1821 3875 in
1850 3812 2327 3894 possessimm.

380 3902 480 3968 20.
539 3901 741 3966 Terra
770 3898 1095 3983 mantum
1126 3900 1416 3978 repedata
1454 3894 1582 3978 fuit
1621 3896 1810 3962 etiam
1842 3897 2018 3979 ipsa.-
2046 3899 2331 3982 qiqantes

378 3988 809 4056 habitaverunt
865 3984 937 4050 in
989 4004 1066 4050 ea
1119 3982 1268 4048 olim
1281 4034 1298 4062 ,
1364 4001 1517 4064 quos
1579 3980 1977 4049 Ammonitae
2033 3983 2331 4051 vocabant

382 4071 799 4142 Zamzumim.
857 4070 963 4135 21.
1005 4068 1285 4151 Populus
1318 4087 1584 4152 mvaqnus
1617 4073 1672 4133 et
1704 4068 1937 4135 multus
1963 4073 2023 4135 et
2053 4070 2330 4137 excelsus

380 4162 543 4227 simet
594 4157 896 4224 Anacim:
954 4160 1010 4221 et
1036 4155 1321 4237 perdidit
1363 4173 1462 4220 eos
1511 4152 1745 4221 Iebova
1786 4176 1829 4221 a
1867 4154 2037 4237 faeie
2092 4175 2329 4237 eorum,

367 4244 897 4333 possederuntque
964 4260 1099 4321 eos,
1169 4245 1227 4307 et
1300 4239 1729 4307 habitaverunt
1802 4239 1930 4308 loeo
2024 4241 2325 4323 ipsorum.

381 4333 486 4399 22.
562 4326 1091 4412 Quemadmodum
1139 4326 1289 4410 feeit
1323 4326 1485 4409 filiis
1540 4324 1727 4392 Esau
1741 4374 1760 4410 ,
1794 4325 2216 4394 habitantibus
2257 4329 2331 4393 iu

385 4417 547 4497 Seir,
581 4418 842 4499 propter
874 4432 1027 4497 quos
1066 4413 1447 4494 disperdidit
1488 4410 1771 4478 Horaeos
1814 4433 1859 4477 a
1895 4411 2060 4494 faeie
2097 4433 2326 4494 eorum,

380 4510 433 4569 et
456 4501 868 4586 possederunt
900 4518 1017 4579 eos,
1058 4497 1604 4580 habitaveruntque
1643 4497 1770 4565 loco
1810 4498 2093 4580 ipsorum
2133 4519 2332 4581 usque

378 4591 451 4656 iu
523 4588 686 4655 hane
748 4586 932 4653 diem.
1015 4584 1121 4651 23.
1184 4582 1273 4648 Et
1333 4585 1584 4650 Aeaeos
1651 4585 1766 4667 qui
1837 4583 2193 4651 habitabant
2258 4586 2330 4650 iu

385 4675 686 4742 Haserim
734 4691 931 4754 usque
970 4668 1199 4737 Aeeah
1212 4720 1233 4750 ,
1618 4670 1630 4683 ⁸
1747 4670 1859 4754 qui
1899 4671 2129 4754 eqressi
2181 4675 2331 4737 stmt

382 4761 455 4827 de
521 4757 863 4839 Gaphtloor,
916 4757 1331 4838 perdidenmt
1391 4775 1520 4830 eos,
1588 4762 1645 4823 et
1708 4755 2141 4824 habitaverunt
2200 4757 2328 4824 loeo

381 4866 678 4930 ipsorum.

550 5016 613 5082 9.
683 5015 783 5081 Ne
845 5033 1156 5097 oppuqnes
1218 5011 1425 5080 Moab.
1512 5013 1733 5080 Antea
1798 5012 2005 5082 vetuit
2067 5013 2325 5099 ingredi

386 5111 627 5170 terram
701 5099 948 5181 Edem,
1026 5099 1155 5164 nisi
1226 5098 1574 5183 impetrato
1644 5120 1983 5166 consensu.
2073 5098 2325 5168 Similis

386 5209 559 5255 nune
624 5186 892 5253 additur
970 5185 1352 5268 prohibitiO,
1435 5205 1516 5251 ne
1592 5186 1922 5269 attingant
1987 5183 2323 5267 Moabitae,

387 5276 534 5358 quia
577 5275 761 5340 Deus
812 5272 1148 5357 regionem
1193 5291 1389 5353 quam
1447 5269 1904 5338 inhabitabant
1945 5271 2077 5339 illis
2121 5273 2326 5358 assig-

387 5361 659 5427 naverit.
748 5358 908 5424 Fuit
972 5357 1126 5438 hoe,
1206 5367 1277 5421 ut
1344 5357 1513 5440 dixi,
1593 5378 1793 5442 grave
1851 5365 1918 5423 et
1982 5357 2328 5425 molestum

2442 634 2654 701 eolere
2731 636 3211 703 humanitatem
3291 647 3357 704 et
3425 639 3783 707 fraternam
3865 643 4389 710 benevolentiam

2443 741 2602 805 erga
2666 743 2775 789 eos
2839 724 2951 805 qui
3015 744 3085 790 se
3156 722 3483 790 hostiliter
3564 728 3897 810 gerebant.
3992 727 4122 796 Sed
4180 730 4389 797 voluit

2443 806 2569 873 hae
2604 808 2801 874 etiam
2839 809 2909 874 in
2945 817 3132 895 parte
3169 811 3352 876 Deus
3380 811 3652 894 probare
3693 813 4127 880 obedientiam
4164 817 4388 900 populi

2444 893 2566 958 sui.
2656 893 2915 960 Deinde
2980 917 3110 961 non
3168 897 3456 980 respexit
3522 897 3680 981 quid
3743 921 3906 983 gens
3968 901 4082 966 illa
4153 903 4388 968 merita

2445 986 2648 1044 esset:
2709 980 2824 1046 sed
2869 981 3174 1063 quoniam
3223 990 3415 1047 erant
3460 985 3704 1066 posteri
3746 985 3911 1066 Lot,
3969 986 4243 1071 ideoque
4298 1008 4386 1053 ex

2446 1083 2690 1149 genere
2771 1065 3109 1145 Abrahae,
3194 1067 3457 1150 speciali
3533 1069 3757 1137 favore
3828 1071 4006 1156 ipsos
4084 1076 4383 1157 prosequi

2448 1151 2673 1218 voluit.
2740 1151 2912 1216 Nam
2968 1152 3111 1218 eius
3155 1163 3256 1218 est
3297 1154 3499 1219 totius
3544 1155 3774 1221 mundi
3817 1159 4099 1241 partiti0,
4138 1167 4209 1224 ut
4254 1158 4386 1225 dis-

2448 1240 2692 1306 tribuat
2725 1238 3088 1321 quibusque
3121 1239 3375 1322 populis
3411 1260 3606 1323 quam
3643 1242 3923 1308 voluerit
3965 1257 4213 1327 partem
4232 1296 4248 1325 ,
4312 1266 4386 1312 ae

2445 1325 2690 1390 limites
2733 1325 2894 1406 figat
2936 1323 3167 1406 quibus
3210 1345 3284 1389 se
3326 1326 3718 1392 contineant.
3810 1326 3887 1396 Si
3924 1331 4068 1412 quis
4104 1331 4382 1411 obiiciat,

2445 1410 2714 1495 populos
2759 1408 3079 1476 Ohanaan
3128 1410 3264 1475 suis
3309 1413 3503 1477 etiam
3561 1412 3802 1479 finibus
3859 1415 4061 1481 fuisse
4106 1417 4382 1483 eircum-

2442 1496 2752 1579 seriptos,
2832 1494 3105 1578 ideoque
3161 1517 3292 1562 non
3350 1497 3552 1563 fuisse
3619 1499 4039 1582 expellendos
4106 1522 4141 1567 e
4205 1510 4384 1566 terra

2443 1582 2631 1648 ouius
2728 1580 2956 1646 multis
3056 1582 3332 1647 saeculis
3387 1582 3738 1667 indigenae
3824 1585 4084 1652 fuerant
4154 1608 4382 1653 eorum

2441 1668 2752 1746 maiores,
2807 1667 2877 1731 in
2923 1675 3224 1750 promptu
3272 1675 3376 1735 est
3418 1669 3687 1751 solutiO,
3731 1668 3876 1736 Deo
3923 1690 4180 1757 semper
4221 1672 4382 1738 libe·

2443 1773 2591 1819 rum
2637 1774 2777 1818 esse
2821 1752 3071 1837 eripere
3114 1753 3286 1836 quod
3332 1752 3540 1833 dedit,
3589 1757 3904 1824 terminos
3947 1778 4066 1823 suo
4111 1758 4386 1824 arbitrio

2440 1840 2683 1923 positos
2729 1840 3032 1923 refigere,
3098 1837 3252 1904 dum
3308 1840 3403 1905 ita
3457 1851 3790 1907 merentur
3840 1842 4177 1909 hominum
4236 1866 4383 1927 pee-

2438 1936 2602 1991 oata.
2684 1924 2915 2007 Itaque
2950 1945 3082 1990 non
3126 1924 3245 1989 vul
3333 1927 3387 1990 ri
3434 1925 3626 1991 modo
3670 1927 3978 1995 Moabitis
4022 1950 4091 1994 se
4135 1937 4378 1995 terram

2438 2009 2693 2076 dedisse
2731 2010 3134 2094 pronunciat,
3172 2030 3242 2075 se
3321 2010 3582 2077 decreto
3617 2012 4018 2098 interpositO,
4059 2023 4131 2080 ut
4160 2035 4379 2081 eorum

2437 2096 2753 2162 habitatio
2795 2103 3057 2161 maneat
3101 2096 3291 2162 firma
3326 2105 3390 2161 et
3429 2097 3698 2163 stabilis.

2612 2182 2712 2248 10.
2781 2180 2997 2246 Emim
3060 2186 3245 2247 antea
3318 2182 3692 2250 habitabant.
3783 2184 4206 2252 Confirmatio
4281 2194 4380 2252 est

2436 2269 2772 2352 proximae
2807 2267 3190 2345 sententiae,
3238 2289 3402 2352 quae
3437 2277 3657 2335 tamen
3696 2270 4009 2336 inseritur
4044 2272 4228 2355 quasi
4264 2293 4382 2355 per

2438 2354 2859 2437 parenthesin
2925 2354 2994 2418 in
3065 2375 3341 2437 persona
3393 2355 3620 2422 Mosis.
3707 2355 3878 2421 Nam
3935 2377 4201 2423 versum
4261 2379 4380 2423 no-

2438 2460 2633 2518 num,
2679 2460 2873 2524 quem
2917 2458 3091 2505 nuno
3135 2440 3588 2524 exposuimus,
3634 2462 3762 2507 uno
3806 2449 4118 2508 contextu
4164 2444 4380 2527 seqni-

2436 2533 2552 2591 tur
2604 2524 2930 2591 desoimus
2985 2525 3249 2591 tertius:
3323 2526 3517 2593 Nune
3581 2527 3867 2611 surgite,
3948 2536 4014 2593 et
4078 2529 4378 2610 transite,

2437 2620 2558 2677 ete.
2645 2612 3000 2694 Postquam
3047 2612 3224 2677 enim
3268 2610 3453 2678 Deus
3510 2614 3825 2697 populum
3866 2614 4105 2679 avertit
4147 2636 4187 2679 a
4229 2615 4379 2679 fini-

2437 2698 2560 2764 bus
2600 2697 2831 2774 Moab,
2877 2697 3165 2762 ostendit
3205 2698 3275 2763 in
3321 2718 3517 2781 quam
3561 2707 3812 2783 partem
3861 2699 4144 2765 transire
4188 2720 4376 2783 opor-

2438 2791 2589 2849 teat.
2678 2781 2812 2849 Sed
2878 2783 3154 2866 abrupto
3220 2784 3346 2849 Dei
3404 2805 3732 2862 sermone,
3812 2785 4031 2851 Moses
4095 2785 4380 2870 explieat

2436 2867 2755 2953 quomodo
2808 2868 2990 2934 illam
3050 2867 3366 2935 ditionem
3414 2869 3628 2955 adepti
3670 2872 3803 2937 sint
3840 2869 4205 2950 Moabitae,
4265 2871 4378 2955 qui

2436 2964 2661 3020 tamen
2720 2954 2930 3019 exteri
2987 2964 3206 3036 erant,
3262 2974 3384 3021 nee
3443 2956 3797 3041 quidquam
3850 2956 4172 3023 haberent
4225 2978 4377 3040 pro·

2435 3041 2650 3126 prium
2711 3041 2821 3106 ubi
2879 3039 3107 3123 pedem
3167 3043 3461 3126 figerent.
3552 3043 3683 3108 Lot
3740 3043 3908 3107 enim
3971 3064 4100 3109 non
4158 3044 4378 3109 minus

2435 3127 2650 3192 fuerat
2724 3125 3110 3210 peregrinus
3188 3147 3383 3211 quam
3463 3126 3820 3195 Abraham.
3909 3129 4093 3195 Dicit
4168 3127 4378 3213 igitur

2435 3213 2653 3279 Moses
2723 3211 3044 3297 singulari
3122 3212 3468 3297 privilegio
3534 3213 3829 3280 dominos
3894 3222 4109 3280 terrae
4169 3215 4378 3281 factos

2433 3319 2576 3364 esse
2618 3305 2915 3382 posteros
2949 3298 3099 3378 Lot,
3136 3299 3323 3365 euius
3367 3308 3561 3365 antea
3596 3300 3895 3385 gigantes
3938 3300 4374 3384 potiebantur.

2432 3384 2581 3450 Hoo
2626 3392 2843 3450 autem
2896 3383 3281 3451 humanitus
3323 3406 3456 3451 non
3492 3386 3798 3470 contigit,
3845 3395 3920 3451 ut
3975 3384 4373 3472 gigantibus,

2432 3471 2542 3554 qui
2571 3470 2873 3536 omnibus
2898 3476 3088 3535 erant
3109 3470 3570 3550 formidabiles,
3604 3471 3915 3556 expulsis,
3953 3468 4375 3555 tranquillam

2431 3555 2653 3622 sedem
2732 3575 2884 3621 eum
2963 3557 3239 3639 imperio
3300 3556 3521 3641 adepti
3593 3558 3838 3623 fuerint
3899 3558 3971 3622 in
4037 3577 4114 3622 ea
4178 3565 4375 3636 terra,

2430 3662 2596 3727 quae
2673 3648 2944 3726 propter
3020 3641 3276 3711 validos
3340 3653 3405 3709 et
3470 3643 3769 3710 robustos
3846 3643 4098 3710 incolas
4163 3641 4374 3710 videri

2430 3736 2689 3813 poterat
2761 3727 3308 3814 inexpugnabilis.
3397 3729 3578 3795 Dicit
3641 3750 3797 3815 ergo
3871 3729 4007 3796 illio
4072 3728 4375 3813 gigantes

2434 3813 2765 3879 habitasse
2799 3814 2968 3880 sieut
3001 3816 3071 3879 in
3115 3825 3337 3880 monte
3375 3814 3559 3881 Seir:
3604 3825 3670 3880 et
3714 3826 4023 3898 utrosque
4067 3835 4199 3880 non
4234 3820 4373 3879 tam

2431 3899 2770 3966 hominum
2825 3919 3029 3965 manu
3088 3908 3154 3965 et
3212 3900 3412 3966 armis
3469 3922 3663 3986 quam
3703 3900 3830 3968 Dei
3876 3900 4168 3985 potentia
4221 3918 4373 3984 pro-

2430 3986 2691 4071 fligatos
2735 3986 2936 4052 fuisse
3001 4004 3076 4050 ae
3119 3985 3394 4066 deletos,
3458 3997 3534 4053 ut
3594 4007 3800 4054 vaeua
3853 3987 4172 4071 possessio
4237 3993 4372 4050 tam

2430 4071 2582 4138 filiis
2617 4072 2798 4137 Esau
2842 4092 3038 4155 quam
3075 4071 3231 4138 filiis
3266 4071 3400 4137 Lot
3441 4072 3715 4139 eederet.
3787 4072 3930 4138 Iam
3975 4092 4173 4156 quum
4220 4070 4374 4136 alibi

2431 4164 2709 4225 testetur
2766 4156 2952 4224 Deus
3015 4179 3087 4224 se
3153 4155 3407 4224 dedisse
3462 4158 3588 4242 ipsi
3641 4159 3820 4224 Esau
3875 4164 4162 4223 montem
4222 4155 4374 4224 Seir

2429 4244 2501 4309 in
2546 4243 3014 4310 haereditatem
3035 4295 3050 4322 ,
3105 4242 3274 4310 sieut
3308 4243 3449 4309 eius
3486 4246 3658 4328 patri
3701 4243 3887 4310 Isaac
3928 4244 4143 4309 fuerat
4186 4241 4372 4327 polli-

2431 4331 2618 4411 citus,
2664 4330 2959 4413 sequitur
2991 4328 3320 4395 Moabitas
3364 4330 3540 4413 ipsos
3584 4330 3809 4396 eodem
3856 4338 4085 4396 autore
4127 4330 4371 4413 potitos

2430 4416 2635 4482 fuisse
2682 4435 2802 4480 sua
2856 4421 3052 4480 terra.
3142 4413 3335 4496 Quod
3396 4422 3617 4481 autem
3674 4416 3843 4482 filios
3897 4413 4111 4481 Edom
4156 4414 4370 4480 Israe-

2431 4501 2568 4567 litis
2603 4511 2941 4583 eomparat
2974 4520 3108 4565 non
3153 4521 3272 4586 per
3313 4502 3533 4567 omnia
3583 4501 3911 4568 convenit.
4000 4500 4148 4566 Etsi
4192 4500 4369 4565 enim

2431 4587 2558 4652 hoe
2602 4587 2834 4653 solatio
2878 4586 3255 4653 sublevatus
3299 4586 3422 4652 fuit
3458 4587 3669 4668 Esau,
3715 4588 3852 4653 fore
3893 4585 4364 4652 haereditatem

2429 4673 2499 4738 in
2544 4671 3050 4758 pinguedinibus
3094 4678 3336 4739 terrae:
3384 4673 3528 4739 fieri
3573 4681 3795 4738 tamen
3854 4679 4070 4756 potest
4111 4680 4185 4737 ut
4228 4671 4369 4734 eius

2431 4768 2498 4824 et
2537 4758 2936 4843 posteritatis
2958 4767 3256 4843 respectu
3301 4779 3433 4824 non
3469 4759 3671 4825 fuerit
3702 4758 3996 4843 legitima
4030 4757 4365 4841 possessio

2430 4846 2701 4911 Terram
2742 4865 2898 4911 vero
2934 4842 3250 4911 Chanaan
3297 4844 3390 4911 sie
3424 4845 3750 4928 pollicitus
3785 4852 3886 4910 est
3919 4843 4105 4909 Deus
4140 4840 4369 4925 generi

2430 4930 2737 4996 Abrahae
2759 4938 2831 4995 ut
2865 4928 3227 4996 dominium
3273 4932 3640 5014 aeceperint
3680 4930 4019 4996 Israelitae
4058 4938 4368 5010 tanquam

2429 5038 2511 5082 ex
2567 5017 2708 5083 eius
2765 5036 2996 5082 manu:
3058 5015 3251 5082 sicuti
3309 5016 3380 5080 in
3425 5018 3689 5084 Psalmo
3740 5014 3997 5080 dieitur.
4086 5014 4369 5080 Diversa

2429 5103 2628 5169 etiam
2664 5103 2733 5167 in
2779 5101 2903 5167 hae
2946 5111 3131 5187 parte
3173 5102 3340 5167 ratio
3383 5103 3524 5183 fuit,
3570 5100 3736 5185 quod
3781 5099 3984 5166 electa
4028 5099 4148 5163 fuit
4191 5109 4369 5164 terra

2428 5189 2746 5255 Chanaan
2808 5188 2875 5254 in
2934 5209 3062 5273 qua
3119 5188 3303 5254 Deus
3372 5189 3709 5255 eeclesiam
3779 5205 3962 5250 suam
4016 5183 4368 5269 colligeret,

2428 5275 2497 5340 in
2558 5296 2685 5357 qua
2747 5294 2915 5358 pure
2971 5274 3319 5354 coleretur,
3385 5294 3551 5357 quae
3600 5270 3900 5338 fidelibus
3948 5271 4145 5335 arrha
4203 5270 4371 5335 foret

2429 5359 2725 5428 eoelestis
2791 5368 2859 5427 et
2923 5367 3227 5427 aeternae
3303 5361 3558 5443 quietis.
3647 5356 3887 5424 Verum
3956 5356 4149 5423 sicuti
4215 5354 4373 5423 alibi
