5017 6142
499 426 627 496 195

500 618 791 685 Iehosua
835 623 904 681 et
947 613 1150 682 Caleb
1193 614 1363 680 serio
1409 613 1679 690 affectu,
1743 619 1935 695 atque
1982 612 2179 676 etiam
2225 608 2455 676 ardore

508 701 981 787 indignationis
1038 699 1355 783 impulsos
1410 700 1636 777 fuisse,
1695 705 1770 763 ut
1803 702 2022 764 vestes
2066 695 2456 764 scinderent.

506 791 716 857 Porro
782 786 983 854 simul
1050 784 1295 851 mederi
1359 783 1629 850 student
1684 783 1905 867 populi
1955 783 2268 850 insaniae.
2358 786 2457 848 Ac

558 876 723 941 rimo
803 872 1066 956 quidem
1157 878 1370 935 terrae
1464 868 1867 935 fertilitatem
1970 866 2455 935 commendant:

507 898 743 1027 deinde
801 979 985 1042 spem
1042 955 1220 1022 illius
1285 954 1635 1038 potiundae
1715 954 2127 1020 constituunt
2191 955 2264 1019 in
2331 952 2460 1019 Dei

508 1048 734 1113 favore
813 1044 915 1109 vel
994 1042 1419 1125 beneplacito.
1507 1039 1696 1122 Quod
1779 1040 2172 1124 particulam
2238 1038 2461 1104 condi·

510 1132 822 1198 tionalem
863 1143 957 1198 ΟΝ
995 1149 1111 1212 pro
1155 1128 1398 1193 causali
1444 1127 1793 1212 accipiunt,
1838 1147 1914 1192 ac
1949 1135 2249 1192 vertunt:
2284 1125 2457 1191 Nam

512 1219 667 1301 quia
724 1237 843 1281 nos
903 1216 1084 1280 Deus
1142 1220 1348 1291 amat,
1408 1211 1554 1278 ideo
1601 1233 1720 1277 nos
1767 1212 2063 1289 inducet,
2121 1211 2282 1277 mihi
2326 1231 2455 1275 non

510 1302 843 1387 probatur,
888 1308 957 1366 et
998 1308 1173 1366 certe
1217 1298 1501 1364 alionum
1549 1309 1649 1364 est
1692 1319 1730 1363 a
1775 1318 1930 1363 vero
1975 1318 2193 1363 sensu.
2285 1297 2453 1362 Nam

512 1391 663 1473 quia
748 1384 1223 1471 quodammodo
1309 1384 1689 1468 repulerant
1769 1383 2108 1450 Israelitae
2202 1392 2458 1448 tantum

511 1474 929 1550 beneficium,
997 1477 1177 1537 certe
1235 1471 1317 1537 ob
1377 1469 1900 1535 incredulitatem
1956 1480 2149 1534 erant
2194 1466 2338 1533 indi
2433 1466 2459 1531 i

511 1579 672 1644 quos
727 1557 952 1624 favore
1011 1577 1129 1623 suo
1194 1565 1716 1639 prosequeretur.
1794 1554 1952 1620 Ideo
2018 1555 2203 1638 quasi
2269 1553 2356 1619 du
2403 1554 2457 1617 i-

512 1654 733 1711 tanter
789 1642 1073 1710 conditio
1130 1643 1575 1726 interponitur
1628 1661 1758 1706 non
1804 1640 1885 1707 ad
1931 1662 2111 1724 spem
2159 1641 2459 1706 minuen-

512 1731 696 1811 dam,
751 1752 826 1796 ac
872 1731 927 1795 si
984 1739 1156 1794 esset
1222 1728 1703 1794 incertitudinis
1770 1735 1957 1792 nota:
2024 1724 2138 1792 sed
2204 1736 2460 1792 tantum

510 1829 591 1882 ut
668 1836 753 1901 po
801 1815 951 1880 ulus
1019 1833 1174 1879 suae
1261 1814 1611 1897 impietatis
1677 1813 2016 1879 convictus
2090 1812 2458 1895 resipiscat:

511 1903 701 1986 quasi
792 1901 1065 1966 ‘cerent:
1124 1898 1199 1965 si
1247 1903 1438 1964 modo
1484 1900 1712 1965 demus
1770 1898 1982 1965 locum
2028 1899 2279 1982 gratiae
2317 1898 2461 1979 Dei,

511 2000 586 2054 ut
652 2008 793 2053 eam
858 2007 1016 2070 erga
1081 2005 1199 2050 nos
1265 1986 1637 2062 continuet,
1704 1985 1872 2050 bono
1937 1985 2154 2049 animo
2220 1990 2458 2049 estote:

509 2072 680 2157 quod
736 2072 931 2156 paulo
977 2080 1123 2154 post
1163 2070 1400 2136 clarius
1451 2070 1812 2156 explicant,
1856 2070 2080 2155 populi
2123 2076 2461 2136 contuma-

510 2160 679 2224 ciam
758 2157 1191 2241 obiurgando,
1273 2158 1386 2224 ubi
1461 2158 1718 2223 dicunt:
1791 2154 2274 2221 Tantummodo
2320 2155 2460 2222 vel:

510 2244 719 2328 Atqui
783 2264 866 2308 ne
932 2242 1073 2308 sitis
1131 2242 1423 2309 rebelles.
1513 2241 1770 2323 Quibus
1828 2240 2041 2308 verbis
2106 2240 2461 2306 admonent

508 2331 654 2396 vias
693 2350 917 2395 omnes
952 2329 1200 2394 obstrui
1245 2329 1421 2406 Deo,
1480 2350 1564 2394 ne
1607 2328 1881 2393 ulterius
1938 2348 2199 2394 cursum
2245 2328 2460 2410 operis

508 2417 612 2482 sui
656 2425 1111 2499 prosequatur:
1173 2435 1290 2478 nec
1335 2413 1513 2480 aliud
1557 2413 1816 2479 miseris
1860 2433 2004 2478 esse
2047 2412 2457 2479 obstaculum

506 2522 702 2585 quam
784 2500 1112 2585 propriam
1194 2499 1750 2578 incredulitatem,
1826 2519 1991 2581 quae
2074 2500 2247 2582 ipsos
2328 2519 2456 2563 non

509 2587 760 2670 patitur
817 2585 1083 2652 obedire
1155 2583 1318 2651 Deo.
1408 2586 1555 2652 Hoc
1611 2596 1833 2651 autem
1900 2585 2093 2650 modo
2158 2592 2462 2650 asserunt

507 2672 637 2738 Dei
700 2672 1012 2737 virtutem
1073 2671 1374 2737 sufficere
1433 2671 1515 2736 ad
1573 2671 2035 2753 complendum
2092 2668 2263 2754 quod
2356 2661 2499 2734 ro-‘

508 2758 718 2824 misit:
775 2755 1007 2823 deinde
1072 2757 1383 2842 populum
1434 2757 1787 2822 hortantur
1842 2756 1925 2821 ad
1981 2757 2298 2824 concilian
2346 2776 2458 2820 um

509 2845 651 2911 eius
687 2843 999 2921 favorem,
1046 2864 1086 2907 a
1127 2865 1253 2925 quo
1297 2865 1415 2909 sua
1450 2842 1643 2927 culpa
1686 2842 2036 2909 exciderat.
2125 2841 2461 2907 Particula

509 2937 730 2996 autem
764 2940 853 3082 ’ξε
888 2928 1253 3012 emphatice
1298 2929 1593 3014 ponitur:
1641 2949 1718 2995 ac
1752 2928 1811 2994 si
1846 2928 2138 2995 dicerent
2178 2928 2462 2994 Iehosua

511 3025 577 3082 et
632 3014 793 3081 Cale
856 3065 872 3096 ‚
934 3013 1097 3080 nihil
1156 3035 1298 3080 esse
1357 3025 1571 3081 metus
1605 3015 1714 3082 vel
1771 3015 2078 3100 periculi,
2140 3014 2265 3080 nisi
2311 3014 2463 3097 quia

512 3102 764 3168 devotis
800 3101 1037 3167 animis
1073 3102 1352 3185 populus
1376 3101 1624 3167 malum
1655 3101 1778 3167 sibi
1814 3100 2108 3168 accersit.
2166 3099 2461 3167 Tandem

509 3187 663 3253 freti
708 3186 837 3252 Dei
895 3186 1140 3251 auxilio
1199 3209 1330 3254 non
1396 3208 1582 3254 secus
1640 3208 1715 3253 ac
1760 3188 2043 3255 victores
2103 3186 2458 3254 exsultant.

509 3272 735 3352 Panis,
779 3274 1106 3356 inquiunt,
1151 3282 1374 3339 noster
1408 3282 1630 3341 erunt:
1674 3274 1800 3340 hoc
1835 3282 1953 3354 est,
1999 3273 2183 3340 nullo
2205 3271 2462 3358 negotio

511 3380 623 3425 eos
668 3357 1145 3425 devorabimus.
1235 3358 1522 3426 Additur
1566 3360 1769 3426 ratio:
1808 3362 1963 3444 quia
2005 3362 2061 3427 si
2107 3362 2289 3426 Deus
2333 3365 2465 3424 stet

510 3465 634 3595 pro
691 3442 1041 3520 Israelitis.
1109 3445 1548 3513 destituentur
1605 3445 1827 3513 hostes
1883 3448 2062 3512 omni
2119 3443 2460 3530 praesidio.

553 3550 672 3594 ure
731 3531 950 3613 itaque
1008 3539 1074 3596 et
1131 3534 1374 3614 optima
1432 3533 1687 3598 ratione
1746 3532 2172 3599 concludunt:
2234 3530 2463 3613 Quan-

513 3616 760 3682 tumvis
796 3616 1031 3698 alioqui
1076 3616 1521 3683 formidabiles
1574 3617 1711 3683 sint
1760 3619 1981 3685 hostes
2026 3618 2268 3699 nostri,
2332 3637 2462 3682 non

513 3723 655 3768 esse
720 3702 1131 3779 metuendos,
1210 3702 1400 3767 modo
1466 3704 1787 3786 propitius
1858 3705 1944 3769 sit
2009 3705 2196 3771 nobis
2263 3703 2465 3781 Deus,

512 3797 702 3854 extra
747 3809 939 3871 quem
986 3787 1167 3853 nulla
1209 3796 1311 3854 est
1355 3788 1578 3854 virtus.

727 4178 1149 4247 EIUSDEM
1197 4179 1703 4249 HISTORIAE
1752 4181 2269 4248 REPE'PI'PIO.

1102 4386 1232 4453 EX
1275 4387 1542 4453 DEU'P.
1588 4386 1785 4454 OAP.
1834 4386 1886 4453 1.

696 4556 781 4622 26
805 4554 872 4641 ¹).
919 4555 1011 4620 Et
1043 4561 1247 4623 tamen
1279 4557 1568 4623 noluistis
1601 4559 1942 4639 ascendere,
1985 4559 2096 4625 sed
2124 4558 2469 4625 rebellastis

529 4641 708 4709 verbo
768 4641 1028 4707 Iehovae
1084 4641 1212 4708 Dei
1277 4646 1483 4709 vestri.
1596 4645 1697 4709 27.
1758 4643 1849 4709 Et
1893 4645 2343 4710 mumma-stis
2399 4644 2471 4709 in

531 4728 950 4794 tabernaculis
1003 4729 1226 4793 vestris
1247 4729 1541 4796 dicentes.-
1591 4728 1929 4812 Propterea
1972 4730 2140 4813 quod
2181 4731 2322 4796 odio
2359 4729 2471 4795 ha-

524 4814 699 4880 bebat
738 4834 850 4880 nos
894 4811 1124 4879 Iehova
1143 4865 1157 4894 ,
1202 4815 1418 4880 eduxit
1459 4837 1571 4883 nos
1612 4837 1644 4880 e
1685 4822 1852 4881 terra
1896 4817 2183 4900 Aeyypti,
2230 4820 2303 4880 ut
2342 4821 2469 4881 tra-

523 4900 694 4965 deret
754 4918 867 4966 nos
922 4899 996 4965 in
1057 4918 1315 4965 manum
1378 4901 1755 4967 Emorrhaei
1770 4952 1786 4982 ,
1863 4906 1936 4966 ut
1983 4902 2273 4983 perderet
2332 4921 2465 4968 nos.

526 4986 630 5052 28.
685 4986 813 5068 Quo
856 5004 974 5050 nos
1016 4986 1460 5052 ascendimus?
1512 4988 1748 5068 fratres
1801 4990 1998 5053 nostri
2048 4987 2471 5054 dissolverunt

526 5092 633 5137 cor
650 5076 945 5150 nostrum,
990 5072 1279 5137 dicendo:
1326 5071 1609 5155 Populus
1650 5074 1767 5139 aste
1808 5075 2019 5139 maior
2061 5078 2119 5139 et
2156 5076 2472 5156 procerior

698 5277 759 5347 1)
797 5278 992 5331 Versus
1027 5276 1097 5331 26
1131 5278 1398 5333 omittitur
1428 5283 1484 5332 in
1518 5279 1600 5333 ed.
1621 5280 1891 5349 principe,
1929 5296 2040 5334 non
2065 5296 2193 5335 vero
2216 5283 2279 5335 in
2296 5297 2468 5336 exem·

514 5346 675 5417 plari
702 5346 914 5416 mellico.

1941 419 2352 489 REDITUS
2397 421 2527 487 AD
2574 422 3120 491 HISTORIAM.

4377 420 4502 488 196

2559 612 2736 679 nobis
2778 618 2883 695 est,
2926 613 3114 680 urbes
3153 632 3417 698 maynae
3466 618 3523 679 et
3563 613 3843 680 munitae
3881 632 4077 696 mque
4115 609 4202 675 ad
4241 607 4507 676 caelum.-

2562 704 2617 764 εἰ
2667 700 2853 765 etiam
2893 700 3064 783 filios
3102 699 3426 784 yiyantum
3466 699 3743 766 vidimus
3798 699 3906 765 ibi.
3994 698 4095 764 29.
4144 695 4322 762 Tunc
4362 696 4508 763 dixi

2562 785 2765 851 vobis.-
2813 786 3216 869 Nepaveatds
3258 804 3452 868 neque
3492 786 3769 851 timeatis
3807 785 3887 850 ab
3929 784 4055 851 eis:
4123 781 4227 849 30.
4272 781 4506 849 Iehova

2565 871 2748 938 Deus
2765 877 2962 937 vester
2995 872 3106 953 qui
3130 872 3449 953 praecedit
3480 890 3609 952 vos,
3651 872 3788 954 ipse
3808 869 4123 955 puqnabit
4153 889 4275 951 pro
4316 867 4507 950 vobis,

2552 977 2828 1039 prorsus
2861 962 2940 1022 'ut
2975 957 3122 1040 fecit
3157 955 3468 1023 vobiscum
3500 957 3569 1021 in
3604 958 3884 1041 Aeyqpto
3924 957 3993 1020 in
4030 954 4228 1021 oculis
4265 956 4506 1022 vestris.

2564 1043 2668 1109 31.
2716 1043 2808 1108 Et
2847 1045 2919 1108 in
2961 1044 3101 1125 ipso
3141 1042 3377 1109 desem
3419 1041 3673 1108 vidistis
3715 1043 3877 1124 quod
3906 1041 4259 1125 portaverit
4299 1047 4355 1107 te
4399 1041 4506 1107 Ie-

2563 1128 2721 1195 Ιιουα
2778 1129 2958 1196 Deus
3011 1133 3188 1209 tuus,
3253 1128 3762 1211 quemadmodum
3817 1132 4077 1210 portare
4128 1127 4280 1193 solet
4330 1125 4510 1193 homo

2561 1214 2772 1296 filium
2810 1234 3010 1292 sum,
3070 1218 3127 1279 et
3167 1213 3275 1280 hoc
3303 1235 3426 1297 per
3465 1218 3657 1281 totam
3697 1214 3868 1279 viam
3897 1233 4020 1296 per
4059 1233 4253 1295 quam
4294 1211 4514 1278 ambro-

2565 1300 2749 1366 lastis
2768 1351 2783 1382 ,
2840 1301 3033 1367 donec
3088 1300 3383 1366 veneritis
3439 1300 3526 1365 ad
3581 1300 3778 1366 locum
3834 1300 4043 1364 istum
4146 1298 4276 1364 32..
4305 1298 4509 1382 Atqui

2566 1406 2640 1451 ea
2683 1388 2752 1452 in
2792 1407 2862 1453 re
2902 1406 3024 1451 non
3064 1384 3421 1452 credidistis
3456 1384 3717 1452 Iehovae
3749 1384 3886 1451 Deo
3929 1389 4140 1451 vestro.
4228 1378 4330 1449 33.
4382 1384 4510 1467 Qui

2554 1472 2956 1554 praecedebat
2987 1490 3093 1538 vos
3116 1491 3240 1553 per
3271 1472 3443 1537 viam
3476 1471 3562 1537 ad
3602 1469 4055 1553 explorandum
4097 1470 4269 1537 vobis
4310 1471 4511 1537 locum

2565 1556 3549 1726 atttffiztwssz
3586 1556 4114 1709 Ξῖῗιΐιῶἒέοἶῖ
4129 1561 4273 1726 ’1032‘
4285 1562 4512 1710 ‚imm

2565 1730 2635 1795 in
2677 1730 2795 1796 die.

2736 1899 2839 1966 27.
2907 1900 2999 1966 Et
3036 1899 3501 1965 murmurastis.
3551 1898 3731 1964 Alibi
3772 1899 3972 1965 etiam
4015 1899 4277 1966 flevisse
4320 1898 4511 1966 dicit:

2565 2008 2743 2052 nunc
2797 2006 2958 2052 vero
3002 1986 3213 2050 solum
3249 2007 3547 2050 murmur
3591 1984 3805 2068 ponit,
3864 1984 4033 2069 quod
4078 1983 4514 2070 obiurgationi

2568 2072 2801 2138 melius
2867 2071 3244 2155 quadrabat.
3347 2070 3602 2136 Deinde
3679 2091 3877 2154 quam
3949 2070 4240 2156 maligna
4313 2071 4516 2137 fuerit

2565 2178 2789 2224 eorum
2868 2159 2936 2222 in
2987 2156 3271 2222 ratitudo
3336 2166 3404 2222 et
3466 2158 3867 2241 perversitas
3934 2158 4271 2236 admonet,
4342 2156 4514 2241 quod

2563 2243 2709 2309 Deo
2752 2263 2955 2327 expro
3002 2244 3291 2309 raverint
3333 2242 3672 2327 singulare
3718 2242 3891 2326 quod
3939 2243 4097 2325 ipsis
4145 2242 4516 2310 contulerat

2563 2329 2980 2409 beneficium,
3045 2349 3121 2395 ac
3179 2330 3235 2394 si
3280 2349 3549 2414 gravem
3616 2328 3928 2394 iniuriam
3994 2328 4270 2395 fecisset.
4359 2328 4512 2395 Non

2562 2416 2776 2500 potuit
2828 2414 3226 2480 luculentius
3281 2415 3611 2499 specimen
3666 2415 3822 2479 dare
3876 2414 4132 2498 paterni
4190 2436 4346 2499 ergo
4401 2434 4515 2482 cos

2566 2501 2806 2567 amoris
2858 2521 3050 2584 quam
3108 2522 3217 2566 eos
3260 2499 3661 2567 redimendo.
3749 2500 3930 2584 Ergo
3988 2500 4185 2575 nimis
4217 2500 4514 2584 iniquam

2564 2585 2927 2652 mercedem
2967 2586 3354 2669 rependunt,
3399 2585 3554 2651 dum
3599 2607 3669 2651 se
3704 2592 4072 2668 queruntur
4116 2585 4197 2651 ad
4234 2596 4514 2652 mortem

2565 2670 2922 2739 crudeliter
2979 2673 3178 2738 fuisse
3244 2681 3514 2749 tractos,
3572 2679 3642 2737 et
3703 2679 3838 2736 tam
3896 2671 4305 2756 praeclarum
4369 2671 4514 2739 eius

2567 2778 2853 2824 amorem
2910 2758 2979 2823 in
3033 2757 3250 2825 odium
3304 2765 3716 2824 convertunt.
3797 2757 3904 2823 Ex
3959 2758 4257 2840 proximo
4313 2778 4511 2824 versu

2564 2852 2865 2928 apparet,
2941 2845 3245 2928 quamvis
3316 2843 3581 2929 singula
3644 2841 3781 2910 suis
3842 2842 4000 2910 locis
4061 2864 4194 2909 non
4273 2844 4516 2909 referat

2565 2931 2804 3009 Moses,
2841 2929 3008 2995 nihil
3045 2938 3269 2996 tamen
3304 2950 3446 2996 esse
3489 2928 3962 3013 repugnantiae
3995 2929 4066 2995 in
4100 2930 4242 2996 eius
4277 2927 4512 2995 verbis.

2566 3015 2774 3082 Paulo
2827 3024 2979 3082 ante
3038 3017 3216 3082 visus
3281 3024 3382 3082 est
3444 3015 3829 3100 simpliciter
3891 3015 4161 3081 laudare
4217 3015 4514 3100 explora-

2568 3112 2773 3182 tores,
2834 3124 2909 3169 ac
2959 3103 3016 3167 si
3081 3101 3368 3188 ingenue
3425 3110 3490 3168 et
3546 3103 3717 3169 bona
3778 3099 3908 3165 fide
3955 3101 4167 3169 officio
4225 3100 4517 3168 defuncti

2528 3201 2820 3257 .essent:
2876 3209 3055 3254 nunc
3111 3198 3332 3254 autem
3381 3189 3453 3252 in
3505 3188 3728 3271 populi
3774 3208 4053 3271 persona
4109 3186 4517 3253 demonstrat

2566 3273 2938 3341 rebellionis
2995 3273 3198 3340 fuisse
3254 3281 3542 3354 autores,
3590 3272 3743 3357 quia
3835 3294 3951 3339 uos
3995 3273 4243 3338 hortari
4284 3271 4520 3339 debue-

2567 3366 2738 3441 rant,
2782 3360 3022 3426 iniecto
3058 3368 3308 3426 terrore
3351 3360 3629 3445 ignavos
3672 3357 3789 3423 red
3837 3358 4098 3425 iderint.

2740 3445 2844 3512 29.
2912 3445 3087 3511 Tunc
3170 3446 3315 3512 dixi
3389 3445 3572 3512 vobis.
3687 3442 4074 3511 Sermonem
4163 3442 4367 3513 Galeb
4447 3450 4516 3510 et

2569 3532 2764 3598 Iosue
2833 3531 2942 3599 hic
3007 3532 3281 3613 omittit,
3353 3532 3509 3615 quia
3565 3537 3827 3596 tantum
3897 3530 4184 3597 breviter
4246 3529 4517 3615 attingit

2569 3617 2783 3701 capita
2850 3617 2928 3684 de
2996 3616 3234 3701 quibus
3299 3617 3473 3701 apud
3578 3615 3844 3699 opulum
3913 3617 4334 3682 concionatus
4396 3622 4515 3682 est.

2569 3704 2853 3769 Tantum
2891 3702 3046 3768 dicit
3081 3724 3282 3787 quum
3327 3722 3436 3769 eos
3469 3636 3576 3768 ad>
3587 3723 3817 3769 sanam
3855 3710 4138 3768 mentem
4184 3701 4518 3767 retrahere

2570 3797 2845 3855 conatus
2900 3796 3101 3869 esset,
3166 3788 3458 3854 studium
3517 3809 3708 3854 suum
3769 3798 3835 3852 et
3878 3789 4164 3854 laborem
4224 3788 4515 3873 profectu

2571 3876 2876 3941 caruisse.
2979 3874 3188 3941 Porro
3244 3874 3325 3940 ab
3384 3873 3786 3957 experientia
3840 3874 4295 3954 ratiocinatur,
4352 3873 4516 3940 bene

2570 3960 2971 4045 sperandum
3030 3980 3172 4027 esse
3231 3958 3310 4026 de
3366 3959 3607 4026 auxilio
3667 3960 3825 4038 Dei,
3883 3961 4036 4045 quia
4094 3960 4304 4025 instar
4352 3959 4518 4025 lucis

2571 4067 2681 4112 eos
2747 4043 3108 4130 praecedat.
3197 4045 3276 4112 Id
3329 4056 3543 4113 autem
3602 4047 3867 4129 probat,
3933 4045 4106 4131 quod
4173 4044 4517 4111 debellatis

2572 4133 2920 4217 Aegyptiis
2991 4152 3126 4197 non
3187 4130 3512 4198 destiterit
3592 4131 3900 4197 virtutem
3971 4151 4156 4198 suam
4240 4129 4517 4197 subinde

2571 4218 2884 4302 proferre,
2954 4226 3032 4283 ut
3101 4238 3263 4302 quos
3318 4218 3521 4284 semel
3588 4217 3954 4284 redemerat
4009 4217 4367 4285 incolumes
4433 4216 4517 4283 ad

2571 4312 2941 4370 extremum
3007 4325 3210 4387 usque
3275 4311 3590 4370 tueretur.
3677 4303 4043 4388 Propositio
4115 4304 4318 4388 igitur
4381 4311 4514 4369 est:

2573 4388 2897 4471 Quamvis
2971 4410 3130 4455 suae
3210 4388 3563 4457 debilitatis
3639 4388 3762 4456 sibi
3840 4390 3974 4455 sint
4041 4388 4312 4470 conscii,
4388 4387 4516 4454 Dei

2570 4483 2792 4541 tamen
2857 4476 3155 4559 potentia
3207 4476 3488 4544 victores
3552 4476 3716 4541 fore:
3784 4476 3934 4559 quia
3999 4496 4110 4542 eos
4158 4475 4517 4559 susceperit

2570 4561 2639 4626 in
2687 4582 2873 4627 suam
2918 4581 3176 4642 curam,
3222 4583 3418 4646 seque
3466 4582 3688 4628 eorum
3737 4560 3967 4628 ducem
4024 4560 4356 4644 professus
4400 4560 4519 4627 sit:

2572 4647 2739 4730 quod
2828 4647 3258 4732 praecedendi
3341 4647 3536 4715 verbo
3611 4647 3957 4732 significat.
4046 4648 4147 4714 Ac
4226 4667 4308 4712 ne
4387 4667 4516 4730 qua

2572 4731 2891 4799 dubitatio
2959 4741 3250 4814 maneat,
3315 4732 3764 4817 praesentibus
3843 4734 4194 4800 obstaculis
4249 4733 4518 4816 opponit

2571 4839 2736 4901 quae
2794 4821 3046 4902 experti
3103 4819 3366 4885 fuerant
3418 4820 3744 4904 potentiae
3811 4818 3936 4884 Dei
3986 4819 4327 4896 miracula,
4382 4837 4517 4884 non

2571 4911 2825 4970 tantum
2871 4906 2942 4970 in
2998 4905 3139 4990 ipso
3173 4905 3639 4991 redemptionis
3681 4904 3982 4984 exordio,
4040 4912 4139 4971 tot
4189 4904 4515 4971 liberatio-

2571 5013 2727 5055 num
2785 5013 3159 5077 progressu,
3208 5013 3410 5076 quum
3458 4991 3745 5076 perditos
3803 4996 3869 5056 et
3906 4991 4285 5076 desperatos
4326 4991 4515 5056 innu-

2571 5078 2773 5144 meris
2835 5079 3043 5144 modis
3100 5079 3493 5146 restituisset
3541 5099 3580 5142 a
3640 5088 3849 5143 morte
3904 5077 3972 5141 in
4021 5077 4250 5144 vitam.
4342 5075 4519 5143 Hinc

2571 5163 2926 5244 concludit,
3007 5184 3138 5230 non
3204 5187 3350 5232 esse
3414 5162 3816 5242 timendum,
3895 5183 4029 5228 non
4109 5162 4280 5246 quod
4357 5162 4519 5228 velit

2571 5267 2841 5331 prorsus
2884 5252 3127 5316 solutos
3173 5273 3315 5318 esse
3376 5262 3442 5316 et
3502 5269 3738 5316 vacuos
3780 5249 3959 5314 omni
4005 5265 4179 5314 metu
4228 5258 4294 5314 et
4328 5268 4513 5315 cura:

2570 5333 2684 5400 sed
2766 5336 2878 5401 ubi
2945 5334 3179 5403 fiducia
3244 5358 3325 5402 ex
3403 5337 3733 5422 praesenti
3810 5333 3939 5401 Dei
4006 5354 4129 5419 ope
4206 5343 4524 5417 concepta
