5017 6142
386 460 525 537 ,441

405 649 564 733 0010
623 650 705 716 ab
771 647 986 716 officio
1041 647 1362 715 deflectat.
1453 647 1768 716 Vafrities
1809 668 1967 732 ergo
2021 668 2186 734 opus
2235 670 2353 734 per

405 756 474 803 00
516 734 845 802 laudabile
886 734 1300 818 aliquatenus
1349 736 1768 802 contaminat.
1853 734 2084 820 Neque
2128 743 2350 802 tamen

402 820 796 906 particulare
851 821 1087 886 vitium
1147 820 1424 904 gratiam
1480 841 1749 904 prorsus
1804 821 2078 905 abrogat
2126 826 2354 888 sancto

405 908 545 974 eius
588 906 839 973 studio:
895 907 1049 1006 01110
1097 905 1230 972 Dei
1280 904 1693 992 indulgentia
1744 906 2094 991 sepelitur,
2150 925 2237 971 ne
2272 906 2352 971 in

402 992 724 1059 rationem
792 999 1031 1058 veniat.
1117 992 1478 1075 Perperam
1540 1012 1797 1075 quoque
1857 991 2093 1058 Rahab
2110 1042 2126 1072 ,
2194 991 2352 1057 dum

402 1078 683 1146 nuncios
713 1078 950 1145 abiisse
984 1077 1331 1143 mentitur:
1366 1079 1718 1161 praecipua
1751 1087 1971 1144 tamen
2006 1078 2174 1144 actio
2211 1077 2352 1145 Deo

523 1180 612 1244 ta,
658 1163 814 1248 quia
854 1163 1092 1229 vitium
1137 1163 1369 1228 virtuti
1405 1161 1757 1230 admistum
1792 1183 1924 1230 non
1966 1163 2350 1248 imputatur.

402 1183 671 1317 Εἴπω
712 1248 902 1317 010011
946 1248 1157 1316 voluit
1200 1248 1384 1315 Deus
1426 1247 1695 1314 liberari
1739 1247 2179 1334 speculatores
2196 1299 2212 1326 ,
2255 1250 2354 1315 ita

402 1334 744 1402 mendacio
787 1333 1042 1420 protegi
1085 1354 1310 1400 eorum
1358 1334 1561 1399 vitam
1607 1355 1740 1401 non
1784 1333 2104 1419 probavit.

576 1421 634 1487 7.
703 1420 852 1488 Vin·
875 1420 1235 1504 persequuti
1267 1424 1433 1486 sunt.
1501 1421 1716 1486 Tanta
1750 1420 2103 1487 credulitas
2137 1428 2355 1488 osten-

399 1506 502 1572 dit
541 1506 745 1573 fuisse
788 1524 828 1571 a
871 1506 1013 1572 Deo
1069 1504 1446 1571 infatuatos.
1548 1505 1697 1572 Etsi
1746 1516 1970 1573 autem
2021 1506 2180 1590 ipsis
2238 1504 2351 1571 de-

397 1592 565 1659 lusis
622 1591 904 1659 multum
961 1590 1326 1677 profecerat
1379 1590 1655 1658 Rahab:
1711 1611 1884 1658 nova
1937 1599 2160 1657 tamen
2204 1592 2352 1657 inii-

399 1679 571 1744 01101
648 1678 977 1756 anxietas,
1065 1677 1219 1761 qnia
1294 1679 1501 1761 portis
1577 1677 1850 1745 occlusis
1913 1677 2068 1745 urbs
2139 1679 2354 1744 instar

398 1764 683 1865 carceris
741 1762 1203 1915 spemfugxituts
1260 1761 1607 1916 01111οτ02ἓὲ
1692 1761 1888 1914 ἒοῦἰο
1932 1764 2351 1915 1100000010·

397 1870 580 1917 101110
635 1870 868 1916 101000
1021 1869 1149 1914 run
1651 1869 1691 1914 a
1846 1869 1994 1916 eum
2039 1870 2156 1916 mv
2235 1869 2352 1914 an-

398 1933 577 2002 dum.
665 1935 840 2002 Nam
897 1954 1099 2019 quum
1157 1868 1522 2000 0161361·οω
1588 1935 1802 2000 relatu
1859 1937 2103 2019 scripta
2156 1934 2354 2001 fuerit

396 2021 565 2090 haec
600 2020 894 2099 historia,
939 2019 1096 2104 quid
1132 2026 1293 2086 tunc
1327 2028 1631 2105 ageretur
1675 2020 1947 2086 minime
1981 2041 2093 2088 000
2119 2018 2349 2087 latuit:

396 2107 787 2191 praesertim
843 2126 1045 2190 quum
1100 2105 1600 2187 amplificandae
1656 2105 1910 2191 gratiae
1954 2126 2114 2173 suae
2153 2125 2352 2173 00000

396 2194 589 2260 Deus
647 2213 757 2259 eos
812 2191 1111 2259 consulto
1151 2193 1459 2259 obiecerit
1501 2191 1646 2257 aliis
1691 2199 1885 2276 atque
1929 2191 2077 2258 aliis
2122 2190 2351 2258 discri-

396 2279 708 2346 minibus.
797 2279 890 2344 Et
944 2279 1080 2344 iam
1137 2297 1339 2361 quum
1399 2275 1607 2344 edocti
1663 2278 1949 2343 fuissent
1989 2297 2060 2344 se
2103 2277 2349 2361 quaeri,

396 2367 512 2432 ubi
554 2364 840 2432 refertur
881 2363 1080 2429 fuisse
1121 2362 1501 2447 pervigiles,
1546 2362 1857 2430 sollicitos
1890 2382 1966 2431 ac
2001 2363 2347 2448 perplexos

394 2452 600 2518 fuisse
652 2450 799 2519 colli
852 2450 1038 2515 ‘mua
1126 2448 1658 2532 'trepidationem
1715 2468 1874 2515 vero
1931 2468 2065 2515 non
2110 2468 2344 2534 parum

398 2537 609 2617 auxit,
653 2557 741 2621 00
866 2541 1207 2602 narratum
1251 2542 1371 2612 est,
1415 2534 1497 2599 ab
1541 2536 1725 2600 exitu
1765 2534 2116 2619 prohiberi.
2204 2536 2344 2618 Ap·

395 2629 589 2707 paret
642 2630 868 2689 tamen
924 2619 1164 2687 Rahab
1219 2619 1402 2686 nullo
1458 2620 1651 2686 modo
1693 2620 1895 2688 fuisse
1938 2620 2343 2700 exterritam,

395 2707 662 2794 quando
720 2706 1049 2791 praesenti
1113 2706 1331 2772 animo
1389 2713 1457 2772 et
1513 2705 1759 2772 sedatis
1815 2704 2035 2772 verbis
2091 2704 2173 2772 de
2230 2725 2351 2771 sua

396 2805 466 2861 et
523 2793 812 2860 familiae
870 2791 1318 2858 incolumitate
1370 2792 1747 2875 paciscitur.
1835 2794 1898 2858 A
1969 2812 2054 2858 00
2110 2791 2181 2857 in
2224 2792 2348 2858 hac

394 2880 766 2947 constantia
838 2877 1089 2945 relucet
1162 2897 1329 2961 quae
1406 2876 1564 2943 alibi
1638 2898 1936 2944 commen
1985 2886 2137 2944 atur
2205 2877 2349 2944 0100

394 2964 588 3032 fides:
650 2965 805 3049 quia
844 2963 1230 3030 humanitus
1272 2984 1604 3047 nunquam
1650 2971 2020 3048 contempto
2064 2963 2239 3049 regis
2280 2969 2352 3028 et

482 3050 624 3136 puli
666 3049 889 3117 furore
905 3101 922 3130 ‚
981 3049 1421 3116 semimortuis
1479 3049 1843 3132 hospitibus
1899 3048 2348 3134 supplicasset.

398 3224 417 3238 ·
468 3136 781 3238 'diculum
835 3133 1097 3220 quidem
1141 3134 1365 3201 multis
1410 3134 1674 3202 videtur
1717 3134 2004 3236 elogium
2040 3153 2167 3218 000
2204 3153 2350 3201 eam

393 3232 773 3386 fflbgmmmff
804 3230 968 3372 (ιίῗέ
1006 3218 2349 3391 οἱῗᾟὲωέοἳῗῑίἳὲῗέιοὲῗὲοὲὲῧέ

396 3394 655 3461 Verum
733 3393 1023 3478 quisquis
1098 3392 1625 3459 circumstantias
1699 3411 1926 3458 omnes
1984 3390 2350 3475 prudenter

397 3478 758 3564 expendet,
827 3477 1015 3545 facile
1090 3476 1404 3545 iudicabit
1480 3476 1843 3561 praeditam
1923 3477 2127 3544 fuisse
2191 3477 2351 3544 viva

396 3564 549 3632 fide.
638 3565 866 3631 Primo
920 3564 980 3630 si
1034 3584 1074 3629 a
1129 3564 1451 3631 fructibus
1504 3563 1696 3629 arbor
1752 3565 2194 3649 cognoscitur,
2239 3562 2348 3630 hic

398 3651 676 3719 effectus
731 3650 884 3716 fidei
948 3650 1281 3716 ccrnimus
1344 3669 1476 3715 non
1536 3649 1842 3734 vulgares
1907 3651 2019 3733 qui
2073 3648 2348 3715 totidem

397 3744 560 3805 sunt
623 3736 765 3803 eius
827 3737 1222 3802 testimonia.
1307 3735 1566 3801 Deinde
1629 3757 1713 3801 ex
1772 3737 2021 3801 semine
2086 3733 2347 3820 pietatis

397 3824 568 3890 haec
608 3822 937 3889 sententia
977 3820 1236 3904 prodiit,
1281 3821 1415 3886 iam
1451 3820 1925 3904 quodammodo
1959 3821 2171 3888 victas
2205 3840 2348 3887 0000

399 3919 470 3976 01
510 3916 875 3994 prostratas
919 3916 1150 3993 gentes
1191 3907 1442 3974 vicinas
1459 3957 1474 3985 ,
1532 3907 1689 3991 quia
1736 3916 1985 3972 terrore
2030 3906 2349 3973 divinitus

396 3996 696 4061 immisso
755 3993 1034 4079 perculsi
1099 4002 1257 4059 sunt
1308 3993 1597 4059 omnium
1657 3993 1878 4059 animi.
1969 3991 2351 4059 Occurrunt

397 4079 719 4149 eiusmodi
755 4100 945 4147 voces
974 4080 1042 4144 in
1078 4078 1370 4163 profanis
1405 4099 1660 4163 quoque
1695 4079 2147 4164 scriptoribus:
2186 4098 2347 4162 quas

398 4167 624 4246 Deus,
683 4173 757 4232 ut
794 4165 920 4234 sibi
963 4165 1271 4250 regendis
1305 4174 1371 4230 et
1411 4162 1752 4232 flectendis
1805 4184 2192 4249 quocunque
2235 4184 2348 4230 vo-

400 4252 603 4319 luerit
654 4250 993 4318 hominum
1036 4249 1338 4318 cordibus
1381 4250 1728 4334 imperium
1773 4250 2174 4331 vendicaret,
2230 4271 2345 4317 ex·

448 4339 662 4405 ressit.
755 4337 1008 4403 Verum
1073 4336 1245 4421 quod
1308 4335 1407 4401 illi
1466 4338 1648 4420 quasi
1707 4336 1967 4421 psittaci
2024 4337 2345 4422 garriunt,

558 4424 639 4490 ab
673 4443 757 4492 ex
801 4423 1052 4490 sincero
1095 4423 1333 4488 affectu
1374 4423 1816 4506 pronuncians
1850 4422 2068 4489 Deum
2103 4433 2349 4488 terram

401 4510 766 4576 destinasse
807 4508 962 4576 filiis
1003 4508 1240 4585 Israel,
1296 4509 1450 4591 quia
1496 4528 1725 4574 omnes
1764 4507 2014 4573 incolae
2059 4508 2349 4575 defluxe-

403 4596 543 4662 rint
584 4616 800 4662 coram
844 4595 1034 4678 ipsis,
1089 4594 1437 4678 imperium
1482 4592 1628 4660 Deo
1672 4593 1981 4660 vendicat
2022 4593 2091 4658 in
2137 4594 2348 4660 homi·

401 4701 563 4747 num
606 4680 833 4762 corda,
891 4680 1063 4765 quod
1107 4679 1169 4745 ei
1212 4678 1440 4745 mundi
1483 4678 1787 4763 superbia
1829 4678 2118 4764 abrogat.
2200 4679 2349 4746 Etsi

402 4767 580 4834 enim
622 4766 913 4833 omnium
959 4776 1322 4851 temporum
1376 4766 1781 4848 experientia
1822 4764 2073 4845 docuit,
2129 4764 2350 4850 plures

400 4853 734 4920 exercitus
765 4872 987 4919 caesos
1029 4853 1230 4918 fuisse
1273 4852 1380 4916 vel
1425 4852 1804 4936 profligatos
1846 4851 2063 4918 subito
2105 4859 2174 4916 et
2206 4851 2349 4916 ino·

401 4940 629 5024 pinato
693 4958 964 5024 pavore,
1030 4956 1225 5022 quam
1285 4939 1354 5003 vi
1408 4947 1476 5003 et
1539 4937 1969 5020 impressione
2024 4937 2348 5003 hostium:

403 5046 557 5091 mox
600 5032 825 5091 tamen
866 5025 1135 5093 evanuit
1174 5023 1291 5090 illa
1332 5023 1632 5106 cognitio.
1721 5022 1901 5090 Hinc
1940 5022 2184 5090 factum
2228 5032 2346 5100 001,

400 5122 479 5176 01
512 5130 699 5178 suam
743 5110 1193 5176 fortitudinem
1236 5129 1494 5193 semper
1535 5110 1899 5175 extulerint
1942 5110 2238 5187 victores,
2281 5118 2350 5175 et

401 5194 2350 5349 ξῗιθὲιξὲἓρὲἔῗεεὲ““ἒίῗὲωἱῗῖἰῗὲἷθ.ἳὶῗ0ῗὲιέἓὲθὲΐὲὧὲ

951 5333 964 5347 ·
1651 5330 1667 5361 2

401 5367 511 5436 vel
574 5368 854 5435 conferri
913 5368 1020 5434 vel
1087 5369 1253 5453 eripi
1309 5365 1645 5452 pugnandi
1696 5366 2035 5434 audaciam
2086 5377 2153 5433 et
2209 5367 2349 5433 ani·

1594 459 2335 529 COMMENTARIUS
2380 460 2480 528 IN
2523 459 2806 530 IOSUE
2849 460 3050 529 OAP.
3097 461 3187 529 11.

4265 465 4394 530 442

2455 669 2671 715 100000
2714 650 3030 734 spiritus:
3083 650 3257 716 unde
3310 650 3641 718 fortunam
3696 652 4056 735 plurimum
4100 652 4171 718 in
4223 651 4394 719 bello

2455 733 2699 819 pollere
2751 735 3026 802 confessi
3069 748 3256 816 sunt,
3317 736 3422 802 vel
3467 758 3735 823 prorsus
3791 737 4145 804 dominari:
4203 748 4272 802 et
4314 738 4395 804 ds

2453 821 2701 904 panicis
2754 819 3111 888 terroribus
3164 822 3476 890 iactatum
3534 821 3984 907 proverbium:
4043 834 4193 889 vota
4235 844 4396 907 quo-

2452 927 2580 989 que
2614 914 2990 990 nuncupata
3022 915 3183 973 sunt
3216 916 3352 972 tam
3389 907 3534 973 Iovi
3572 907 3837 989 Statori,
3885 929 4083 992 quam
4115 909 4393 976 Pavori:

2452 990 2569 1058 sed
2635 1013 2972 1077 nunquam
3057 993 3226 1059 00110
3314 1014 3535 1060 eorum
3623 995 3861 1061 animis
3927 993 4168 1061 insedit
4232 995 4395 1063 haec

2453 1078 2822 1161 persuasio,
2863 1098 3394 1162 unumquemque
3438 1080 3542 1145 for
3578 1090 3707 1146 tem
3753 1102 3929 1162 esse,
3971 1090 4167 1166 prout
4210 1080 4394 1146 Deus

2452 1174 2863 1247 praesentem
2902 1164 3194 1229 animum
3238 1163 3579 1231 indiderit:
3624 1166 3926 1232 timidum
3971 1187 4153 1246 vero,
4195 1174 4394 1252 prout

2454 1247 2761 1316 deiecerit
2836 1248 2979 1315 eius
3052 1247 3409 1317 audaciam.
3497 1251 3837 1318 Divinitus
3913 1273 4069 1337 ergo
4146 1253 4388 1319 factum

2453 1355 2597 1400 0000
2656 1335 2952 1419 agnoscit
3004 1333 3269 1413 Rahab,
3338 1344 3416 1402 ut
3472 1344 3719 1402 terrore
3771 1338 4105 1421 perculsae
4162 1345 4392 1422 gentes

2454 1419 2775 1487 Ohanaan
2819 1419 3214 1504 praeiudicio
3257 1420 3535 1505 quodam
3581 1442 3651 1488 00
3689 1423 3867 1507 ipsas
3915 1423 4258 1501 damnent,
4318 1441 4393 1488 ac

2452 1504 2612 1570 inde
2653 1505 2932 1605 colligit,
2987 1504 3158 1607 quod
3201 1506 3781 1609 ita-formidabiles
3824 1509 3959 1574 sint
3999 1508 4121 1574 filii
4157 1508 4394 1609 lsrael,

2453 1599 3478 1777 mtuufffflfflztti
3497 1593 4394 1763 ffissssoiffissaffffifflffl

2455 1761 2640 1841 factr,
2700 1771 2767 1829 st
2807 1770 3027 1830 tamen
3071 1762 3400 1830 obstinata
3433 1763 3779 1831 vaecordia
3837 1787 3907 1832 se
3951 1764 4033 1830 ad
4090 1767 4394 1832 resisten-

2453 1846 2614 1913 dum
2692 1847 3043 1932 parabant:
3122 1849 3277 1916 inde
3348 1851 3740 1934 perspicitur
3809 1851 3924 1917 ubi
3989 1849 4113 1918 Dei
4188 1871 4393 1916 manu

2452 1933 2646 2001 fracti
2704 1942 2773 2000 et
2829 1936 3093 2001 contriti
3149 1936 3365 2001 iacent
3417 1935 3637 2021 impii,
3704 1958 3839 2002 non
3897 1944 4117 2002 tamen
4176 1936 4395 2020 subigi

2452 2018 2537 2085 ad
2579 2018 3021 2104 recipiendum
3068 2020 3328 2105 iugum:
3370 2021 3484 2088 sed
3520 2023 3591 2087 10
3625 2040 3746 2087 000
3789 2042 4036 2106 pavore
4069 2031 4137 2088 et
4169 2022 4398 2087 anxie-

2450 2113 2591 2170 tate
2669 2126 2934 2173 manere
3010 2105 3454 2173 indomabiles.
3543 2109 3762 2190 Atque
3825 2108 3934 2174 hic
4010 2107 4394 2186 notandum,

2452 2190 2771 2274 quomodo
2812 2192 2886 2257 in
2928 2193 3263 2259 communi
3319 2202 3502 2258 metu
3546 2193 3853 2258 differant
3894 2193 4119 2260 fideles
4168 2192 4252 2258 ab
4292 2194 4395 2258 in·

2451 2276 2770 2343 credulis:
2808 2298 2938 2362 qua
2970 2280 3168 2344 etiam
3204 2279 3274 2343 in
3303 2288 3490 2362 parte
3524 2278 3720 2344 fidem
3757 2278 3990 2345 Rahab
4025 2280 4396 2363 perspicere

2451 2361 2622 2429 licet.
2711 2363 3011 2429 'I'imebat
3066 2364 3239 2430 enim
3284 2365 3428 2449 ipsa
3469 2385 3601 2431 1100
3646 2383 3834 2430 00000
3876 2385 3953 2430 00
3985 2384 4159 2430 11000
4201 2363 4394 2449 quili-

2453 2448 2564 2514 bet
2605 2469 2642 2515 e
2683 2450 2940 2532 populo.
3033 2448 3167 2516 Sed
3212 2449 3367 2515 dum
3412 2457 3675 2534 reputat
3708 2448 3831 2515 sibi
3873 2450 4207 2533 negotium
4252 2468 4396 2516 0000

2452 2554 2602 2600 00111
2658 2535 2834 2611 Deo,
2899 2536 3131 2602 statuit
3185 2555 3317 2601 non
3382 2535 3561 2601 aliud
3623 2535 3745 2602 sibi
3810 2555 3954 2602 0000
4015 2534 4395 2614 remedium,

2449 2639 2650 2703 quam
2717 2619 3055 2689 humiliter
3106 2628 3174 2688 et
3227 2620 3481 2706 placide
3540 2619 3827 2689 cedendo
3885 2620 4131 2686 malum
4198 2620 4397 2687 decli-

2449 2724 2645 2772 nare:
2700 2708 2855 2789 quia
2907 2706 3271 2774 resistendo
3323 2706 3494 2773 nihil
3548 2707 3860 2792 proficiet.
3947 2704 4129 2788 Quid
4173 2712 4395 2771 autem

2450 2791 2675 2858 miseri
2736 2811 2966 2859 omnes
3031 2793 3319 2878 regionis
3381 2791 3679 2860 incolae?
3769 2790 4091 2874 Quamvis
4155 2811 4396 2875 pavore

2453 2877 2810 2943 examinati
2851 2879 3110 2945 iaceant
3123 2929 3139 2957 ,
3183 2898 3315 2945 non
3351 2886 3573 2946 tamen
3616 2879 3942 2963 frangitur
3986 2897 4211 2944 eorum
4255 2897 4398 2961 per-

2451 2963 2723 3040 vicacia,
2758 2963 2916 3048 quin
2959 2985 3031 3031 00
3075 2964 3156 3030 ad
3200 2964 3581 3032 conflictum
3622 2963 3985 3031 stimulent.

2628 3049 2728 3115 10.
2780 3048 3087 3131 Quomodo
3119 3050 3442 3117 siccaverit
3474 3049 3720 3116 Iehova.
3782 3049 4213 3133 Praecipuam
4240 3067 4396 3114 con-

2453 3134 2877 3200 sternationis
2933 3156 3196 3202 0000010
3240 3148 3562 3216 recenset,
3608 3134 3781 3219 quod
3824 3154 4051 3200 rumor
4085 3133 4165 3200 de
4208 3134 4393 3199 inau-

2454 3219 2609 3285 ditis
2674 3230 2827 3286 ante
2891 3220 3222 3289 miraculis
3286 3241 3552 3306 sparsus
3629 3222 4002 3304 opinionem
4067 3217 4397 3286 indiderat

2453 3305 2749 3371 omnium
2794 3307 3032 3374 animis
3048 3357 3064 3388 ‚
3124 3306 3341 3374 Deum
3384 3328 3503 3392 pro
3545 3305 3863 3372 Israelitis
3912 3304 4173 3372 bellare.
4263 3303 4395 3370 Ne-

2493 3412 2579 3457 ue
2620 3392 2799 3457 enim
2844 3390 3113 3459 dubium
3160 3399 3330 3470 erat,
3375 3394 3536 3476 quin
3577 3394 3690 3459 via
3730 3412 3850 3477 per
3893 3411 4077 3457 mare
4118 3391 4395 3457 rubrum

2450 3412 2775 3543 divinitus
2831 3479 3155 3562 patefacta
3218 3486 3392 3545 esset
3405 3529 3421 3557 ,
3479 3476 3739 3562 quando
3789 3496 3994 3561 aquae
4056 3495 4395 3559 nunquam

2452 3570 2707 3629 mutata
2762 3575 3017 3631 natura-
3055 3572 3476 3632 coacervatae
3518 3571 3740 3630 essent
3769 3562 3840 3628 in
3884 3560 4124 3628 solidos
4167 3581 4395 3627 cumu-

2451 3648 2585 3728 los,
2634 3649 2767 3716 nisi
2808 3649 2905 3716 ita
2948 3649 3212 3717 iubente
3254 3648 3400 3717 Deo
3442 3659 3721 3715 naturae
3764 3657 4009 3714 autore.
4097 3647 4227 3714 Illa
4269 3647 4394 3733 igi·

2452 3742 2564 3800 tur
2605 3735 2913 3801 elementi
2955 3737 3296 3803 conversio
3337 3736 3555 3821 palam
3599 3732 3913 3815 ostendit,
3958 3734 4179 3801 Deum
4221 3742 4397 3800 stare

2450 3841 2490 3885 a
2522 3827 2712 3906 parte
2747 3822 2891 3888 eius
2933 3822 3169 3907 gentis,
3211 3822 3319 3889 cui
3360 3824 3609 3889 siccum
3650 3822 4001 3887 transitum
4044 3840 4163 3904 per
4196 3839 4399 3903 aquas

2451 3913 2518 3973 et
2561 3907 2828 3992 abyssos
2873 3906 3158 3975 dederat.
3236 3908 3569 3976 Victoriae
3610 3928 3862 3992 quoque
3905 3914 4135 3975 contra
4176 3904 4284 3987 Og
4327 3912 4398 3970 et

2449 3991 2695 4070 Sihon,
2742 4000 2822 4058 ut
2862 4000 3055 4060 01001
3097 3995 3422 4081 insignes,
3466 3996 3697 4060 merito
3735 3993 3989 4060 censeri
4032 3990 4395 4060 debuerant

2450 4078 2825 4145 testimonia
2879 4080 3167 4147 eiusdem
3222 4100 3380 4165 erga
3423 4079 3756 4147 Israelitas
3811 4078 4073 4146 favoris.
4162 4076 4395 4160 Quan-

2449 4185 2647 4248 quam
2689 4164 2816 4231 hoc
2873 4167 3198 4250 posterius
3237 4165 3605 4233 membrum
3653 4165 4030 4232 coniectura
4072 4162 4397 4231 duntaxat

2450 4250 2809 4317 subnixum
2873 4251 3028 4318 fuit:
3115 4253 3184 4317 in
3264 4252 3551 4317 transitu
3618 4272 3774 4318 vero
3838 4251 4042 4317 maris
4101 4249 4396 4335 probatio

2495 4336 2649 4402 1000
2703 4344 2771 4403 01
2828 4335 3067 4403 solida:
3134 4357 3268 4403 non
3328 4356 3516 4403 secus
3567 4356 3643 4403 00
3701 4338 3757 4402 01
3812 4356 4081 4401 10000111
4128 4356 4165 4401 0
4215 4334 4396 4402 00010

2522 4443 2637 4488 0110
2671 4423 3088 4491 extendisset.
3149 4422 3500 4489 Persuasio
3519 4422 3728 4507 igitur
3746 4423 4085 4506 occupavit
4103 4420 4397 4486 omnium

2452 4509 2722 4586 animos,
2767 4508 2986 4575 Deum
3031 4509 3102 4573 in
3144 4507 3368 4595 populi
3400 4507 3732 4575 israelitici
3771 4506 4182 4591 expeditione
4215 4525 4398 4589 prae-

2451 4595 2916 4764 2ῗέωοἓὲ
2931 4594 3265 4765 Ρέἒιῗῒιῖἓιὲ
3294 4592 4397 4765 ἒῗᾶῖαιξῗὲᾜζαξὲῃὲὶῗὲξῗῖιὲἒῗὲξ

2452 4773 2555 4832 tos
2608 4785 2782 4844 esse,
2843 4784 2919 4833 ac
2961 4767 3017 4833 si
3061 4767 3246 4833 Deus
3296 4765 3504 4832 Israel
3558 4765 3631 4830 in
3688 4763 4044 4832 certamine
4101 4762 4400 4846 superior

2452 4852 2685 4918 fuisset
2747 4849 2876 4918 diis
2917 4853 3239 4937 Aegypti:
3306 4851 3497 4919 sicuti
3561 4859 3794 4936 poetae
3846 4851 4137 4935 fingunt,
4203 4857 4399 4931 prout

2452 4938 2726 5022 00100110
2768 4938 2955 5004 Deus
2997 4938 3067 5003 in
3128 4937 3564 5022 patrocinium
3616 4957 3810 5003 suum
3852 4934 4024 5002 hanc
4067 4933 4173 5000 vel
4215 4932 4397 4998 illam

2452 5031 2719 5109 gentem
2762 5025 3039 5109 recepit,
3083 5043 3236 5090 cum
3271 5024 3705 5090 01110511011010
3740 5030 3936 5107 atque
3970 5021 4067 5086 ita
4107 5020 4286 5085 inter
4327 5038 4397 5085 00

2451 5111 2804 5194 confligere
2863 5110 3016 5176 dum
3087 5111 3329 5196 singuli
3395 5120 3667 5176 tuentur
3722 5129 3875 5174 suos
3929 5107 4217 5172 clientes.
4308 5106 4399 5171 At

2454 5216 2613 5262 vero
2647 5195 2811 5262 fides
2852 5194 3091 5264 Rahab
3133 5197 3331 5262 altius
3373 5194 3849 5273 transscendit,
3896 5193 4049 5258 dum
4097 5192 4217 5258 soli
4252 5192 4398 5257 Deo

2452 5280 2659 5347 Israel
2686 5301 3012 5348 summam
3038 5282 3395 5366 potentiam
3440 5303 3590 5349 cum
3635 5279 4025 5346 aeternitate
4064 5277 4397 5345 adscribit.

2450 5366 2533 5432 Id
2612 5371 2785 5432 enim
2867 5369 3157 5435 continet
3233 5368 3511 5453 elogium
3575 5366 3877 5433 Iehovae.
3965 5365 4202 5449 Itaque
4264 5384 4395 5430 non
