5017 6142
382 478 509 546 265

381 672 791 737 surrexerunt
820 668 1145 752 principes
1189 667 1399 752 Moab,
1442 675 1498 737 et
1519 675 1936 755 pervenerunt
1978 668 2064 737 ad
2107 668 2332 751 Balac,

385 776 460 822 ac
502 755 825 822 dixmmt:
871 753 1109 821 Renut’t
1149 753 1429 822 Balaam
1470 758 1681 823 venire
1721 756 2052 823 nobiscum,

566 929 623 993 1.
672 926 833 992 Inde
865 925 1153 1008 profecti.
1221 925 1537 992 Continet
1569 927 1731 995 haec
1767 926 2057 994 narratio
2091 926 2334 993 multas

386 1035 493 1081 res
562 1024 928 1079 memoratu
997 1010 1249 1097 dignas.
1350 1011 1579 1078 Primo
1644 1013 1831 1081 docet
1890 1011 2204 1080 Satanam
2261 1010 2331 1077 in

385 1098 725 1187 perdenda
782 1097 1059 1165 ecclesia
1112 1097 1368 1163 nullum
1415 1119 1546 1163 non
1593 1120 1856 1166 movere
1899 1098 2219 1185 lapidem:
2265 1104 2335 1163 et

384 1196 729 1273 postquam
779 1185 844 1248 vi
890 1190 955 1249 et
1000 1183 1202 1250 armis
1237 1205 1382 1249 eam
1418 1183 1664 1250 frustra
1698 1185 2126 1271 oppugnavit,
2169 1182 2332 1250 insi-

385 1273 511 1339 diis
555 1278 624 1337 et
667 1269 939 1337 occultis
982 1268 1232 1335 artibus
1272 1290 1418 1335 eam
1463 1271 1765 1355 aggredi:
1804 1270 2036 1355 impios
2079 1289 2333 1354 quoque

385 1360 528 1424 eius
571 1356 861 1441 impulsu
905 1362 1045 1421 sata
1097 1375 1237 1434 ere,
1305 1355 1521 1439 quoad
1564 1365 1871 1440 possunt,
1942 1366 2012 1421 ut
2054 1354 2333 1421 fallaciis

386 1451 694 1511 evertant
738 1463 813 1509 ac
872 1441 938 1506 in
996 1443 1060 1506 ni
1113 1440 1274 1506 ilum
1333 1440 1638 1527 redigant
1694 1443 1996 1510 effectum
2053 1441 2332 1526 promis-

386 1530 651 1596 sionum
711 1526 872 1604 Dei,
935 1536 1004 1592 et
1068 1525 1479 1593 immutabile
1538 1529 1677 1594 eius
1741 1528 1823 1594 de
1885 1526 2333 1594 conservanda

384 1636 580 1701 quam
628 1614 728 1680 ele
778 1615 831 1678 't
874 1612 1146 1680 ecclesia
1188 1611 1541 1681 decretum.
1616 1615 1722 1680 Ex
1767 1615 2063 1699 opposito
2107 1622 2332 1679 autem

383 1699 674 1768 ostendit
806 1720 956 1767 eum
1023 1699 1118 1763 ita
1184 1719 1306 1783 pro
1371 1700 1506 1765 suis
1572 1700 1880 1767 excubias
1950 1720 2176 1785 agere,
2257 1704 2332 1763 ut

385 1806 810 1872 quaecunque
853 1785 922 1850 in
968 1804 1192 1850 eorum
1241 1785 1513 1850 exitium
1560 1786 1925 1852 moliuntur
1970 1787 2210 1864 hostes,
2255 1783 2326 1848 in

385 1874 667 1940 salutem
736 1879 1094 1938 convertat.
1198 1870 1680 1954 Repraesentat
1743 1873 1939 1937 etiam
2006 1870 2193 1956 quasi
2259 1870 2327 1934 in

383 1981 415 2026 s
540 1959 650 2025 ulo
687 1977 887 2041 quam
924 1956 1108 2022 stulti
1146 1964 1213 2021 et
1247 1960 1402 2022 vani
1440 1958 1575 2023 sint
1610 1979 1838 2024 eorum
1874 1966 2168 2037 conatus,
2214 1955 2328 2040 qui

381 1979 539 2111 1ξίο
585 2044 864 2130 gratiam
925 2041 1317 2108 labefactare
1375 2044 1710 2122 nituntur,
1768 2044 2113 2129 praecipue
2171 2061 2328 2108 vero

381 2130 787 2197 demonstrat
821 2130 914 2194 ita
957 2148 1215 2212 semper
1256 2128 1591 2196 victricem
1641 2132 1957 2195 exsistere
1984 2130 2107 2195 Dei
2151 2127 2329 2193 veri-

381 2226 588 2284 tatem
607 2267 622 2296 ,
676 2223 751 2281 ut
800 2236 839 2280 a
896 2214 1209 2299 professis
1266 2217 1463 2280 etiam
1520 2215 1818 2282 hostibus
1876 2214 2328 2281 testimonium

383 2301 651 2368 habeat:
690 2300 882 2367 sicuti
910 2299 1181 2366 Balaam
1222 2301 1432 2368 factus
1466 2310 1569 2366 est
1603 2303 1742 2367 eius
1764 2322 2014 2385 praece.
2074 2299 2328 2365 Verum

379 2389 548 2455 haec
591 2394 661 2452 et
703 2386 831 2452 alia
872 2387 1011 2452 suis
1055 2384 1213 2452 locis
1257 2387 1491 2453 melius
1549 2386 2057 2455 observabimus.
2148 2384 2328 2450 Ante

382 2474 678 2540 vidimus
737 2472 986 2537 nullam
1044 2472 1242 2538 fuisse
1301 2494 1565 2538 causam
1611 2493 1728 2539 cur
1772 2472 2019 2558 aliquid
2065 2471 2328 2538 adversi

381 2557 877 2627 machinaretur
933 2557 1137 2624 Balac
1197 2558 1322 2623 Dei
1389 2558 1659 2643 populo,
1720 2581 1758 2624 a
1816 2579 1942 2644 quo
2000 2557 2166 2623 nihil
2224 2556 2326 2621 in-

380 2645 705 2713 commodi
750 2653 1040 2709 metuere
1080 2643 1374 2710 debebat.
1455 2644 1650 2711 Ultro
1695 2644 1846 2711 data
1888 2645 2101 2710 fuerat
2143 2642 2324 2719 fides,

380 2731 708 2818 promissa
751 2731 1086 2810 securitas,
1132 2738 1198 2794 et
1241 2730 1532 2796 oblatum
1579 2729 1826 2797 foedus.
1899 2730 2125 2813 Quum
2169 2748 2325 2813 ergo

378 2821 525 2902 ipse
571 2826 635 2882 et
676 2815 1009 2883 Moabitae
1052 2835 1281 2882 omnes
1323 2838 1393 2882 se
1437 2815 1519 2882 ad
1579 2816 2014 2884 resistendum
2068 2822 2324 2900 parant,

379 2914 445 2971 et
514 2903 846 2971 concitant
907 2902 1184 2980 vicinos,
1262 2909 1397 2968 tam
1463 2902 1608 2969 Deo
1715 2923 1869 2969 uam
1948 2900 2323 2967 hominibus

376 2989 629 3076 ingrati
672 2995 846 3055 sunt.
935 2986 1017 3051 Iu
1062 2985 1207 3070 ipsa
1250 2990 1450 3054 etiam
1506 2990 1678 3075 trepi
1725 2989 1942 3054 atione
1999 2988 2325 3052 cernimus

375 3075 552 3161 quod
597 3073 922 3159 scriptura
966 3071 1152 3153 dicit,
1196 3074 1508 3158 reprobos
1553 3096 1811 3160 semper
1853 3075 2089 3160 agitari
2139 3072 2326 3138 vanis

373 3161 763 3230 terroribus.
863 3159 952 3224 Et
1004 3158 1168 3226 haec
1221 3160 1397 3227 iusta
1451 3166 1551 3228 est
1609 3181 1832 3228 eorum
1898 3179 2150 3226 meroes
2213 3157 2324 3243 qui

376 3268 605 3334 pacem
649 3266 801 3312 cum
846 3243 988 3311 Deo
1032 3266 1163 3310 non
1208 3254 1549 3330 quaerunt,
1595 3256 1669 3314 ut
1711 3248 1951 3312 misera
1992 3244 2325 3330 inquietu-

378 3335 535 3400 dine
594 3331 854 3399 assidue
909 3342 1251 3396 vexentur.
1356 3333 1538 3400 Deus
1594 3333 1910 3418 singulari
1977 3330 2325 3417 privilegio

377 3418 709 3487 Moabitas
763 3425 1097 3484 exemerat
1152 3416 1234 3482 ab
1289 3420 1469 3483 omni
1530 3418 1857 3486 molestia:
1916 3417 2040 3501 ipsi
2097 3423 2320 3483 antem

374 3506 733 3572 anxietatis
792 3504 1131 3569 materiam
1193 3503 1316 3570 sibi
1375 3503 1702 3572 fabricant
1745 3504 1902 3590 quia
1947 3504 2072 3569 Dei
2118 3523 2322 3588 popu-

376 3593 519 3658 lum
580 3588 806 3655 vident
864 3589 1264 3673 superiorem
1329 3591 1531 3657 fuisse
1596 3591 1852 3675 magnis
1907 3599 1974 3655 et
2039 3589 2324 3656 robustis

375 3699 448 3745 re
501 3678 665 3742 'bus.
730 3675 904 3741 Nam
938 3684 1014 3740 ut
1047 3674 1340 3743 lusciosis
1374 3676 1599 3761 gravis
1643 3686 1712 3741 et
1753 3676 1992 3742 noxius
2034 3684 2135 3742 est
2169 3675 2324 3741 solis

374 3700 628 3850 sufflor,
687 3762 783 3827 ita
831 3760 1140 3846 reprobos
1183 3763 1563 3829 excruciant
1606 3770 1674 3827 et
1715 3760 1798 3827 ad
1840 3760 2158 3827 invidiam
2205 3761 2323 3829 sti-

375 3851 638 3916 mulant
681 3848 805 3914 Dei
841 3847 1189 3927 beneficia,
1246 3848 1483 3932 quibus
1525 3856 1870 3933 paternum
1917 3868 2073 3933 erga
2118 3847 2324 3915 eccle-

373 3939 540 4003 siam
587 3935 876 4000 favorem
922 3941 1218 4001 testatur.
1307 3935 1385 4001 Si
1437 3934 1798 4019 prudenter
1855 3933 2324 4018 expendissent

376 4021 714 4089 Moabitae
757 4018 912 4104 quid
958 4019 1081 4085 sibi
1126 4020 1288 4086 utile
1330 4020 1516 4101 foret,
1556 4019 1745 4088 facilc
1780 4028 1924 4086 erat
1957 4040 2103 4086 cum
2143 4030 2322 4086 vete-

374 4109 560 4175 ribus
591 4106 1094 4190 consanguineis
1132 4107 1507 4191 transigere,
1555 4115 1628 4173 ut
1664 4127 1821 4173 suae
1857 4105 2322 4190 tranquillitati

372 4201 716 4263 caverent:
777 4212 951 4258 nunc
1010 4213 1117 4258 eos
1184 4192 1266 4259 ad
1309 4192 1528 4259 odium
1573 4192 1982 4278 provocando
2041 4193 2320 4277 pessime

371 4279 575 4348 rebus
629 4278 768 4345 suis
822 4278 1193 4344 consulunt.
1282 4279 1510 4364 Neque
1564 4279 1760 4345 unius
1813 4287 2069 4344 tantum
2116 4278 2321 4346 Balac

372 4373 650 4433 notatur
706 4384 1054 4450 perversus
1111 4365 1338 4445 timor,
1396 4363 1510 4432 sed
1568 4365 1772 4431 totius
1830 4364 2044 4450 gentis
2101 4364 2316 4432 Moab.

368 4453 636 4519 Nomen
681 4452 858 4517 enim
903 4449 1078 4535 regis
1120 4451 1308 4516 initio
1353 4451 1637 4535 ponitur,
1673 4449 1787 4517 sed
1823 4450 2131 4518 continuo
2174 4459 2323 4536 post

371 4537 777 4626 generaliter
815 4557 1040 4602 omnes
1075 4536 1569 4621 comprehendit
1592 4537 1829 4604 Moses.
1897 4536 2091 4604 Unde
2127 4557 2323 4621 appa-

373 4636 482 4692 ret
525 4643 872 4690 commune
917 4622 1119 4688 fuisse
1164 4624 1430 4703 vitium,
1491 4623 1674 4690 cuius
1731 4623 2119 4706 contagione
2164 4643 2318 4689 mox

370 4712 538 4779 alios
582 4730 836 4795 quoque
879 4708 1197 4776 inficiunt.
1285 4708 1655 4775 Hortantur
1698 4710 1874 4775 enim
1920 4708 2321 4777 Madianitas

369 4807 449 4865 ut
495 4796 835 4880 negotium
881 4794 1142 4861 arcendi
1188 4795 1413 4881 populi
1457 4795 1664 4861 Israel
1711 4795 1905 4860 simul
1956 4803 2317 4878 capessant.

370 4884 806 4951 Praetexitur
849 4883 1047 4948 ratio:
1101 4881 1296 4948 sicuti
1341 4882 1537 4948 boves
1582 4881 1851 4947 herbam
1899 4881 2039 4966 agri
2084 4900 2319 4947 consu-

370 4979 603 5048 munt,
664 4969 758 5034 sic
797 4968 1042 5033 instare
1086 4968 1449 5052 periculum
1496 4967 1627 5033 nisi
1669 4967 1931 5033 obviam
1974 4974 2190 5046 eatur,
2235 4988 2320 5033 ne

370 5056 663 5141 populus
734 5054 942 5121 Israel
1022 5075 1248 5119 omnes
1327 5054 1630 5138 regiones
1706 5053 1893 5136 quasi
1970 5053 2321 5119 lambendo

370 5142 741 5209 absorbeat.
844 5139 1046 5223 Atqui
1106 5138 1300 5225 longe
1353 5138 1529 5206 aliud
1586 5139 1839 5222 experti
1895 5149 2113 5205 erant:
2168 5139 2322 5222 quia

370 5228 658 5314 populus
705 5228 864 5309 ipse,
906 5248 989 5292 ne
1033 5246 1143 5291 eos
1184 5224 1490 5305 laederet,
1534 5245 1650 5308 per
1695 5224 2047 5291 laboriosos
2090 5224 2322 5292 circui-

371 5327 489 5382 tus
536 5312 998 5379 declinaverat.
1087 5311 1272 5378 Haec
1314 5309 1723 5380 continentia
1767 5331 1877 5377 eos
1922 5312 2099 5375 omni
2146 5309 2322 5377 solli-

370 5400 669 5468 citudine
725 5399 1093 5477 liberasset,
1161 5400 1286 5466 nisi
1332 5398 1617 5482 maligne
1661 5397 1783 5462 sibi
1826 5417 2065 5480 pravas
2110 5396 2324 5481 suspi-

1804 479 2206 548 REDITUS
2254 479 2381 547 AD
2427 479 2975 547 HISTORIAM.

4255 485 4396 553 266-

2437 668 2653 734 ciones
2696 667 3039 754 imaginati
3084 677 3320 736 essent.
3410 671 3549 737 Cur
3593 672 3765 737 enim
3812 681 3992 737 recta
4035 693 4167 739 non
4211 675 4381 741 irru-

2437 764 2622 838 perat
2677 754 2886 820 Israel
2945 754 3017 819 in
3077 775 3305 821 eorum
3363 757 3560 834 fines,
3643 759 3763 823 nisi
3820 759 3972 841 quia
4030 760 4247 826 salvos
4312 769 4381 827 et

2437 842 2715 907 intactos
2759 840 3130 922 relinquere
3173 840 3503 907 studebat:
3545 842 3786 928 alioqui
3830 844 4157 929 intrepide
4202 847 4384 912 viam

2438 926 2641 991 armis
2686 925 2810 992 sibi
2857 925 3133 992 fecisset.

2611 1010 2671 1078 5.
2719 1009 2908 1077 Misit
2943 1011 3171 1095 leqatos
3227 1012 3313 1079 ad
3356 1013 3650 1080 Balaam.
3739 1015 3951 1081 Docet
4006 1015 4115 1083 hic
4172 1016 4382 1098 locus,

2438 1106 2515 1162 ut
2559 1098 2669 1162 alii
2713 1096 3100 1181 complutae,
3145 1119 3228 1164 ex
3261 1099 3451 1164 bonis
3495 1100 3833 1185 principiis
3878 1102 4079 1168 fluere
4123 1123 4382 1170 errores

2436 1183 2671 1267 quibus
2738 1182 3109 1249 incredulos
3175 1185 3483 1269 illaqueat
3550 1184 3779 1252 Satan.
3881 1187 4113 1253 Laude
4180 1186 4378 1274 digna

2436 1268 2704 1334 videtur
2768 1269 3087 1334 modestia
3147 1271 3324 1354 regis
3379 1271 3615 1353 Balac,
3679 1271 3847 1356 quod
3913 1273 4382 1340 imbecillitatis

2438 1375 2596 1420 suae
2659 1355 2989 1433 conscius,
3057 1354 3495 1440 humanisque
3554 1357 3819 1423 auxiliis
3885 1357 4222 1439 diffidens,
4291 1360 4374 1426 ad

2437 1439 2915 1524 implorandam
2975 1439 3106 1506 Dei
3162 1462 3349 1525 opem
3416 1465 3486 1508 se
3540 1446 3883 1509 convertit.
3985 1444 4133 1513 Hoc
4200 1448 4372 1511 enim

2436 1527 2703 1593 unicum
2750 1527 2939 1592 nobis
2983 1527 3209 1592 salutis
3255 1526 3531 1613 asylum,
3575 1531 3878 1613 quamvis
3913 1550 4032 1596 nos
4076 1539 4374 1598 terrenae

2435 1632 2591 1696 opes
2634 1610 2971 1692 deficiant,
3014 1634 3144 1678 non
3191 1623 3408 1678 tamen
3455 1613 3690 1681 animis
3732 1616 4098 1698 concidere,
4147 1616 4260 1684 sed
4305 1620 4372 1683 in

2435 1696 2652 1762 Deum
2700 1698 3110 1777 recumbere,
3170 1701 3278 1782 qui
3322 1699 3498 1766 solus
3543 1707 3760 1784 potest
3801 1702 4049 1780 omnia,
4094 1724 4214 1770 nec
4258 1724 4372 1768 ex-

2435 1784 2644 1849 ternis
2709 1782 3122 1850 adminiculis
3186 1783 3457 1871 indiget.
3558 1786 3900 1854 Hactenus
3965 1808 4037 1853 er
4081 1809 4120 1854 o
4197 1798 4372 1855 recte

2434 1869 2658 1948 Balac,
2704 1867 2873 1955 quod
2919 1869 3087 1935 nihil
3134 1871 3344 1954 magis
3386 1869 3605 1938 studet
3639 1893 3833 1956 quam
3870 1874 4048 1939 conci
4077 1875 4213 1940 iare
4249 1875 4370 1940 sibi

2433 1955 2561 2021 Dei
2587 1956 2903 2022 favorem:
2942 1978 3060 2022 nec
3096 1955 3249 2023 alibi
3288 1957 3455 2023 locat
3491 1957 3801 2025 victoriae
3835 1959 4137 2025 fiduciam
4176 1981 4367 2045 quam

2433 2042 2490 2106 si
2536 2062 2683 2106 eum
2728 2040 3031 2106 habuerit
3074 2044 3458 2125 propitium:
3505 2062 3733 2109 verum
3778 2066 4118 2129 perperam
4155 2045 4368 2112 Deum

2432 2148 2549 2211 per
2583 2129 2910 2193 flexuosas
2947 2129 3254 2212 ambages
3290 2149 3610 2213 quaerens
3652 2129 3732 2194 ab
3770 2152 3844 2195 eo
3879 2130 4072 2215 longe
4108 2129 4367 2199 recedit.

2434 2214 2653 2297 Atque
2706 2212 2827 2278 hoc
2885 2213 3239 2281 incredulis
3294 2215 3593 2281 omnibus
3650 2223 3718 2280 et
3781 2216 4142 2301 hypocritis
4195 2238 4369 2285 com-

2435 2320 2636 2365 mune
2676 2298 2910 2364 vitium
2957 2309 3073 2377 est,
3121 2298 3274 2365 dum
3312 2301 3394 2364 ad
3418 2301 3634 2366 Deum
3681 2303 3991 2385 aspirant,
4035 2304 4264 2388 vagari
4300 2304 4369 2368 in

2434 2384 2570 2450 suis
2630 2385 2976 2452 erroribus,
3085 2385 3287 2470 Cupit
3352 2386 3555 2453 Balac
3622 2384 3939 2454 d'rvinitus
4004 2388 4264 2454 liberari
4332 2410 4372 2455 a

2431 2470 2755 2555 periculo:
2807 2470 3074 2537 modum
3118 2472 3668 2551 comminiscitur,
3726 2473 3780 2537 si
3825 2474 4223 2541 exorcismos
4266 2495 4371 2541 re·

2433 2556 2638 2621 (limat
2703 2577 2742 2621 a
2807 2557 3210 2624 mercenario
3272 2557 3608 2643 propheta.
3720 2560 3922 2642 Atqui
3990 2559 4112 2627 hoc
4178 2560 4370 2626 modo

2432 2643 2648 2708 Deum
2691 2643 2830 2709 suis
2863 2644 3196 2729 figmentis
3231 2644 3586 2729 obstringit
3619 2665 3695 2711 ac
3728 2644 4007 2712 subiicit.
4078 2645 4369 2731 Cognos-

2431 2749 2578 2795 cere
2622 2749 2691 2795 se
2749 2728 2938 2810 dicit,
3004 2730 3108 2794 ius
3164 2728 3585 2797 benedicendi
3644 2740 3713 2796 et
3754 2731 4184 2798 maledicendi
4228 2734 4370 2797 esse

2428 2814 2499 2881 in
2546 2835 2743 2880 manu
2781 2815 3075 2881 Balaam.
3162 2815 3353 2883 Unde
3398 2816 3562 2883 haec
3606 2816 3979 2900 persuasio?
4026 2817 4154 2883 nisi
4198 2816 4368 2901 quod

2430 2901 2628 2966 inane
2670 2900 3030 2985 prophetae
3092 2921 3332 2968 nomen
3393 2902 3715 2987 arripiens
3768 2903 3985 2968 Deum
4030 2922 4069 2967 a
4112 2922 4183 2969 se
4225 2903 4369 2989 ipso

2430 2998 2708 3070 separat.
2777 2986 3110 3054 Sciscitari
3150 2988 3360 3073 primo
3406 2997 3784 3073 oportuerat
3826 3009 4149 3073 quaenam
4195 2996 4367 3054 esset

2427 3073 2562 3138 Dei
2623 3072 2956 3155 voluntas,
3010 3081 3076 3138 et
3135 3072 3217 3139 ad
3275 3095 3422 3139 eum
3485 3074 3870 3158 placandum
3930 3075 4184 3141 sincera
4240 3074 4368 3140 fide

2427 3179 2656 3243 preces
2720 3160 3088 3243 concipere:
3167 3160 3335 3244 quod
3417 3161 3839 3244 praecipuum
3896 3169 3998 3227 est
4060 3161 4368 3226 omittens

2428 3253 2686 3310 tantum
2755 3245 2970 3311 venali
3033 3245 3484 3312 benedictione
3540 3254 3882 3311 contentus
3949 3254 4060 3312 est.
4174 3243 4367 3327 Quod

2427 3352 2586 3416 ergo
2629 3331 2708 3396 de
2750 3330 3163 3415 impetranda
3207 3352 3248 3395 a
3289 3330 3435 3396 Deo
3489 3351 3647 3416 pace
3705 3340 3772 3396 et
3816 3331 4007 3397 venia
4050 3330 4367 3396 sollicitus

2427 3426 2561 3498 est,
2617 3415 2770 3482 inde
2824 3416 3159 3501 colligitur
3210 3437 3432 3483 semen
3477 3416 3737 3500 aliquod
3780 3415 4118 3502 religionis
4162 3416 4364 3483 fuisse

2427 3504 2568 3571 eius
2632 3503 2851 3568 animo
2913 3504 3208 3570 insitum.
3319 3502 3600 3588 Signum
3674 3501 3871 3568 etiam
3937 3502 4199 3585 pietatis
4264 3510 4367 3568 est

2424 3590 2797 3655 reverentia
2856 3611 3051 3673 quam
3117 3587 3472 3674 prophetae
3539 3589 3765 3653 defert.
3875 3585 4066 3668 Quod
4143 3596 4362 3653 autem

2425 3676 2564 3743 suis
2607 3675 2994 3743 commentis
3031 3675 3244 3741 Deum
3294 3674 3434 3741 vult
3477 3672 3813 3753 demereri,
3858 3672 4099 3739 stultae
4134 3694 4210 3739 su
4261 3696 4363 3739 er-

2426 3761 2715 3829 stitionis
2751 3772 2884 3827 est:
2919 3759 3094 3845 quod
3131 3759 3348 3826 studet
3380 3779 3526 3825 eum
3552 3758 3673 3824 sibi
3697 3756 4049 3824 obnoxium
4074 3757 4186 3824 red
4235 3779 4362 3840 ere,

2423 3847 2666 3933 impiae
2702 3847 3057 3931 superbiae.
3125 3845 3302 3926 Quid
3339 3847 3404 3911 in
3439 3853 3727 3909 mentem
3750 3845 4009 3910 venerit
4030 3843 4362 3911 Chaldaeo

2424 3933 2769 4018 interpreti
2835 3940 2913 3998 ut
2966 3933 3218 3999 Pethor
3279 3932 3519 3997 locaret
3581 3928 3665 3994 ad
3729 3930 3937 4014 ripam
4000 3930 4364 4014 Euphratis

2424 4020 2675 4086 nescio:
2720 4040 2933 4104 neque
2978 4019 3155 4085 enim
3198 4015 3525 4102 probabile
3568 4024 3667 4080 est
3710 4023 3844 4080 tam
3890 4017 4114 4100 procul
4160 4016 4364 4082 fuisse

2425 4107 2722 4172 accitum.
2809 4105 2948 4171 Nec
3007 4124 3160 4170 vero
3218 4103 3355 4168 eius
3410 4100 3583 4166 fama
3627 4121 3663 4165 e
3720 4101 3860 4167 loco
3918 4110 4054 4168 tam
4112 4111 4363 4169 remoto

2422 4191 2611 4259 facile
2656 4190 2736 4256 ad
2773 4199 3002 4276 gentes
3036 4189 3182 4255 illas
3217 4194 3644 4288 penetrasset.
3712 4187 4059 4272 Proprium
4099 4187 4361 4273 quidem

2422 4299 2565 4344 esse
2609 4297 2843 4343 nomen
2890 4275 3016 4342 loci
3074 4273 3235 4338 mih1
3291 4278 3674 4356 persuasum
3734 4282 3864 4339 est:
3924 4273 4077 4357 quia
4135 4274 4359 4340 termi-

2423 4365 2604 4430 natio
2647 4363 2825 4429 vocis
2847 4359 3134 4428 Petorah
3177 4378 3307 4423 non
3348 4358 3595 4442 patitur
3637 4358 3971 4442 epitheton
4018 4380 4158 4427 esse
4200 4360 4361 4426 viri:

2421 4449 2615 4517 sicuti
2657 4448 3104 4531 Hieronymus
3160 4443 3496 4509 transtulit
3553 4444 3848 4511 ariolum.
3937 4446 4083 4511 Etsi
4143 4456 4360 4511 autem

2421 4557 2554 4601 non
2580 4534 2965 4619 exprimitur
2985 4531 3183 4616 regio,
3226 4551 3310 4594 ex
3344 4538 3650 4596 contextu
3685 4541 3905 4597 tamen
3940 4532 4362 4615 probabiliter

2422 4622 2679 4689 elicitur
2721 4620 2995 4686 Balaam
3037 4617 3235 4683 fuisse
3273 4615 3722 4683 Madianitam.
3810 4617 3899 4683 Et
3939 4618 4065 4683 hac
4107 4618 4362 4683 ratione

2422 4707 2722 4773 existimo
2779 4705 2849 4769 in
2908 4703 3279 4770 societatem
3340 4701 3652 4767 adductos
3697 4703 3894 4770 fuisse
3938 4702 4357 4781 Madianitas,

2422 4805 2498 4859 ut
2542 4789 2838 4877 populari
2884 4808 3002 4855 suo
3043 4785 3531 4873 persuaderent.
3601 4786 3791 4870 Quod
3837 4810 4004 4856 vers.
4053 4789 4112 4856 7.
4159 4787 4364 4854 subii-

2420 4879 2621 4957 citur,
2669 4874 3105 4942 divinationes
3149 4873 3348 4941 fuisse
3386 4874 3456 4939 in
3501 4893 3727 4940 eorum
3770 4896 4006 4954 manu,
4052 4873 4360 4960 frigidum

2421 4972 2524 5031 est
2587 4962 2877 5047 accipere
2943 4959 3022 5026 de
3088 4961 3360 5026 artificio
3416 4959 3791 5039 divinandi,
3859 4961 3962 5026 vel
4022 4954 4219 5026 etlam
4280 4957 4362 5025 de

2421 5049 2798 5127 comitibus,
2864 5046 2975 5132 qni
3031 5047 3255 5112 eadem
3317 5045 3594 5112 scientia
3653 5045 4006 5130 pollebant.
4096 5045 4363 5130 Simpli-

2422 5138 2561 5204 cius
2604 5142 2778 5200 esset
2821 5132 2901 5198 do
2959 5131 3283 5197 mandatis
3338 5131 3776 5216 interpretari.
3868 5129 4073 5213 Quasi
4119 5131 4362 5197 diceret

2423 5223 2674 5301 Messe,
2736 5221 2982 5304 legatos
3025 5219 3228 5283 fuisse
3272 5217 3531 5285 edoctos
3577 5216 3734 5300 quid
3780 5238 3818 5281 a
3862 5216 4134 5282 Balaam
4182 5225 4361 5301 pete-

2423 5315 2603 5387 rent,
2661 5327 2898 5390 nempe
2950 5313 3026 5371 ut
3078 5303 3496 5371 malediceret
3582 5301 3774 5386 opulo
3817 5302 4043 5369 Israel.
4134 5304 4362 5389 Neque

2428 5393 2602 5460 enim
2672 5392 3023 5459 absurdum
3094 5399 3194 5456 est
3252 5390 3480 5455 Mosen
3548 5398 3786 5453 lterum
3841 5397 4138 5473 repetere
4191 5388 4361 5474 quod
