5017 6142
460 453 536 518 11
640 544 648 553 θ
1449 445 2030 516 SANCTIONES
2078 447 2141 512 A
2183 444 2979 516 PROMISSIONIBUS
3020 449 3138 515 m?
3181 448 3464 518 MINIS.
4380 454 4463 520 12

627 641 731 708 29.
782 641 1106 724 Quumque
1144 637 1579 706 introduxerit.
1673 635 1970 704 Similem
2017 637 2234 703 locum
2276 657 2402 701 nu-

457 749 574 813 per
618 728 907 813 exposui,
975 726 1088 809 qui
1131 724 1258 791 etsi
1301 722 1529 790 ordine
1574 722 1892 808 posterior
1935 722 2175 807 legitur
2233 718 2406 805 apud

458 814 710 894 Mosen,
755 813 906 897 quia
950 819 1169 877 tamen
1215 832 1355 876 rem
1400 810 1639 875 clarius
1682 807 1988 893 explicat,
2048 828 2181 873 non
2225 807 2408 873 dubi-

457 901 593 966 tavi
631 906 806 984 [pers
854 897 1142 966 icuitatis
1178 900 1397 976 causa]
1435 917 1584 962 eum
1621 903 2034 979 anteponere.
2092 892 2256 959 Dixi
2290 913 2407 959 au-

458 998 594 1052 tem
636 1006 793 1053 cons
844 986 981 1051 ium
1025 983 1152 1050 Dei
1196 982 1414 1064 fuisse,
1472 982 1630 1047 dum
1672 979 2010 1048 Israelitas
2062 978 2408 1047 constituit

456 1072 680 1140 iudicii
725 1071 830 1138 sui
871 1090 1256 1154 praecones,
1317 1088 1429 1134 eos
1495 1066 1791 1134 sanctius
1854 1064 2265 1151 obstringere
2322 1062 2407 1129 ad

456 1155 849 1226 servandam
892 1156 1127 1241 legem.
1216 1153 1294 1223 Si
1354 1162 1607 1220 tantum
1652 1173 1772 1237 per
1813 1152 2085 1219 Levites
2142 1155 2407 1217 senten·

458 1246 621 1310 tiam
675 1243 817 1328 ipse
871 1241 1161 1321 tulisset,
1227 1240 1477 1307 moveri
1534 1238 1797 1324 quidem
1853 1239 2035 1323 ipsos
2078 1237 2250 1303 serio
2266 1287 2284 1318 ,
2341 1242 2408 1302 et

457 1337 834 1396 reverenter
913 1326 1281 1395 auscultare
1369 1325 1636 1393 decebat
1707 1331 1848 1390 tam
1924 1322 2406 1390 benedictiones

456 1438 657 1500 quam
723 1412 1231 1481 maledictiones.
1335 1411 1589 1478 Verum
1647 1410 1760 1477 ubi
1817 1409 2060 1495 singuli
2118 1431 2230 1475 ore
2284 1428 2405 1475 suo

458 1511 793 1569 testantur
867 1499 1040 1585 quod
1112 1498 1243 1565 Dei
1315 1496 1625 1564 mandato
1697 1494 2034 1563 dictabant
2107 1494 2404 1575 Levitae,

460 1588 570 1655 hic
635 1608 990 1654 consensus
1048 1584 1495 1669 interpositus,
1558 1582 1744 1667 quasi
1809 1582 1937 1648 rati
1978 1579 2258 1663 habitio,
2323 1578 2406 1645 ad

459 1671 880 1742 excitandum
939 1670 1231 1737 studium
1289 1677 1355 1736 et
1409 1670 1833 1736 attentionem
1898 1667 2219 1735 efficacior
2262 1666 2402 1732 fuit.

461 1760 813 1827 Caeterum
876 1754 1038 1826 haec
1100 1755 1487 1824 contestatio
1557 1755 1689 1822 fuit
1744 1753 2167 1838 opportunior
2227 1760 2404 1837 post·

461 1866 660 1930 quam
681 1845 984 1929 ingressi
1025 1850 1182 1909 sunt
1224 1850 1470 1908 terram
1515 1841 1859 1920 Chanaan,
1917 1861 2113 1924 quam
2157 1838 2215 1905 si
2257 1858 2405 1922 per-

460 1939 608 1999 acta
649 1933 881 1997 fuisset
923 1931 992 1994 in
1036 1929 1309 2014 planitie
1343 1926 1570 1995 Moab:
1618 1939 1834 1993 terrae
1877 1925 2054 1991 enim
2099 1945 2407 2009 conspec-

459 2027 567 2086 tus
609 2016 690 2082 ad
735 2015 1294 2083 confirmationem
1338 2012 1564 2092 valuit,
1609 2035 1686 2080 ac
1720 2012 1778 2079 si
1809 2013 1881 2077 in
1920 2032 2061 2077 rem
2097 2031 2407 2095 praesen-

463 2113 597 2170 tem
642 2100 916 2169 adducti
968 2120 1120 2167 cum
1166 2101 1311 2166 Deo
1369 2101 1872 2183 paciscerentur.
1963 2096 2141 2164 Sunt
2185 2108 2406 2163 autem

460 2190 590 2257 duo
632 2187 746 2255 isti
790 2197 1045 2255 montes
1089 2188 1183 2251 ita
1223 2186 1398 2252 inter
1444 2205 1516 2251 se
1552 2184 1853 2270 oppositi,
1899 2191 1972 2249 ut
2006 2183 2197 2250 facile
2231 2191 2407 2249 stare

456 2275 797 2360 potuerint
850 2271 1017 2340 duae
1074 2272 1300 2356 populi
1353 2271 1594 2339 classes
1638 2271 1721 2337 ad
1765 2268 2281 2336 benedicendum
2341 2276 2409 2334 et

458 2359 1000 2439 maledicendum,
1087 2380 1171 2426 uo
1205 2356 1337 2425 Dei
1377 2357 1838 2441 promissiones
1883 2364 1951 2421 et
1993 2357 2209 2422 minas
2252 2376 2407 2421 con-

457 2447 821 2515 sentienter
866 2466 1067 2529 appro
1153 2452 1319 2510 rent.

630 2533 735 2598 30.
781 2531 1019 2598 Annon
1060 2535 1207 2596 sunt
1246 2534 1442 2597 hans.
1511 2528 1908 2612 Quanquam
1951 2525 2408 2611 interrogandi

459 2641 619 2686 usus
662 2616 1002 2684 familiaris
1047 2623 1146 2683 cst
1188 2614 1547 2695 Hebraeis,
1592 2615 1715 2680 hoc
1758 2623 1979 2682 tamen
2022 2615 2163 2680 loco
2205 2611 2404 2678 vehe-

458 2707 747 2771 mentius
792 2703 1079 2770 affirmat
1101 2701 1322 2768 Moses
1365 2722 1558 2786 quam
1604 2701 1662 2768 si
1696 2702 2111 2769 enunciative
2146 2707 2405 2765 tantum

456 2791 768 2869 dixisset,
830 2797 1086 2857 montes
1128 2789 1294 2854 istos
1335 2788 1405 2853 in
1452 2794 1631 2853 terra
1675 2787 1996 2854 Chanaan
2040 2787 2201 2853 sitos
2244 2806 2406 2851 esse.

456 2877 624 2943 Vult
674 2877 851 2942 enim
896 2897 1005 2941 eos
1050 2875 1344 2940 animare
1389 2873 1471 2939 ad
1516 2873 1821 2939 fiduciam
1867 2872 2206 2939 adeundae
2248 2871 2406 2937 hae-

456 2962 753 3029 reditatis
802 2961 1189 3047 promissae,
1249 2959 1440 3027 sicuti
1498 2964 1809 3026 continuo
1867 2969 2014 3044 post
2077 2958 2402 3042 sequitur:

454 3050 560 3116 'I'u
597 3048 908 3116 transibis
930 3045 1299 3113 Iordanem.
1343 3045 1494 3111 Etsi
1530 3046 1706 3110 enim
1729 3046 1862 3112 iam
1882 3046 1955 3111 in
1980 3043 2407 3110 Amorrhaeis

457 3134 817 3220 vincendis,
862 3141 929 3200 et
970 3131 1345 3219 occupanda
1399 3139 1577 3197 terra
1624 3132 1842 3197 Basan
1886 3130 2229 3196 mirificam
2277 3129 2407 3195 Dei

456 3222 771 3288 virtutem
838 3219 1094 3304 experti
1160 3226 1378 3284 erant:
1445 3239 1611 3301 quae
1675 3226 1898 3284 tamen
1955 3216 2086 3283 fuit
2142 3215 2406 3281 illorum

456 3306 901 3385 incredulitas,
947 3325 1211 3371 necesse
1254 3305 1384 3370 fuit
1427 3304 1706 3370 subinde
1750 3314 1965 3371 metus
2010 3311 2078 3368 et
2120 3311 2405 3368 terrores

456 3392 592 3459 illis
657 3399 998 3470 excutere,
1074 3398 1152 3457 ut
1214 3390 1617 3456 dubitatione
1678 3391 1857 3456 omni
1927 3388 2144 3454 valere
2210 3387 2406 3469 iussa,

456 3479 710 3546 fortiter
750 3499 819 3543 se
875 3477 954 3542 ad
1002 3475 1408 3561 pergendum
1456 3475 1893 3561 accingerent.
1982 3474 2277 3540 Tandem
2323 3495 2404 3539 ex

454 3572 646 3630 tanto
684 3565 812 3630 Dei
847 3563 1160 3629 beneficio
1206 3562 1545 3628 materiam
1595 3562 1899 3628 hortandi
1943 3561 2164 3627 sumit.
2252 3560 2407 3643 Ipsa

454 3651 632 3716 enim
678 3660 890 3716 terrae
913 3648 1137 3714 fruitio
1165 3668 1276 3714 eos
1304 3647 1517 3734 magis
1552 3667 1787 3714 acuere
1823 3646 2047 3714 debuit
2081 3645 2165 3712 ad
2189 3644 2405 3711 Deum

454 3735 820 3817 colendum,
865 3735 1018 3819 quia
1060 3734 1201 3801 cius
1243 3734 1401 3801 facti
1445 3742 1633 3799 erant
1677 3733 2015 3812 haeredes,
2058 3732 2226 3817 legis
2269 3753 2406 3798 ser·

457 3821 714 3888 vandae
755 3841 969 3888 causa.

1039 4161 1170 4228 EX
1212 4160 1519 4228 LEVIT.
1558 4160 1822 4228 XXVI.

628 4335 688 4402 3.
739 4334 815 4401 Si
856 4334 930 4399 in
969 4333 1228 4400 decretis
1269 4333 1425 4398 meis
1465 4331 1950 4412 anibulaveritis,
1994 4337 2050 4398 et
2072 4337 2406 4415 praecepta

456 4443 596 4489 mea
652 4420 1078 4500 servaveritis,
1134 4424 1192 4483 et
1251 4418 1526 4502 feceritis
1588 4438 1683 4496 ea,
1783 4417 1844 4484 4.
1913 4417 2095 4485 Dabo
2136 4420 2406 4501 pluvias

453 4514 695 4576 vestras
736 4512 1001 4588 tempore
1043 4525 1176 4584 suo,
1221 4505 1513 4587 dabitque
1546 4508 1716 4568 terra
1750 4504 2031 4585 fructum
2072 4524 2258 4571 suum
2272 4556 2287 4583 ,
2348 4510 2406 4570 et

456 4593 714 4660 arbores
771 4612 1064 4676 aqrorum
1120 4590 1355 4657 dabunt
1402 4589 1677 4672 fructum
1734 4609 1938 4656 suum.
2042 4588 2104 4655 5.
2152 4590 2401 4674 Appre-

455 4680 785 4760 hendetque
814 4677 990 4743 vobis
1021 4679 1256 4743 tritura
1289 4676 1685 4755 vindemiam,
1730 4680 1787 4740 et
1821 4675 2141 4741 vindemia
2183 4698 2403 4760 appre-

455 4765 675 4831 hendet
706 4769 1062 4831 sementem:
1099 4763 1536 4843 eomedetisque
1559 4781 1793 4842 panem
1824 4766 2093 4826 vestrum
2114 4763 2201 4829 ad
2233 4769 2404 4828 satu—

454 4853 708 4917 ritatem
731 4901 746 4930 ,
824 4857 880 4915 et
957 4849 1316 4914 habitabitis
1377 4847 1745 4929 confidenter
1808 4848 1880 4912 in
1942 4852 2111 4913 terra
2174 4853 2399 4916 vestra.

457 4938 518 5004 6.
566 4936 752 5004 Dabo
793 4956 1061 5018 namque
1090 4954 1314 5017 pacem
1355 4933 1426 4998 in
1466 4938 1657 5012 terra,
1713 4936 1767 4998 et
1808 4932 2143 5012 dormietis,
2209 4955 2402 5018 neque

456 5024 578 5091 erit
614 5028 958 5089 exterrens:
1016 5022 1425 5102 auferamque
1482 5017 1710 5084 bestias
1773 5018 1978 5084 malas
2019 5039 2052 5084 e
2094 5025 2293 5102 terra,
2346 5027 2405 5088 et

452 5110 711 5196 qladius
771 5128 897 5174 non
958 5105 1251 5173 transibit
1300 5125 1424 5187 per
1486 5108 1718 5171 terram
1780 5109 2067 5170 vestram.
2180 5107 2239 5173 7.
2312 5107 2403 5172 Et

443 5193 910 5279 persequemini
953 5192 1241 5257 inimicos
1281 5195 1515 5257 vestros
1528 5241 1543 5270 ,
1589 5192 1921 5273 cadentque
1978 5211 2188 5258 coram
2228 5192 2402 5259 vobis

453 5282 686 5367 qladio.
776 5280 835 5346 8.
883 5277 1340 5361 Persequentur
1380 5278 1653 5359 quinque
1694 5298 1771 5343 ex
1812 5277 1986 5343 vobis
2025 5283 2279 5361 centum,
2343 5284 2402 5346 et

455 5373 695 5435 centum
748 5386 824 5431 ex
872 5364 1044 5430 vobis
1098 5364 1300 5431 decem
1354 5363 1561 5430 millia
1611 5369 2089 5447 persequentur.-
2158 5370 2214 5432 et
2269 5386 2402 5433 cor-

2511 641 2692 703 ruent
2744 637 2989 705 inimici
3043 640 3235 705 vestri
3288 659 3497 706 coram
3553 639 3723 705 vobis
3760 640 3993 724 qladio.
4085 641 4143 707 9.
4206 641 4459 710 Vertam

2508 724 2677 789 enim
2718 743 2817 790 me
2859 724 2945 790 ad
2984 745 3109 798 vos,
3176 731 3232 792 et
3272 745 3534 791 crescere
3574 724 3815 808 faciam
3857 747 3982 805 vos,
4028 732 4212 811 atque
4252 729 4462 797 multi-

2497 809 2748 893 plicabo
2811 830 2919 877 vos
2943 862 2958 888 ‚
3031 810 3465 894 stabiliamque
3532 817 3794 893 pactum
3857 833 4063 880 meum
4125 814 4454 883 vobiscum.

2514 895 2612 961 10.
2672 894 2762 961 Et
2811 896 3135 963 comedetis
3187 901 3359 963 vetus
3400 897 3823 977 inveteratum,
3890 904 3946 964 et
3983 905 4159 966 vetus
4196 908 4459 984 propter

2506 1002 2737 1047 novum
2763 982 3049 1050 educetis.
3118 982 3220 1049 11.
3257 981 3347 1048 Et
3373 1004 3612 1065 ponam
3654 983 4119 1052 tabernaciolum
4153 988 4223 1051 in
4254 988 4457 1055 medio

2507 1067 2713 1146 mm,
2759 1088 2953 1150 neque
2993 1068 3457 1135 abominabitur
3495 1090 3602 1136 vos
3644 1071 3862 1137 anima
3903 1093 4057 1138 mea.
4152 1073 4252 1139 12.
4299 1075 4456 1138 Am-

2509 1152 2732 1219 bulabo
2777 1158 2983 1220 autem
3016 1155 3084 1220 in
3127 1155 3328 1221 medio
3375 1157 3584 1236 vestri,
3648 1176 3865 1238 eroque
3905 1158 4075 1225 vobis
4117 1159 4188 1225 in
4230 1159 4456 1241 Dm,

2507 1242 2566 1305 et
2605 1259 2716 1306 vos
2759 1241 2940 1306 eritis
2980 1239 3143 1307 mihi
3184 1243 3256 1308 in
3290 1242 3617 1324 populum.
3690 1242 3790 1309 13.
3839 1242 3975 1328 Eyo
4021 1243 4252 1311 Iehova
4274 1245 4457 1312 Deus

2507 1329 2707 1390 vester
2738 1327 2850 1408 qui
2891 1326 3086 1392 eduxi
3119 1348 3231 1394 vos
3271 1329 3347 1394 de
3387 1332 3557 1393 terra
3593 1327 3882 1412 Aeqypti,
3941 1350 4020 1395 ne
4061 1333 4277 1397 essetis
4318 1332 4457 1399 illis

2504 1412 2705 1563 ³332
2738 1416 2803 1581 ²et
2837 1413 3108 1512 confreqi
3149 1414 3287 1481 lora
3341 1414 3480 1498 iuqi
3523 1415 3717 1480 vestri
3760 1421 3818 1480 et
3879 1416 4152 1483 incedere
4188 1418 4312 1499 feci
4347 1438 4456 1485 vos

2506 1517 2575 1562 er
2769 1519 2920 1565 acie.

2762 1838 3285 1907 REPETITIO.
3375 1841 3507 1908 EX
3548 1841 3820 1910 DEUT.
3867 1842 4206 1911 XXVIII.

2684 2010 2741 2077 1.
2789 2010 2877 2078 Et
2917 2013 3066 2093 erit,
3120 2014 3180 2079 si
3234 2013 3544 2080 audiendo
3598 2015 3884 2081 audieris
3938 2036 4143 2084 vocem
4188 2016 4457 2086 Iehovae

2508 2097 2642 2165 Dei
2674 2097 2799 2177 tui,
2851 2103 2924 2164 ut
2977 2099 3292 2165 custodias
3347 2100 3435 2165 ad
3472 2099 3831 2182 faciendum
3874 2104 4085 2168 omnia
4114 2111 4457 2188 praecepta

2510 2355 2572 2422 2.
2618 2354 2710 2421 Et
2739 2356 2977 2422 venient
3006 2377 3196 2439 super
3227 2362 3284 2422 te
3319 2377 3527 2423 omnes
3558 2294 3999 2424 benedictionis
4037 2360 4200 2427 istae
4233 2327 4455 2444 affl

2511 2442 2888 2525 hendentque
2928 2447 3001 2521 te,
3044 2444 3107 2508 si
3146 2443 3325 2509 modo
3365 2442 3663 2509 obedieris
3703 2446 3836 2510 voci
3879 2444 4141 2512 Iehovae
4174 2446 4305 2514 Dei
4338 2449 4450 2515 tui.

2512 2527 2573 2594 3.
2620 2527 3001 2593 Benedictus
3042 2528 3170 2595 eris
3210 2528 3276 2593 in
3319 2528 3469 2594 urbe
3507 2530 3670 2613 ipsa,
3737 2535 3793 2595 et
3833 2530 4178 2599 benedictus
4214 2534 4343 2599 eris
4384 2535 4455 2601 in

2510 2633 2682 2698 aqro.
2785 2612 2846 2679 4.
2904 2613 3279 2681 Benedictus
3328 2615 3574 2696 fructus
3628 2617 3864 2681 ventris
3917 2618 4042 2698 tui,
4102 2624 4158 2684 et
4208 2619 4456 2701 fructus

2509 2705 2715 2765 terrae
2745 2703 2908 2779 tuae,
2952 2705 3007 2801 et
3037 2699 3286 2782 fructus
3316 2701 3577 2767 iumenti
3610 2703 3722 2780 tui,
3754 2703 3960 2783 foetus
3993 2703 4174 2769 boum
4205 2710 4455 2772 tuorum

2509 2791 2839 2945 ἕίαῗῗθθᾶ
2881 2792 3426 2956 mmm·
3498 2785 3588 2938 ἒ·
3609 2786 4454 2945 ΒἭὼῗἈσ-ἒᾜᾞ

2511 2957 3320 3110 ῗρνῶοῖεεκὴοέῶόἶηεάἰάαξ
3358 2959 3486 3058 eris
3521 2959 3593 3025 in
3636 2979 3890 3060 eynessu·
3922 2965 4049 3026 tuo.
4153 2963 4212 3028 7.
4256 2961 4458 3031 Dabit

2508 3065 2743 3196 corama
2769 3133 2826 3194 te
2838 3180 2857 3228 ³.
2904 3150 3026 3211 per
3047 3064 3490 3229 ugiagubdam
3543 3050 3933 3215 eqredi'dtnttqie
3973 3052 4071 3200 ded,
4101 3069 4456 3218 geraus&

2507 3219 2738 3297 septem
2744 3236 2956 3368 bgntgg
2985 3215 3229 3315 fument
3282 3237 3492 3367 ‚⁶⁰r‘2m
3549 3223 3622 3283 te.
3696 3216 3795 3368 t8'·
3832 3216 4169 3369 Mztndabit
4225 3220 4457 3373 let-⁸023

2508 3387 2673 3469 quod
2713 3387 2970 3454 miseris
3009 3323 3644 3455 manminmgrreg
3660 3323 3848 3456 beneduw
3842 3354 3964 3455 ’icet
4003 3326 4120 3456 tibti
4160 3325 4455 3460 aentbrra

2509 3493 2702 3556 quam
2726 3472 2956 3540 Iehova
2977 3472 3160 3543 Deus
3199 3478 3346 3540 tuus
3387 3474 3497 3540 dat
3539 3474 3670 3540 tibi.
3760 3474 3818 3541 9.
3861 3475 4099 3542 Statuet
4130 3483 4187 3543 te
4221 3479 4455 3546 Iebova

2507 3558 2634 3624 sibi
2675 3559 2743 3623 in
2776 3559 3085 3642 populum
3122 3565 3425 3641 sanctum,
3468 3561 3982 3643 quemadmodum
4024 3564 4264 3630 iuravit
4318 3564 4451 3646 tibi,

2507 3665 2709 3743 quum
2742 3646 3113 3712 custodieris
3143 3651 3480 3731 praecepta
3514 3646 3776 3713 Iehovae
3813 3647 3939 3713 Dei
3978 3650 4092 3729 tui,
4136 3654 4193 3716 et
4233 3651 4455 3717 ambu-

2507 3731 2740 3796 laveris
2782 3751 2852 3797 tn
2886 3732 3013 3796 viis
3036 3733 3192 3798 eius.
3266 3732 3367 3798 10.
3420 3733 3597 3798 Tunc
3629 3733 3970 3818 intelliyent
4000 3755 4208 3801 omnes
4229 3736 4454 3820 populi

2509 3817 2676 3899 quod
2716 3836 2938 3883 nomen
2982 3816 3244 3883 Iehovae
3285 3819 3635 3884 invocatum
3674 3821 3761 3885 sit
3798 3841 3989 3901 super
4042 3827 4115 3901 te,
4174 3826 4231 3887 et
4282 3824 4455 3888 time-

2509 3903 2656 3967 bunt
2698 3902 2822 3968 sibi
2864 3925 2907 3970 a
2950 3908 3022 3968 te.
3115 3902 3214 3969 11.
3263 3903 3351 3969 Et
3392 3905 3716 3971 abundare
3753 3904 3943 3988 faciet
3982 3912 4039 3972 te
4099 3907 4327 3973 Iebova
4382 3910 4454 3975 in

2509 3988 2731 4054 bonum
2783 3989 2999 4070 fructu
3054 3991 3290 4055 ventris
3345 3993 3474 4069 tui,
3539 3996 3599 4057 et
3648 3993 3860 4073 fructu
3901 3993 4165 4059 iumenti
4206 3995 4334 4071 tui,
4398 3999 4458 4060 et

2504 4077 2719 4157 fructu
2760 4079 2963 4140 terrae
3002 4079 3162 4155 tuae,
3205 4095 3398 4160 super
3441 4083 3668 4143 terram
3709 4098 3900 4160 quam
3933 4079 4175 4145 iuravit
4218 4079 4453 4146 Iebova

2496 4160 2795 4244 patribus
2847 4162 2977 4227 tuis
3029 4181 3095 4226 se
3145 4162 3449 4229 daturum
3502 4163 3631 4228 tibi.
3739 4164 3838 4229 12.
3897 4166 4158 4247 Aperiet
4221 4164 4453 4232 Iehova

2506 4246 2622 4312 tibi
2654 4246 3014 4313 thesaurum
3047 4267 3233 4312 suum
3268 4250 3584 4331 optimum,
3627 4249 3877 4327 coelum,
3922 4256 3994 4316 ut
4032 4252 4135 4317 det
4163 4251 4453 4335 pluviam

2507 4339 2711 4399 terrae
2752 4338 2898 4399 tuae
2952 4334 3022 4398 in
3076 4338 3345 4416 tempore
3398 4356 3540 4416 suo,
3595 4340 3652 4402 et
3692 4334 4002 4403 benedicat
4058 4340 4226 4403 omni
4278 4338 4452 4423 operi

2507 4439 2735 4519 manus
2775 4424 2937 4500 tuae,
2983 4425 3042 4485 et
3082 4420 3399 4486 miduabis
3436 4422 3718 4505 yentibus
3759 4422 3994 4502 multis,
4037 4426 4106 4487 tu
4147 4443 4288 4522 pero
4329 4444 4454 4489 non

2506 4524 2776 4658 gimnbpaes
2792 4511 3192 4671 ι’ΐίῗὲιΐέιῶπ,
3208 4506 3484 4675 lingue
3526 4513 3835 4660 domat
3842 4507 4206 4675 {mmm
4217 4515 4454 4661 dcam

2506 4678 2828 4744 deorsum:
2870 4679 3139 4778 quando·
3159 4678 3461 4778 obedieris
3491 4682 3847 4764 praeceptis
3881 4680 4144 4746 Iehovae
4167 4681 4294 4748 Dei
4336 4683 4456 4761 tui,-

2504 4785 2664 4846 quae
2706 4784 2813 4847 eqo
2844 4784 3174 4846 praecipio
3229 4765 3345 4830 tibi
3400 4764 3580 4832 hodie
3641 4773 3713 4833 ut
3752 4767 4063 4832 custodias
4105 4773 4160 4833 et
4206 4767 4451 4850 facias.-

2509 4849 2608 4914 14.
2660 4849 2876 4933 Neque
2917 4851 3240 4917 recesseris
3273 4850 3352 4917 ab
3387 4853 3672 4918 omnibus
3704 4854 3905 4918 verbis
3937 4874 4098 4935 quae
4129 4875 4236 4938 eqo
4257 4874 4451 4936 prae-

2502 4937 2665 5018 cipio
2709 4936 2879 5002 vobis
2918 4935 3114 5016 hodie,
3159 4937 3246 5001 ad
3280 4939 3571 5004 dextram
3604 4944 3720 5003 aut
3751 4938 3838 5003 ad
3871 4939 4215 5019 sinistram,
4253 4941 4450 5005 eundo

2490 5027 2639 5105 post
2678 5023 2825 5089 deos
2867 5022 3105 5089 alienos
3145 5028 3215 5088 ut
3254 5023 3474 5090 colatis
3507 5043 3627 5090 eos.

2678 5194 2892 5261 Levit.
2938 5195 3042 5273 26,
3087 5195 3148 5261 3.
3243 5195 3319 5261 Si
3359 5197 3430 5261 in
3470 5194 3729 5261 decretis
3770 5195 3941 5260 meis.
4043 5195 4235 5262 Nunc
4278 5205 4449 5263 trac-

2501 5280 2684 5346 tandi
2741 5290 2895 5346 sunt
2954 5282 3139 5347 nobis
3198 5281 3330 5347 duo
3383 5281 3679 5365 insignes
3736 5281 3889 5359 loci,
3957 5280 4026 5344 in
4087 5281 4318 5364 quibus
4364 5307 4448 5349 ex

2500 5369 2794 5452 professo
2850 5366 3137 5446 disserit,
3198 5389 3394 5452 quam
3451 5365 3816 5433 mercedem
3859 5387 4123 5451 sperare
4169 5367 4448 5436 debeant
