5017 6142
419 466 545 538 537

595 660 652 726 1.
705 657 1087 744 Gonyreqata
1128 661 1218 724 est
1261 661 1484 726 aedem.
1575 658 1709 724 Hic
1766 657 2052 725 refertur
2094 658 2368 726 celebris

421 753 784 816 conventus
836 744 1099 811 habitus
1140 744 1214 810 in
1260 742 1399 812 Silo
1416 793 1433 824 ,
1496 745 1606 812 ubi
1648 743 2079 812 deliberatum
2121 746 2246 813 fuit
2288 743 2369 811 de

421 831 734 901 iaciendis
777 831 1047 915 reliquis
1080 830 1384 898 sortibus.
1451 831 1621 898 Nam
1664 833 1786 897 etsi
1832 832 1937 915 pio
1980 830 2197 896 studio
2231 851 2371 897 sor·

421 921 718 987 titionem
773 917 1067 1003 aggressi
1130 925 1337 998 erant,
1400 917 1616 984 fuerat
1669 924 1890 982 tamen
1947 917 2116 983 actio
2171 919 2372 982 inter·

419 1015 649 1089 rupta:
693 1023 770 1071 ac
813 1005 868 1070 si
911 1003 1186 1070 victoria
1229 1003 1614 1086 praecedere
1654 1001 1922 1069 deberet
1964 1000 2370 1069 distributio·

417 1111 592 1171 nem,
649 1110 816 1191 quae
871 1087 1199 1173 pendebat
1256 1110 1297 1154 a
1348 1090 1486 1156 solo
1541 1108 1655 1157 ore
1708 1088 1854 1156 Dei.
1943 1088 2373 1155 Conveniunt

418 1178 625 1263 igitur
665 1196 737 1241 1n
778 1173 953 1254 Silo,
1020 1182 1097 1241 ut
1138 1174 1491 1242 decernant
1531 1174 1686 1259 quid
1732 1174 1908 1241 factu
1950 1195 2114 1258 opus
2156 1176 2244 1239 sit
2297 1175 2371 1239 in

416 1265 715 1330 futurum
744 1269 1030 1345 tempus.
1075 1260 1140 1327 N
1141 1281 1216 1327 ee
1243 1281 1406 1327 vero
1442 1259 1714 1329 dubium
1752 1268 1873 1339 est,
1915 1260 2076 1345 quin
2111 1268 2370 1326 coetum

418 1350 600 1417 hunc
646 1348 840 1414 Iosue
896 1345 1242 1428 indixerit,
1295 1355 1370 1412 ut
1424 1347 1759 1449 pigritiam
1815 1346 1948 1413 illis
2011 1353 2368 1413 excuteret.

416 1435 647 1520 Neque
706 1432 882 1500 enim
941 1433 1067 1518 ipsi
1126 1440 1359 1516 sponte
1416 1433 1773 1518 quidquam
1816 1432 2193 1516 proferunt,
2253 1430 2368 1498 sed

414 1520 499 1587 ab
541 1519 995 1605 obiurgatione
1037 1518 1285 1602 incipit,
1327 1518 1499 1602 quod
1541 1539 1777 1604 segnes
1821 1540 1897 1586 ac
1940 1518 2193 1585 remissi
2236 1517 2372 1585 sint

416 1609 488 1674 in
533 1604 835 1674 adeunda
876 1625 1073 1690 quam
1116 1602 1301 1670 Deus
1344 1604 1505 1690 ipsis
1562 1604 1844 1690 largitus
1887 1605 2098 1670 fuerat
2140 1603 2370 1670 haere-

418 1692 640 1759 ditate.
712 1690 1040 1776 Colligere
1080 1690 1302 1774 itaque
1345 1712 1430 1757 ex
1473 1691 1612 1757 eius
1655 1710 1957 1758 sermone
1992 1697 2369 1774 promptum

416 1790 548 1859 est,
619 1777 819 1863 plena
890 1776 1156 1861 quidem
1225 1776 1585 1844 alacritatis
1633 1777 1834 1844 fuisse
1888 1775 2188 1843 exordia:
2253 1776 2369 1842 sed

414 1865 670 1931 nullam
727 1863 930 1930 fuisse
983 1864 1558 1947 perseverantiam.
1660 1862 1751 1929 Et
1809 1870 2031 1929 tamen
2095 1861 2371 1946 spiritus

415 1950 631 2018 sancti
675 1949 885 2034 elogio
927 1957 1160 2014 ornata
1200 1948 1327 2014 fuit
1366 1948 1483 2014 illa
1524 1947 1909 2028 obedientia,
1961 1969 2131 2032 quae
2173 1947 2369 2031 paulo

536 2047 565 2101 t
615 2035 929 2120 elanguit.
1017 2035 1119 2100 Ac
1174 2034 1538 2100 notandum
1595 2042 1698 2102 est
1712 2085 1727 2113 ,
1788 2033 2104 2119 populum
2147 2054 2368 2117 repre-

464 2119 646 2204 endi,
702 2141 839 2187 non
882 2119 1053 2205 qnod
1097 2119 1320 2186 sortiri
1363 2120 1688 2206 negligat:
1748 2118 1863 2187 sed
1919 2119 2090 2205 quod
2133 2119 2368 2186 haere·

411 2206 685 2274 ditatem
752 2227 883 2273 non
949 2213 1220 2288 occupet
1284 2206 1609 2273 divinitus
1672 2206 1798 2273 sibi
1857 2204 2166 2272 oblatam.
2276 2205 2368 2270 Et

409 2301 593 2362 certe
637 2302 714 2360 ut
761 2291 1022 2379 signum
1081 2291 1356 2357 fiduciae
1399 2301 1542 2359 erat
1584 2291 1877 2372 sortitio,
1902 2293 1998 2357 ita
2084 2311 2367 2358 uaeeun-

409 2401 540 2465 que
596 2377 876 2464 singulis
930 2377 1255 2462 obtigerat
1296 2379 1509 2463 regio,
1569 2386 1823 2444 certum
1880 2386 1949 2443 et
1988 2313 2183 2443 fidele
2224 2383 2370 2442 erat

408 2466 656 2550 pignus
697 2466 957 2531 futurae
997 2463 1459 2547 possessionis:
1505 2464 1658 2548 quia
1685 2465 1871 2531 Deus
1912 2484 2099 2530 suam
2134 2464 2367 2546 cuique

408 2561 668 2637 partem
735 2548 1127 2635 assignando
1198 2550 1469 2616 minime
1512 2548 1796 2616 ludebat.
1884 2548 2183 2616 Verbum
2227 2561 2364 2618 nm

409 2636 587 2723 quod
650 2635 959 2704 transtuli
1025 2655 1278 2702 cessare
1291 2682 1306 2710 ‚
1372 2635 1704 2721 significat
1756 2636 1957 2703 etiam
2012 2635 2361 2702 remissum

408 2743 586 2802 esse,
646 2723 752 2789 vel
808 2720 1106 2788 debilem.
1195 2722 1436 2806 Turpis
1474 2742 1631 2807 ergo
1674 2721 2006 2788 socordiae
2048 2740 2159 2787 eos
2199 2721 2361 2787 insi-

406 2808 628 2875 mulat
651 2860 667 2888 ,
757 2806 929 2892 quod
1044 2827 1204 2873 uum
1270 2816 1602 2874 maturum
1677 2807 2023 2875 advenerit
2101 2813 2361 2890 tempus

406 2896 633 2961 hostes
736 2893 1012 2979 rofligan
1059 2893 1116 2973 i,
1175 2893 1543 2961 cunctando
1588 2901 1929 2960 morentur
1968 2914 2045 2960 ae
2088 2913 2362 2977 suspen-

406 2981 573 3048 dant
637 3002 674 3046 e
726 2989 940 3046 ectum
1002 2978 1299 3045 beneficii
1353 2978 1501 3047 Dei.
1591 2978 1762 3046 Nam
1829 2980 1888 3046 si
1948 2977 2129 3045 nuda
2184 2985 2361 3045 sorte

405 3066 701 3134 contenti
736 3064 904 3150 quod
939 3065 1266 3149 obtigerat
1297 3064 1429 3133 fide
1462 3066 1751 3149 amplexi
1798 3073 2038 3144 essent,
2073 3064 2361 3150 prompti

407 3151 591 3219 haud
636 3151 833 3218 dubie
876 3158 943 3216 et
984 3151 1275 3236 expediti
1322 3151 1601 3218 fuissent
1646 3150 1730 3217 ad
1773 3150 2182 3217 bellandum:
2225 3150 2361 3217 imo

407 3240 598 3325 quasi
644 3237 923 3306 victores
967 3236 1050 3302 ad
1095 3236 1507 3321 triumphum
1595 3244 2025 3322 reparassent.
2098 3235 2361 3303 Dicitur

406 3333 630 3392 autem
689 3344 841 3391 area
891 3323 1103 3406 posita
1155 3322 1357 3390 fuisse
1410 3324 1479 3389 in
1591 3323 1681 3390 ilo
1699 3374 1715 3403 ,
1774 3344 1908 3390 non
1962 3329 2223 3389 tantum
2284 3328 2359 3389 ut

406 3410 832 3489 consultatio,
891 3409 1079 3492 quasi
1121 3408 1194 3474 in
1245 3409 1373 3476 Dei
1431 3417 1801 3494 conspeetu,
1858 3408 2147 3475 sanctior
2187 3412 2387 3474 esset'

404 3517 483 3565 ac
526 3496 819 3582 gravior:
868 3494 982 3561 sed
1069 3494 1182 3560 uia
1225 3495 1404 3562 locus
1436 3505 1580 3562 erat
1618 3504 1909 3580 pacatus,
1953 3502 2021 3561 et
2061 3493 2143 3560 ab
2177 3493 2360 3560 omni

404 3583 477 3650 vi
535 3590 808 3649 externa
861 3588 930 3648 et
985 3580 1229 3647 iniuria
1279 3582 1503 3648 tutior.
1593 3581 1679 3647 In
1721 3580 1954 3665 primis
1996 3582 2171 3646 enim
2215 3599 2360 3646 esse

405 3689 604 3737 curae
667 3667 920 3747 debuit,
985 3688 1072 3732 ne
1137 3665 1221 3732 ad
1285 3668 1659 3751 repentinos
1722 3667 2006 3734 insultus
2063 3665 2359 3750 exposita

403 3762 599 3821 esset.
689 3752 1013 3837 Quamvis
1056 3753 1234 3818 enim
1273 3752 1355 3819 ad
1396 3752 1873 3838 propulsandos
1907 3750 2195 3818 hostium
2234 3752 2357 3817 im-

403 3850 601 3925 petus
644 3838 928 3922 undique
970 3859 1207 3905 manus
1250 3839 1379 3905 Dei
1423 3847 1599 3906 esset
1639 3846 1939 3906 extenta:
1997 3840 2092 3904 sic
2135 3848 2356 3904 tamen

403 3928 580 3993 inter
623 3926 797 4010 ipsos
842 3924 1165 3992 habitavit
1186 3925 1391 4005 Deus,
1436 3935 1509 3991 ut
1551 3932 1773 3992 essent
1813 3923 2022 3992 veluti
2057 3923 2359 3991 custodes

406 4033 484 4080 ac
524 4011 857 4079 satellites.
949 4010 1298 4078 Caeterum
1347 4011 1648 4095 quamvis
1705 4030 1894 4077 areae
1948 4017 2111 4075 tunc
2152 4010 2361 4077 electa

404 4098 606 4165 fuerit
649 4099 874 4165 statio:
917 4118 1051 4164 non
1096 4106 1317 4163 tamen
1359 4106 1750 4183 perpetuum
1785 4097 1911 4162 fuit
1940 4095 2358 4177 domicilium,

405 4183 522 4252 sed
565 4183 925 4267 temporale
967 4183 1325 4267 hospitium
1374 4182 1712 4250 duntaxat.
1799 4182 2029 4267 Neque
2073 4183 2249 4249 enim
2286 4182 2357 4247 in

407 4270 676 4338 arbitrio
732 4269 840 4335 vel
895 4270 1227 4354 suffragiis
1293 4267 1520 4355 populi
1576 4268 1706 4335 fuit
1758 4269 1904 4334 Deo
1963 4267 2184 4335 sedem
2243 4267 2405 4339 ubi.

407 4355 726 4423 resideret
788 4356 1181 4440 praefigere:
1261 4355 1376 4421 sed
1442 4355 1811 4439 exspectari
1883 4353 2111 4420 debuit
2185 4352 2358 4438 quod

407 4442 653 4527 passim
696 4442 981 4508 occurrit
1023 4441 1094 4506 in
1138 4441 1199 4507 le
1247 4463 1301 4520 e,
1353 4451 1428 4507 ut
1471 4440 1709 4508 alicubi
1752 4447 2068 4506 statueret
2112 4459 2355 4506 memo-

408 4529 577 4595 riam
634 4527 921 4593 nominis
979 4528 1101 4593 sui.

452 4634 611 4680 uum
653 4613 901 4697 templo
946 4612 1203 4678 dicatus
1247 4613 1370 4680 fuit
1404 4633 1595 4680 mons
1634 4611 1813 4680 Sion.
1902 4611 2056 4693 Qua
2098 4611 2358 4678 ratione

409 4634 651 4766 dieitur
694 4698 769 4763 in
808 4699 1076 4765 Psalmo
1124 4697 1265 4778 122,
1310 4699 1379 4764 2:
1473 4697 1723 4766 Stando
1766 4698 2126 4764 manebunt
2160 4696 2357 4781 pedes

410 4785 616 4852 nostri
660 4785 733 4850 in
773 4785 962 4850 atriis
1005 4785 1135 4851 tuis
1156 4783 1551 4851 Ierusalem:
1596 4783 1832 4870 quibus
1879 4784 2097 4851 verbis
2137 4783 2359 4850 innui-

408 4881 547 4951 tur,
611 4890 829 4938 aream
898 4870 979 4936 ad
1044 4869 1211 4935 illud
1276 4891 1486 4955 usque
1551 4879 1812 4953 tempus
1873 4870 2358 4956 peregrinatam

406 4957 633 5023 fuisse.
704 4957 956 5023 Verum
1000 4956 1193 5022 ruina
1234 4964 1304 5022 et
1335 4956 1609 5023 vastitas
1647 4954 1785 5023 Silo
1820 4955 2085 5022 tandem
2121 4955 2360 5037 docuit,

409 5043 593 5109 nulla
635 5043 1042 5126 praestantia
1085 5041 1187 5110 vel
1226 5042 1287 5108 d·
1391 5042 1546 5108 ‘tate
1590 5040 1906 5108 adversus
1943 5041 2071 5108 Dei
2104 5040 2361 5108 vindic-

408 5137 547 5194 tam
601 5129 885 5213 protegi,
944 5130 1058 5212 qui
1112 5128 1252 5195 eins
1390 5129 1621 5195 neficia
1664 5128 2046 5213 corrumpit.
2133 5127 2362 5212 Usque

408 5214 491 5280 ad
535 5222 812 5281 mortem
857 5213 1013 5281 Heli
1075 5235 1306 5298 passus
1370 5223 1472 5281 est
1514 5215 1698 5281 Deus
1752 5213 1890 5280 illic
1931 5214 2057 5281 coli
2099 5233 2360 5280 sacrum

408 5321 601 5367 suum
665 5320 936 5366 nomen:
1005 5299 1120 5366 sed
1189 5322 1390 5385 quum
1448 5307 1585 5367 tota
1640 5299 1873 5451 religio
1946 5298 2361 5366 sacerdotum

1810 5408 1832 5451 1

406 5387 741 5470 impietate
777 5385 1053 5467 foedata,
1090 5394 1157 5453 et
1190 5386 1410 5472 populi
1446 5386 1765 5472 ingratitu
1835 5406 1918 5452 ne
1952 5386 2087 5452 fere
2121 5383 2362 5452 abolita

1483 468 2228 540 COMMENTARIUS
2274 469 2372 537 IN
2417 468 2697 538 IOSUE
2745 470 3046 540 CAPUT
3087 471 3353 540 XVIII.

1265 4525 1394 4593 uod
1450 4526 1717 4595 tandem
1783 4525 2147 4592 exhibitum
2213 4513 2389 4606 faits

4292 476 4419 543 538

2472 666 2675 761 esset,
2727 659 2908 761 loeus
2964 659 3077 726 ille
3135 661 3527 730 formidabili
3592 684 3838 748 poenae
3883 664 4272 764 documento
4314 667 4416 732 in-

2471 766 2678 897 :25:33
2694 746 4417 920 ‚2²31“tgssfflffisszqssss,22233'133233323331

2472 915 2571 983 los
2650 914 2936 1003 dirigere
3015 917 3097 983 ad
3176 919 3340 985 illud
3405 921 3801 1005 exemplum.
3909 923 4110 1005 Eece,
4185 924 4416 1009 inquit,

2472 1003 2969 1070 tabernaculum
3006 1004 3134 1070 Dei
3175 1013 3327 1071 ante
3369 1006 3438 1071 in
3478 1004 3616 1074 Silo
3659 1008 3784 1074 fuit
3817 1029 4011 1092 quam
4047 1009 4223 1094 apud
4266 1030 4413 1077 vos:

2473 1110 2651 1156 nunc
2687 1089 2923 1157 videtis
2980 1090 3047 1156 in
3107 1100 3416 1174 quantam
3473 1092 3497 1157 i
3593 1095 3903 1160 ominiam
3961 1116 4278 1164 conversa
4334 1096 4421 1162 sit

2473 1176 2745 1259 antiqua
2831 1175 2998 1242 loria
3039 1174 3302 1262 (Ierem.
3351 1178 3409 1258 7,
3458 1179 3493 1243 1
3541 1178 3586 1267 ).

2642 1260 2703 1327 4.
2809 1262 3013 1329 radice
3053 1283 3130 1327 av
3169 1262 3356 1329 vobis.
3444 1264 3590 1331 Iam
3678 1266 3861 1352 lagas
3904 1265 4052 1332 illas
4094 1266 4418 1334 lustrave-

2474 1353 2631 1411 rant
2683 1345 2888 1414 Caleb
2946 1356 3013 1414 et
3056 1347 3284 1428 Iosue‚
3341 1358 3408 1416 et
3462 1371 3634 1434 popu
3661 1373 3740 1418 us
3781 1350 4171 1420 sciscitando
4212 1353 4421 1419 multa

2473 1440 2900 1517 cognoverat:
2966 1434 3114 1499 vult
3166 1442 3389 1501 tamen
3448 1436 3646 1503 Iosue
3701 1439 3889 1521 quasi
3950 1459 4036 1505 ex
4093 1438 4422 1523 praesenti

2472 1525 2739 1602 aspectu
2784 1526 3026 1585 terram
3073 1519 3405 1587 distribui:
3474 1531 3541 1589 et
3583 1531 3805 1590 ternos
3846 1524 4286 1608 speculatores
4325 1526 4422 1590 iu-

2473 1604 2586 1670 bet
2638 1603 2792 1690 eligi
2851 1626 2967 1689 pro
3023 1625 3280 1691 quaque
3332 1616 3584 1708 septem
3644 1609 3964 1689 tribuum,
4034 1621 4112 1677 ut
4162 1610 4237 1675 in
4304 1631 4417 1676 ore

2473 1688 2757 1756 duorum
2837 1689 2947 1757 vel
3026 1692 3230 1758 trium
3304 1693 3572 1760 fimatur
3658 1695 3873 1761 omnis
3959 1695 4420 1764 controversia.

2470 1774 2729 1842 Verum
2795 1776 2961 1842 nihil
3024 1778 3244 1844 minus
3309 1789 3818 1847 consentaneum
3884 1783 4161 1865 videt-ur,
4224 1801 4421 1866 quam

2469 1882 2682 1928 unum
2755 1872 2822 1927 et
2876 1862 3119 1947 viginti
3172 1863 3475 1931 homines
3534 1867 3798 1934 mittere
3853 1870 3968 1953 qui
4029 1889 4160 1934 non
4225 1866 4421 1933 modo

2468 1958 2650 2014 recta
2691 1968 2812 2031 per
2855 1947 3162 2015 hostilem
3198 1960 3442 2016 terram
3478 1952 3827 2032 traiiciant,
3871 1954 3986 2020 sed
4020 1954 4421 2022 circumeant

2467 2054 2589 2182 per
2644 2034 2865 2100 varios
2920 2042 2989 2100 et
3040 2034 3335 2121 obliquos
3377 2037 3607 2117 flexus,
3664 2060 3750 2105 ne
3793 2041 3937 2124 quis
3980 2040 4265 2124 angulus
4309 2059 4420 2106 eos

2494 2127 2691 2199 ateat,
2736 2128 3096 2204 supputent
3136 2121 3615 2207 longitudinem
3659 2134 3724 2189 et
3767 2125 4198 2205 latitudinem,
4238 2125 4419 2191 inae-

2469 2205 2697 2288 quales
2756 2206 2956 2272 etiam
3013 2214 3261 2274 tractus
3316 2208 3747 2276 considerent.
3835 2211 4009 2278 Nam
4064 2232 4420 2295 quemcun-

2467 2311 2595 2375 que
2637 2289 2965 2357 habebant
3007 2291 3273 2359 obvium
3290 2345 3307 2373 ,
3361 2294 3552 2362 facile
3608 2297 3925 2380 suspicari
3983 2306 4241 2381 poterat
4282 2296 4422 2380 qui-

2468 2397 2625 2443 nam
2669 2387 2907 2458 essent,
2951 2385 3018 2443 et
3052 2399 3182 2462 qua
3204 2378 3286 2446 de
3322 2398 3519 2447 causa
3553 2380 3685 2448 illis
3719 2383 4016 2450 iniuncta
4050 2392 4221 2449 esset
4253 2382 4418 2449 haec

2467 2463 2814 2547 expeditio.
2902 2461 3207 2548 Denique
3259 2464 3425 2533 liber
3468 2488 3598 2533 non
3643 2468 3905 2550 patebat
3944 2467 4223 2549 reditus,
4288 2468 4418 2535 nisi

2466 2569 2586 2632 per
2627 2548 2811 2614 mille
2853 2557 3117 2617 mortes.
3205 2549 3345 2618 Nee
3377 2572 3537 2619 vero
3579 2552 3679 2618 illi
3718 2574 3909 2621 caeco
3952 2561 4020 2620 et
4060 2552 4256 2620 bruto
4289 2554 4416 2619 im-

2464 2641 2626 2718 petu
2668 2634 3025 2702 subiissent
3082 2643 3343 2702 tantum
3386 2636 3732 2705 discrimen
3749 2691 3768 2721 ,
3830 2661 3953 2707 nee
3994 2638 4188 2706 Iosue
4227 2649 4418 2706 autor

2464 2720 2601 2786 illis
2635 2720 2867 2788 fuisset
2883 2720 3219 2787 manifesti
3253 2723 3540 2807 periculi,
3579 2725 3703 2792 nisi
3739 2726 3893 2811 quia
3915 2726 4174 2809 experti
4207 2731 4417 2803 erant,

2465 2813 2699 2890 gentes
2755 2806 2903 2873 illas
2960 2826 3188 2875 omnes
3244 2809 3507 2877 coelesti
3565 2831 3811 2895 pavore
3854 2811 4195 2891 attonitas,
4250 2809 4420 2877 nihil

2465 2893 2678 2977 magis
2731 2898 2959 2977 optare
3017 2914 3212 2978 quam
3266 2914 3511 2980 pacem.
3600 2897 3750 2964 Etsi
3793 2898 3968 2964 enim
4012 2897 4167 2964 filiis
4207 2895 4420 2963 Israel

2464 2978 2689 3044 infesti
2732 2990 2941 3058 erant,
2985 2985 3085 3046 tot
3127 2981 3458 3066 stragibus
3502 2981 3774 3064 subacti,
3819 2983 4098 3069 digitum
4135 3002 4271 3048 non
4305 3003 4420 3048 au·

2464 3063 2708 3130 debant
2777 3084 3068 3132 movere:
3148 3066 3243 3132 ita
3306 3088 3533 3135 secure
3596 3068 4043 3154 exploratores
4099 3076 4416 3153 tanquam

2461 3171 2583 3234 per
2645 3151 2980 3234 regionem
3046 3160 3345 3236 pacatam
3410 3155 3740 3240 progressi
3803 3164 3990 3235 sunt,
4056 3154 4162 3222 vel
4217 3174 4417 3239 nego·

2463 3236 2676 3302 tiandi
2742 3243 3107 3321 praetextu,
3175 3237 3279 3306 vel
3344 3239 3582 3305 saltem
3646 3249 3721 3305 ut
3783 3240 4039 3307 innoxii
4103 3241 4412 3324 hospites.

2461 3321 2647 3387 Fieri
2691 3323 2891 3388 etiam
2932 3332 3150 3407 potest
3207 3331 3285 3390 ut
3334 3325 3405 3390 in
3458 3325 3684 3410 plures
3725 3326 3990 3394 ordines
4033 3326 4246 3403 divisi,
4290 3328 4417 3391 iter

2462 3407 2781 3474 occultius
2824 3408 3115 3475 fecerint.
3206 3409 3481 3476 Certum
3518 3410 3778 3497 quidem
3815 3420 3935 3491 est,
3981 3434 4113 3480 non
4149 3410 4418 3478 aliunde

2462 3500 2719 3559 tantum
2763 3494 3121 3578 sumpsisse
3164 3495 3372 3562 animi
3415 3504 3484 3562 et
3523 3497 3819 3576 fiduciae,
3887 3499 4018 3565 nisi
4062 3497 4219 3582 quia
4259 3497 4418 3564 freti

2461 3578 2699 3645 umbra
2757 3579 3010 3646 alarum
3062 3579 3220 3659 Dei,
3278 3600 3504 3649 caecos
3555 3591 3623 3650 et
3679 3583 3977 3669 stupidos
4034 3605 4168 3651 non
4227 3584 4415 3650 time-

2459 3666 2640 3732 bant.
2727 3665 2908 3733 Hinc
2963 3679 3272 3752 prompta
3326 3689 3494 3752 quae
3537 3670 3647 3736 hic
3711 3668 4022 3736 laudatur
4076 3669 4414 3737 voluntas:

2460 3753 2615 3836 quia
2655 3751 2787 3818 nisi
2912 3754 3124 3819 rsuasi
3168 3753 3447 3820 fuissent
3486 3754 3805 3822 divinitus
3848 3756 4235 3824 constrictas
4269 3774 4417 3822 esse

2461 3837 2764 3923 gentium
2816 3837 2832 3852 ‘
2862 3839 3076 3903 larum
3128 3859 3398 3920 manus,
3458 3848 3601 3907 erat
3655 3841 3830 3908 iusta
3885 3850 3953 3909 et
3993 3842 4267 3909 honesta
4308 3862 4416 3908 re-

2461 3922 2711 3990 nuendi
2752 3924 3023 3990 occasio.

2633 4009 2695 4075 9.
2742 4008 3056 4076 Abit-mut
3092 4011 3309 4094 itaque
3348 4011 3497 4078 viri.
3586 4011 3718 4078 Hic
3771 4013 3907 4080 iam
3964 4035 4099 4081 non
4157 4022 4414 4079 tantum

2459 4094 2740 4179 parendi
2783 4094 3065 4163 facilitas
3107 4097 3622 4179 commendatur,
3666 4099 3734 4164 in
3781 4120 3909 4183 qua
3951 4099 4192 4166 enituit
4224 4118 4414 4183 prae-

2461 4181 2641 4248 clara
2683 4202 2912 4247 eorum
2960 4183 3198 4249 virtus:
3244 4183 3361 4249 sed
3402 4184 3683 4268 insignis
3726 4205 3980 4270 quoque
4023 4186 4152 4252 Dei
4194 4185 4414 4252 favor:

2460 4267 2632 4352 quod
2677 4266 3040 4334 incredibili
3086 4289 3393 4336 successu
3435 4269 3620 4354 pium
3663 4270 3858 4337 Iosue
3902 4281 3972 4337 et
4012 4270 4240 4355 populi
4274 4279 4415 4338 stu-

2461 4354 2643 4419 dium
2701 4352 3011 4438 dignatus
3069 4363 3185 4420 est.
3279 4353 3353 4423 Si
3419 4377 3536 4441 per
3579 4355 4040 4424 subterraneos
4074 4358 4414 4424 cuniculos

2461 4446 2866 4527 wtassent,
2922 4440 3040 4506 vix
3099 4440 3392 4526 effugere
3449 4449 3753 4527 poterant
3794 4443 4141 4510 innumera
4186 4442 4413 4509 discri-

2462 4527 2670 4590 mina:
2738 4547 2914 4593 nunc
2970 4546 3173 4610 quum
3232 4525 3459 4609 urbes,
3525 4549 3882 4614 earumque
3941 4529 4140 4609 situs,
4199 4549 4412 4614 agros,

2461 4611 2807 4696 regionum
2851 4612 3269 4693 varietatem,
3326 4633 3556 4681 omnes
3599 4634 3747 4680 oras
3790 4623 4143 4693 annotant,
4203 4614 4415 4680 nullo-

2461 4718 2588 4849 3⁰⁰
2651 4697 2827 4762 tristi
2890 4717 3164 4765 occursu
3233 4698 3513 4767 feliciter
3556 4699 3640 4766 ad
3682 4721 3838 4768 suos
3893 4700 4200 4778 redeunt,
4267 4699 4413 4785 quis

2509 4783 2720 4849 ubitet
2762 4781 3134 4851 admirabili
3178 4784 3306 4852 Dei
3447 4786 3653 4852 tentia
3709 4788 3924 4853 vitam
3968 4806 4195 4852 eorum
4238 4786 4413 4852 inter

2463 4868 2646 4935 mille
2687 4878 2935 4936 mortes
2975 4869 3178 4937 fuisse
3220 4871 3368 4938 inco
3394 4893 3613 4939 umem
3628 4872 3660 4936 ⁴?
3706 4872 4096 4956 Emphatice
4138 4892 4210 4936 er
4328 4870 4412 4938 ad

2462 4954 2922 5022 celebrandam
2987 4954 3116 5021 Dei
3182 4957 3460 5042 gratiam
3528 4957 3837 5025 dicuntur
3899 4957 4148 5024 reversi
4237 4958 4412 5024 uisse

2463 5041 2537 5105 in
2580 5050 2829 5122 castra3
2886 5041 3059 5126 quod
3115 5043 3503 5110 tantundem
3561 5044 3737 5110 valet
3788 5051 3985 5128 atque
4039 5043 4239 5110 fuisse
4282 5043 4412 5110 Dei

2466 5148 2665 5194 manu
2707 5127 3027 5210 reductos,
3071 5149 3196 5212 quo
3229 5128 3540 5196 libentius
3574 5129 3658 5195 ad
3692 5128 4098 5196 sortiendum
4132 5130 4412 5214 populus

2465 5211 2819 5294 descendit,
2864 5235 2987 5282 nec
3031 5213 3189 5281 dum
3234 5216 3410 5282 enim
3448 5213 3706 5281 fastidio
3749 5215 3915 5281 bene
3948 5216 4213 5300 purgati
4248 5216 4412 5283 fuis·

2465 5308 2613 5365 sent
2654 5301 2886 5381 animi,
2954 5301 3082 5368 nisi
3126 5300 3299 5385 quod
3353 5303 3425 5367 in
3469 5301 3582 5367 illa
3612 5300 4017 5383 profectione
4058 5302 4413 5369 cernebant

2464 5385 2915 5452 incredibilem
2972 5387 3101 5454 Dei
3156 5387 3469 5472 gratiam,
3538 5406 3703 5471 quae
3754 5385 3889 5452 illis
3952 5395 4264 5453 eventum
4327 5409 4413 5454 ex
