5017 6142
567 465 651 533 67
1987 460 2394 529 REDI'I'US
2438 460 2569 528 AD
2614 459 3160 529 HISTORIAM.
4485 459 4569 525 68

563 654 725 738 quia
766 653 1104 737 religionis
1148 652 1421 736 puritati
1466 652 1630 717 nihil
1675 653 1886 736 magis
1930 650 2283 718 advorsum
2323 671 2521 734 quam

566 748 819 805 temere
866 738 1112 824 aliquid
1157 748 1431 805 tentare.

1051 1079 1352 1148 EXODI
1395 1080 1592 1147 GAP.
1633 1077 2042 1145 XXXVIII.

749 1257 807 1321 1.
864 1254 1043 1321 Fecit
1098 1273 1335 1335 quoque
1389 1252 1586 1317 altare
1638 1250 1978 1316 holocausti
2022 1270 2055 1314 e
2097 1249 2290 1334 liquis
2329 1249 2529 1315 sittim

570 1345 848 1426 quinque
880 1341 1224 1407 cubitorum
1263 1339 1576 1423 lonqitudo
1612 1338 1767 1416 eius,
1803 1342 1858 1401 et
1878 1336 2151 1417 quinque
2184 1335 2529 1401 cubitorum

572 1429 833 1496 latitudo
874 1428 1029 1506 eius,
1073 1425 1486 1507 quadratum:
1528 1428 1586 1488 et
1624 1424 1821 1487 trium
1862 1421 2204 1488 cubitorum
2260 1422 2527 1487 altitudo

574 1516 730 1583 eius.
817 1514 879 1579 2.
946 1512 1034 1578 Et
1094 1510 1240 1593 fecit
1301 1530 1536 1577 cornua
1613 1509 1751 1574 eius
1812 1509 1883 1572 in
1946 1512 2214 1589 quatuor
2273 1507 2530 1591 anqulis

578 1603 735 1681 eius,
790 1620 865 1666 ex
920 1600 1062 1680 ipso
1119 1601 1298 1662 erant
1348 1615 1586 1662 cornua
1639 1594 1778 1660 eius
1793 1645 1808 1672 ,
1862 1598 1917 1657 et
1958 1592 2105 1659 texit
2160 1591 2324 1659 illud
2365 1614 2524 1659 aere.

576 1688 637 1754 3.
709 1686 884 1752 Fecit
939 1686 1200 1766 insuper
1258 1682 1466 1747 omnia
1524 1699 1683 1746 vasa
1723 1679 1948 1745 altaris
1963 1730 1980 1757 ,
2027 1678 2238 1744 lebetes
2278 1679 2527 1757 scilicet,

578 1778 637 1839 et
674 1792 912 1853 scopas,
957 1774 1010 1835 et
1053 1773 1345 1845 crateras,
1391 1772 1449 1832 et
1490 1767 1799 1838 tridentes,
1842 1771 1898 1829 et
1941 1765 2356 1847 receptacula:
2399 1784 2528 1830 om-

578 1860 695 1924 nia
750 1876 906 1922 vasa
965 1856 1100 1921 eius
1139 1853 1286 1937 fecit
1327 1873 1532 1918 aerea.
1620 1851 1681 1915 4.
1750 1849 1925 1916 Fecit
1956 1856 2289 1931 praeterea
2332 1850 2529 1916 altari

579 1943 857 2010 cribrum
921 1961 1099 2024 opere
1176 1939 1497 2004 reticulato
1575 1956 1831 2002 aeneum
1911 1935 2026 2002 sub
2091 1936 2326 2001 ambitu
2390 1937 2528 2000 eius

577 2030 824 2112 inferne
865 2048 1059 2108 usque
1112 2025 1198 2091 ad
1240 2024 1512 2090 medium
1569 2024 1723 2088 eius.
1812 2020 1871 2087 5.
1942 2020 2142 2088 Fudit
2182 2022 2329 2086 item
2371 2042 2527 2103 qua-

576 2120 720 2181 tuor
776 2112 1045 2179 annulos
1100 2113 1171 2176 in
1218 2114 1484 2192 quatuor
1527 2108 2014 2173 extremitatibus
2068 2107 2268 2173 cribro
2324 2127 2527 2185 aeneo,

577 2204 650 2267 in
693 2219 845 2282 quos
889 2198 1325 2263 inducerentur
1366 2200 1574 2261 vectes.
1633 2194 1691 2259 6.
1739 2193 1827 2258 Et
1860 2192 2004 2276 fecit
2038 2199 2227 2258 vectes
2269 2214 2300 2258 e
2333 2193 2532 2277 liquis

578 2287 776 2352 sittim
793 2335 810 2364 ,
853 2304 1004 2366 quos
1044 2283 1198 2347 texit
1238 2303 1395 2346 aere.
1494 2280 1551 2345 7.
1599 2279 2082 2360 Introduxitque
2122 2284 2314 2344 vectes
2355 2280 2530 2361 ipsos

578 2374 650 2437 in
700 2370 971 2438 annulos
1010 2368 1155 2434 illos
1184 2387 1309 2448 per
1349 2368 1545 2433 latera
1590 2365 1817 2431 altaris
1871 2364 1957 2431 ad
1994 2364 2322 2446 ferendum
2368 2364 2533 2429 illud

578 2457 742 2525 illis.-
785 2475 1051 2522 vacuum
1092 2453 1450 2519 tabularum
1490 2451 1636 2534 fecit
1671 2451 1848 2517 illud.
1919 2450 1977 2515 8.
2027 2448 2204 2516 Fecit
2238 2449 2532 2515 similiter
2629 2452 2721 2517 col

577 2541 868 2608 concham
925 2559 1179 2606 aeneam
1194 2591 1210 2617 ,
1266 2543 1321 2603 et
1364 2538 1568 2604 basim
1630 2537 1766 2601 eius
1822 2556 2076 2601 aeneam
2129 2556 2208 2601 ex
2262 2534 2530 2618 speculis

578 2628 917 2695 mulierum
976 2625 1474 2702 convenientium,
1519 2643 1678 2705 quae
1712 2621 2136 2687 conveniebant
2179 2621 2265 2687 ad
2305 2623 2530 2687 ostium

577 2712 962 2780 tabernaculi
1030 2710 1461 2778 conventionis.
1551 2709 1611 2774 9.
1681 2706 1856 2773 Fecit
1921 2710 2232 2789 postremo
2296 2707 2529 2773 atrium

577 2801 665 2866 ad
699 2800 961 2883 plaqam
997 2797 1205 2863 austri
1255 2796 1340 2861 ad
1382 2794 1730 2861 meridiem.-
1772 2793 2041 2859 cortinae
2083 2793 2238 2859 atrii
2287 2814 2320 2859 e
2351 2793 2530 2876 bysso

577 2890 807 2952 retorta
862 2889 1101 2951 centum
1153 2882 1512 2947 cubitorum.
1605 2880 1705 2945 10.
1780 2877 2116 2945 Columnae
2172 2898 2391 2944 earum
2430 2880 2528 2943 vi-

574 2971 759 3057 qinti,
803 2974 859 3036 et
900 2969 1076 3035 bases
1118 2987 1336 3033 earum
1374 2966 1600 3050 viqinti
1642 2986 1719 3031 ecc
1760 2986 1934 3031 aere.-
1976 2964 2263 3048 capitella
2306 2963 2530 3031 colum-

578 3078 845 3133 narum,
891 3061 948 3120 et
985 3055 1099 3136 fila
1142 3074 1250 3119 eas
1296 3052 1638 3136 cinqentia,
1683 3072 1760 3117 esc
1794 3054 2062 3134 arqento.
2149 3050 2250 3114 11.
2313 3049 2400 3114 Et
2442 3050 2530 3115 ad

571 3142 840 3228 plaqam
886 3140 1202 3223 aquilonis
1226 3140 1497 3205 cortinae
1536 3142 1773 3203 centum
1806 3135 2179 3202 cubitorum.-
2212 3136 2531 3203 columnae

581 3227 1216 3379 {tammam
1263 3224 1702 3392 ὂὲῗθῗειὲανῖᾴΐ
1741 3223 2085 3391 &itm
2126 3222 2531 3391 {35⁶0erssss

1229 3361 1244 3387 ο
2065 3358 2080 3388 2
2514 3357 2527 3371 ·

587 3400 686 3465 12.
748 3398 857 3463 Ad
890 3399 1155 3480 plaqam
1210 3417 1349 3461 vero
1392 3395 1718 3461 occidentis
1760 3394 2036 3461 cortinae
2077 3393 2532 3477 quinquaqinta

582 3485 958 3553 cubitorum.-
1018 3483 1338 3548 columnae
1394 3501 1608 3546 earum
1664 3481 1893 3560 dm,
1960 3484 2015 3546 et
2077 3481 2253 3545 bases
2316 3498 2534 3545 earum

586 3573 823 3638 decem.-
865 3568 1154 3649 capitella
1192 3567 1646 3645 columnarum,
1693 3572 1751 3631 et
1777 3564 1892 3646 fila
1937 3586 2045 3631 eas
2085 3567 2420 3649 cinqentia,
2456 3584 2535 3630 ex

589 3662 858 3741 arqent0.
964 3654 1061 3719 13.
1130 3652 1221 3718 Et
1276 3653 1361 3717 ad
1407 3653 1673 3735 plaqam
1726 3653 1980 3718 orientis
2033 3651 2117 3716 ad
2159 3657 2361 3717 ortum
2405 3672 2536 3716 cor-

588 3745 762 3809 tinae
839 3740 1296 3824 quinquaqinta
1373 3738 1734 3803 cubitorum.
1830 3736 1926 3802 14.
2003 3735 2289 3803 Cortinae
2352 3737 2536 3819 quin-

586 3830 785 3894 decim
826 3826 1173 3893 cubitorum
1213 3828 1392 3890 erant
1425 3824 1495 3888 in
1536 3844 1660 3888 uno
1702 3822 1923 3889 latere.-
1965 3823 2276 3888 columnae
2317 3843 2536 3888 earum

589 3921 746 3991 tres,
804 3918 860 3978 et
921 3913 1100 3978 bases
1153 3931 1371 3977 earum
1426 3914 1568 3975 tres.
1660 3907 1759 3974 15.
1826 3904 1917 3973 Et
1971 3910 2041 3973 in
2085 3908 2275 3974 latere
2337 3908 2532 3973 altero

588 4001 733 4065 hinc
759 4005 815 4065 et
838 3999 985 4064 inde
1006 4003 1232 4078 portae
1264 3996 1435 4074 atrii,
1472 3996 1745 4060 cortinae
1778 3995 2124 4076 quindecim
2158 3994 2536 4060 cubitorum:

587 4085 903 4152 columnae
943 4104 1157 4148 earum
1198 4087 1338 4157 tres,
1384 4087 1441 4146 et
1470 4082 1648 4146 bases
1690 4100 1909 4145 earum
1951 4085 2092 4146 tres.
2155 4080 2254 4145 16.
2309 4079 2535 4147 Omnes

588 4173 860 4237 cortinae
914 4170 1067 4235 atrii
1113 4188 1231 4251 per
1285 4168 1615 4233 circuitum
1666 4170 1844 4231 erant
1901 4186 1976 4230 ex
2032 4164 2213 4248 bqsso
2279 4170 2530 4231 retorta.

592 4257 693 4322 17.
762 4256 969 4322 Bases
1009 4275 1153 4320 vero
1195 4253 1628 4318 columnarum
1661 4272 1737 4315 ex
1772 4272 1942 4317 aere.-
1975 4251 2263 4333 capitella
2304 4252 2531 4317 colum-

588 4362 840 4420 narum,
881 4347 936 4407 et
966 4340 1081 4422 fila
1114 4360 1238 4419 eas,
1272 4339 1597 4422 cinqentia,
1634 4358 1710 4401 ex
1744 4342 1996 4420 arqento
2009 4363 2029 4402 .·
2071 4342 2129 4401 et
2161 4338 2534 4418 operimenta

587 4428 1016 4512 capitellorum
1071 4445 1284 4490 earum
1349 4444 1425 4489 ex
1486 4428 1764 4507 arqento:
1834 4425 2014 4504 ipsae
2076 4423 2263 4488 etiam
2326 4443 2534 4488 omnes

588 4516 906 4581 columnae
978 4512 1132 4577 atrii
1211 4511 1442 4575 cinctae
1516 4514 1694 4574 erant
1773 4514 2042 4592 arqento.
2134 4509 2234 4574 18.
2318 4509 2534 4574 Velum

590 4607 799 4668 autem
846 4602 1070 4681 portae
1128 4596 1280 4660 atrii
1335 4615 1512 4677 opere
1558 4593 1931 4678 pkryqionis
1983 4615 2062 4660 ex
2094 4593 2437 4677 hyacintho,
2480 4600 2537 4660 et

800 4707 879 4750 ra
941 4688 997 4750 et
1058 4681 1388 4747 vermiculo
1447 4682 1633 4760 cocci,
1697 4685 1755 4745 et
1815 4680 1993 4762 bysso
2043 4686 2300 4746 retorta.-
2355 4682 2535 4748 cuius

589 4771 905 4857 lonqitudo
938 4774 1075 4835 erat
1114 4768 1341 4851 viqinti
1381 4767 1740 4844 cubitorum,
1786 4766 2048 4832 altitudo
2092 4786 2232 4831 vero
2275 4768 2346 4832 in
2389 4766 2534 4832 lati-

587 4860 803 4925 tudine
855 4856 1127 4939 quinque
1181 4852 1526 4918 cubitorum
1576 4852 1662 4917 ad
1704 4852 1971 4917 cortinas
2014 4853 2188 4917 atrii.
2281 4851 2379 4918 19.
2447 4853 2537 4919 Et

586 4945 903 5012 columnae
955 4959 1174 5007 earum
1217 4943 1509 5021 quatuor,
1554 4938 1847 5020 basesque
1885 4957 2105 5002 earum
2146 4943 2414 5020 quatuor
2456 4960 2534 5005 ex

591 5051 753 5109 aere,
797 5028 1016 5095 uncini
1058 5046 1278 5092 earum
1320 5045 1398 5089 ex
1439 5029 1720 5108 arqento:
1762 5029 1820 5090 et
1859 5024 2235 5104 operimenta
2278 5026 2532 5105 capitel—

586 5117 793 5182 lorum
865 5133 1114 5192 eam,
1191 5116 1248 5176 et
1320 5109 1439 5191 fila
1517 5131 1625 5175 eas
1695 5111 2032 5193 cinqentia,
2110 5129 2185 5173 ex
2262 5117 2530 5194 arqento.

587 5203 694 5268 20.
768 5201 992 5267 Omnes
1046 5220 1188 5265 vero
1242 5196 1405 5263 clavi
1444 5195 1830 5262 tabernaculi
1871 5200 1925 5261 et
1969 5195 2123 5261 atrii
2166 5196 2233 5259 in
2272 5197 2538 5262 circuitu

588 5292 770 5354 erant
821 5307 897 5352 ea:
950 5306 1109 5351 aere.
1198 5284 1303 5349 21.
1374 5282 1514 5349 Ista
1570 5287 1714 5347 sunt
1754 5286 2085 5346 numerata
2130 5280 2532 5363 tabernaculi,

582 5371 996 5454 tabernaculi,
1044 5374 1337 5455 inquam,
1397 5368 1760 5445 testimonii,
1816 5388 1975 5450 quae
2021 5371 2349 5432 numerata
2388 5374 2535 5435 sunt

2624 650 2710 715 ad
2766 650 3014 716 iussum
3070 649 3278 715 Masis
3293 700 3308 730 ,
3338 670 3462 730 per
3502 669 3759 714 manum
3804 647 4097 715 Ithamar
4134 646 4263 728 filii
4306 646 4573 715 AJtaron

2623 735 2957 802 sacerdotis
2975 786 2990 816 ,
3053 737 3125 802 in
3180 735 3601 800 ministerium
3658 734 4039 799 Levitarum.
4127 734 4231 799 22.
4301 733 4577 801 Beseleel

2625 825 2833 886 autem
2885 822 3061 904 filius
3132 819 3249 888 Um·
3298 820 3427 902 filii
3485 820 3661 900 Hur,
3720 820 3795 886 de
3848 819 4015 886 tribu
4059 819 4373 900 Iehudah,
4429 820 4578 903 fecit

2625 908 2838 973 omnia
2897 907 3012 973 illa
3068 927 3227 989 quae
3284 911 3683 988 praeceperat
3747 904 3980 972 Iebova
4045 905 4232 973 Mosi.
4323 906 4428 972 23.
4486 902 4576 973 Et

2627 1013 2766 1059 cum
2799 1013 2867 1057 eo
2914 992 3184 1059 Akoliab
3222 992 3402 1074 lilius
3444 991 3833 1058 Abisamaclz
3879 993 3956 1058 de
4009 992 4176 1058 tribu
4220 991 4402 1071 Dan,
4473 1014 4575 1059 ar-

2623 1077 2796 1160 tifex,
2820 1080 3135 1160 acupictor
3157 1076 3427 1162 phryqio
3448 1083 3504 1145 et
3527 1078 3911 1159 plumarius,
3948 1078 4021 1143 in
4041 1076 4385 1162 hyacintho,
4412 1100 4575 1161 pur-

2617 1184 2812 1247 pura,
2843 1164 3176 1231 vermiculo
3210 1165 3365 1230 oocci
3404 1169 3460 1229 et
3500 1164 3699 1248 bysso.
3767 1164 3869 1229 24.
3930 1163 4298 1231 Universum
4340 1186 4575 1231 aurum

2627 1253 3016 1331 insumptum
3047 1252 3116 1315 in
3158 1251 3297 1332 ipso
3323 1270 3521 1332 opere,
3562 1251 3633 1316 id
3666 1253 3756 1314 est
3796 1251 3869 1315 in
3909 1254 4026 1315 toto
4066 1270 4246 1332 opere
4283 1257 4576 1317 sanctua-

2627 1337 2719 1400 rii
2761 1334 2913 1421 (fuit
2954 1342 3158 1402 autem
3190 1356 3425 1401 aurum
3460 1334 3815 1422 oblationis)
3854 1336 3981 1418 fuit
4012 1356 4227 1402 novem
4259 1342 4317 1402 et
4348 1338 4574 1420 viqinti

2628 1421 3011 1503 talentorum,
3048 1427 3103 1488 et
3142 1422 3657 1505 septinqentorum
3774 1423 3786 1434 '
3825 1423 3960 1488 inta
4002 1421 4314 1501 siclorum,
4358 1443 4569 1489 secun-

2629 1507 2781 1573 dum
2837 1506 3062 1574 siclum
3111 1508 3483 1573 sanctuarii.
3571 1506 3674 1573 25.
3894 1512 4218 1591 arqentum
4279 1529 4572 1575 numera-

2629 1598 2832 1658 torum
2867 1595 2937 1659 in
2977 1598 3144 1661 coetu
3177 1599 3312 1659 erat
3353 1598 3588 1659 centum
3625 1594 3858 1660 talenta
3903 1598 3959 1659 et
3999 1594 4168 1659 mille
4207 1596 4576 1679 septinqenti

2628 1681 3025 1763 septuaqinta
3050 1681 3317 1761 quinque
3359 1679 3516 1758 sicli,
3561 1680 3897 1745 secundum
3938 1679 4164 1745 siclum
4204 1683 4576 1747 sanctuarii.

2629 1765 2732 1831 26.
2803 1764 3104 1831 Semissis
3134 1767 3206 1830 in
3238 1765 3488 1850 sinqula
3531 1766 3757 1846 capita,
3801 1766 3871 1831 id
3912 1770 4003 1831 est
4036 1765 4376 1832 dimidium
4417 1766 4575 1845 sicli,

2628 1852 2969 1918 secundum
3011 1851 3233 1918 siclum
3274 1852 3626 1917 sanctuarii
3667 1850 3951 1916 omnibus
3989 1851 4458 1917 transeuntibus
4494 1853 4580 1919 ad

2629 1942 3003 2015 numeratos,
3039 1937 3116 2002 ab
3150 1957 3218 2002 eo
3251 1938 3362 2019 qui
3386 1943 3574 2003 natus
3607 1942 3743 2002 erat
3780 1938 4007 2020 viqinti
4030 1958 4232 2003 annos
4265 1944 4320 2003 et
4353 1958 4575 2021 supra,

2631 2024 2702 2088 in
2735 2023 3037 2089 seoecentis
3066 2022 3272 2088 tribus
3313 2022 3592 2089 millibus
3633 2024 3984 2107 quinqentis
4016 2029 4072 2089 et
4103 2025 4577 2107 quinquaqinta.

2628 2108 2732 2174 27.
2782 2107 3185 2191 Fueruntque
3240 2114 3475 2173 ceritum
3517 2109 3748 2176 talenta
3789 2110 4031 2193 arqenti
4086 2110 4173 2175 ad
4209 2109 4580 2192 fundandus

2630 2194 2809 2261 bases
2875 2194 3257 2275 sanctuarii,
3342 2199 3396 2259 et
3438 2193 3615 2260 bases
3698 2194 3849 2260 veli.-
3923 2200 4163 2260 centum
4247 2196 4425 2261 bases
4503 2216 4581 2260 etc

2630 2286 2864 2347 centum
2919 2280 3194 2358 talentis,
3255 2280 3550 2345 talentum
3585 2300 3706 2363 pro
3748 2280 3903 2345 basi.
3994 2281 4098 2347 28.
4165 2279 4255 2345 Et
4297 2302 4373 2346 ex
4409 2281 4581 2347 mille

2629 2367 3027 2450 septinqentis
3075 2366 3466 2450 septuaqinta
3529 2367 3800 2449 quinque
3853 2366 4029 2433 siclis
4080 2366 4225 2448 fecit
4288 2367 4582 2451 epistylia

2721 2452 2934 2518 umnis
2950 2503 2964 2532 ,
3045 2457 3103 2516 et
3177 2453 3327 2517 texit
3397 2453 3608 2534 capita
3683 2454 3975 2535 ipsarum
3991 2503 4005 2532 ,
4080 2458 4139 2518 et
4220 2454 4368 2518 texit
4452 2473 4579 2519 eas.

2631 2538 2735 2603 29.
2803 2538 2935 2604 Aes
2977 2542 3182 2604 autem
3225 2536 3548 2605 oblationis
3586 2538 3717 2620 fuit
3756 2538 4149 2622 septuaqinta
4189 2538 4578 2617 talentorum,

2632 2628 2688 2689 et
2764 2625 3029 2689 duorum
3106 2622 3377 2689 millium
3391 2675 3408 2704 ,
3471 2628 3528 2689 et
3605 2624 4196 2707 quadrinqentorum
4264 2625 4579 2690 siclorum.

2633 2709 2735 2775 30.
2783 2709 2871 2775 Et
2908 2710 3053 2792 fecit
3095 2730 3171 2776 ex
3215 2729 3281 2775 eo
3324 2709 3502 2775 bases
3545 2711 3692 2775 ostii
3732 2709 4110 2776 tabernaculi
4151 2711 4579 2791 conventionis,

2632 2800 2687 2860 et
2750 2796 2952 2862 altare
2995 2815 3265 2874 aereum,
3310 2801 3366 2861 et
3404 2795 3679 2862 cribrum
3722 2796 3862 2861 eius
3915 2816 4167 2862 aereum
4180 2847 4197 2876 ,
4254 2798 4584 2878 omniaque

2632 2902 2787 2947 vasa
2840 2882 3085 2948 altaris.
3174 2881 3277 2946 31.
3338 2880 3428 2946 Et
3484 2881 3661 2947 bases
3716 2883 3869 2946 atrii
3914 2903 4036 2964 per
4098 2883 4428 2948 circuitum
4442 2934 4458 2962 ,
4526 2887 4584 2948 et

2633 2967 2807 3035 bases
2843 2972 3061 3051 portae
3108 2968 3293 3046 atrii,
3342 2971 3675 3048 praeterea
3718 2986 3924 3033 omnes
3953 2967 4142 3050 palos
4175 2967 4581 3048 tabernaculi,

2632 3073 2953 3137 omnesque
2981 3053 3169 3137 palos
3209 3054 3364 3119 atrii
3393 3073 3515 3135 per
3555 3053 3898 3119 circuitum.

2808 3225 2866 3291 1.
2933 3224 3109 3291 Fecit
3169 3243 3402 3307 quoque
3466 3224 3682 3290 altare.
3772 3224 3993 3291 Huius
4056 3226 4288 3311 capitis
4353 3226 4583 3293 eadem

2637 3331 2800 3394 quae
2856 3312 3137 3394 proximi
3194 3311 3394 3375 ratio:
3456 3310 3585 3375 nisi
3645 3310 3814 3393 quod
3874 3321 4095 3396 partes
4151 3313 4467 3395 quaedam
4512 3314 4586 3377 in

2635 3397 2835 3462 alium
2875 3397 3092 3462 locum
3137 3406 3291 3462 sunt
3348 3397 3818 3480 transpositae:
3877 3398 4131 3463 nullum
4178 3405 4396 3464 tamen
4434 3419 4585 3466 ver-

2636 3484 2787 3550 bum
2870 3494 3217 3548 mutatum.
3304 3481 3546 3565 Incipit
3612 3482 3692 3548 ab
3755 3483 3948 3549 altari
4020 3483 4581 3551 holocaustorum:

2634 3568 2808 3654 quod
2831 3570 3109 3634 materia
3142 3577 3208 3634 et
3244 3568 3452 3634 forma
3489 3568 3804 3636 divinitus
3847 3572 4251 3654 praescripta
4292 3579 4587 3637 exstruc-

2637 3668 2778 3721 tum
2834 3655 3034 3721 fuisse
3094 3654 3309 3735 docet,
3367 3661 3441 3718 ut
3498 3654 3776 3721 certiore
3835 3655 4073 3723 fiducia
4126 3656 4262 3722 illic
4304 3656 4585 3740 populus

2636 3741 2717 3808 ad
2777 3740 3104 3824 expianda
3163 3747 3422 3824 peccata
3483 3750 3548 3805 et
3601 3742 3849 3825 gratias
3915 3741 4203 3827 agendas
4268 3742 4584 3809 sacrificia

2634 3828 2918 3894 offerret.
3005 3826 3232 3893 Unum
3297 3825 3403 3891 hic
3448 3825 3528 3891 de
3591 3827 3774 3892 labro
3843 3849 4046 3893 aeneo
4112 3829 4255 3894 sive
4318 3826 4580 3909 concha,

2634 3913 2814 3978 unde
2869 3934 2908 3978 a
2951 3933 3105 3977 uam
3165 3912 3558 3995 expiationis
3615 3912 3696 3977 ad
3754 3934 3826 3979 se
3868 3915 4308 3999 aspergendos
4364 3935 4580 3980 sume·

2637 4000 2828 4078 bant,
2863 4021 2901 4064 a
2948 3997 3159 4079 ditur,
3219 3998 3404 4064 cuius
3449 4007 3601 4063 ante
3649 4021 3776 4063 non
3824 3999 4036 4066 fuerat
4081 4000 4256 4067 facta
4297 4000 4581 4066 mentio:

2635 4105 2869 4169 nempe
2912 4084 3168 4150 labrum
3211 4082 3376 4148 illud
3421 4083 3621 4150 fuisse
3671 4093 3979 4151 ornatum
4024 4085 4306 4170 speculis
4350 4085 4582 4152 mulie-

2633 4192 2802 4236 rum.
2861 4169 3053 4251 Quod
3091 4169 3390 4235 nonnulli
3430 4170 3523 4235 ita
3558 4182 3911 4254 exponunt,
3958 4173 4143 4255 quasi
4178 4171 4579 4255 pellucidum

2636 4257 2837 4323 fuerit
2888 4277 3004 4321 vas
3058 4255 3250 4337 illud,
3309 4263 3384 4320 ut
3427 4255 3683 4323 facilius
3740 4258 4178 4324 animadverti
4234 4266 4457 4343 posset
4499 4257 4582 4323 ab

2634 4344 2815 4409 omni
2866 4350 3084 4426 parte,
3140 4343 3194 4408 si
3241 4341 3414 4425 quod
3458 4351 3629 4408 esset
3670 4344 4021 4428 flagitium,
4080 4343 4188 4409 vel
4234 4343 4579 4427 protervia,

2639 4429 2743 4494 vel
2784 4428 3116 4512 impudica
3160 4429 3344 4495 acti0.
3456 4426 3716 4496 Scimus
3769 4430 3944 4495 enim
3989 4431 4282 4512 impuros
4328 4440 4394 4496 et
4432 4451 4579 4513 pro-

2633 4514 2823 4580 fanos
2879 4515 3175 4580 homines
3233 4513 3568 4597 religionis
3629 4524 3973 4598 praetextu
4038 4515 4368 4582 interdum
4427 4537 4584 4581 suas

2634 4600 2984 4683 spurcitias
3015 4607 3262 4685 tegere:
3304 4598 3510 4667 Sicuti
3541 4602 3859 4685 scriptum
3891 4610 3994 4668 est
4027 4600 4113 4689 (1.
4140 4601 4321 4668 Sam.
4360 4602 4421 4682 2,
4447 4599 4579 4688 22),

2633 4687 2943 4752 mulieres
2979 4707 3143 4770 quae
3187 4686 3268 4751 ad
3315 4685 3585 4752 colenda
3626 4688 3886 4772 pietatis
3921 4688 4237 4754 exercitia
4278 4689 4581 4772 frequen-

2633 4783 2733 4839 tes
2787 4781 2975 4837 erant
3030 4774 3104 4837 in
3162 4771 3611 4853 tabernaculo,
3677 4781 4011 4858 stupratas
4077 4774 4277 4840 fuisse
4337 4796 4377 4839 a
4424 4774 4581 4839 filiis

2634 4858 2743 4924 Eli
2788 4858 3246 4926 sacerdotibus.
3328 4857 3462 4926 Sed
3508 4858 3716 4924 altera
3758 4860 4131 4925 coniectura
4182 4880 4385 4943 aeque
4430 4880 4579 4944 pro-

2633 4944 2895 5021 babilis,
2962 4945 3227 5027 specula
3288 4944 3451 5011 haec
3514 4946 3582 5009 in
3640 4945 3867 5030 templi
3935 4944 4131 5011 decus
4197 4952 4264 5010 et
4320 4967 4580 5011 sacrum

2637 5052 2829 5096 usum
2874 5052 2914 5094 a
2956 5030 3200 5097 sanctis
3243 5030 3625 5097 mulieribus
3670 5030 3888 5098 dicata
3931 5053 4088 5097 esse.
4157 5031 4327 5097 Nam
4376 5052 4578 5115 quum

2633 5118 2703 5181 in
2741 5126 3013 5182 externo
3059 5116 3235 5184 cultu
3281 5126 3347 5182 et
3394 5128 3664 5182 venusto
3707 5117 3853 5199 plus
3890 5138 4082 5201 quam
4119 5118 4409 5184 curiosae
4445 5117 4584 5183 sint

2636 5202 2981 5283 mulieres,
3040 5224 3299 5286 semper
3354 5203 3632 5287 speculis
3691 5202 3879 5268 valde
3937 5204 4206 5270 fuerunt
4263 5202 4580 5281 addictae,

2638 5299 2770 5353 tam
2799 5288 2880 5353 ad
2906 5310 3111 5372 genas
3148 5289 3458 5357 fucandas
3493 5308 3683 5372 quam
3716 5289 3798 5354 ad
3826 5311 4078 5354 comam
4117 5289 4576 5374 digerendam:

2635 5396 2720 5440 ne
2756 5375 2901 5458 quis
2935 5375 3208 5459 capillus
3252 5398 3384 5440 non
3420 5397 3538 5441 suo
3581 5374 3720 5442 loco
3764 5385 3954 5441 esset.
4011 5374 4169 5440 Ideo
4213 5377 4280 5440 in
4317 5375 4582 5441 luxuria
