5017 6142
509 426 595 493 35
1508 429 2089 497 SANCTIONES
2134 435 2197 498 A
2242 430 3039 502 PROMISSIONIBUS
3083 434 3203 498 ET
3248 431 3534 498 MINIS.
4441 424 4526 489 36

520 626 672 685 tuus
714 619 1090 685 mactabitur
1132 620 1204 684 in
1247 619 1442 686 oculis
1485 620 1647 698 tuis,
1690 624 1747 685 et
1780 639 1908 685 non
1941 619 2213 685 comedes
2254 641 2332 686 ex
2368 640 2473 685 eo.-

521 705 749 771 asinus
805 710 954 770 tuus
1009 706 1296 787 rapietur
1337 727 1380 770 a
1433 704 1599 787 facie
1652 710 1796 783 tua,
1854 726 1961 772 nec
2012 710 2347 772 revertetur
2389 707 2474 772 ad

517 796 612 857 te.-
645 791 919 872 pecudes
959 795 1104 855 tuae
1144 792 1470 856 tradentur
1512 791 1790 857 inimicis
1832 792 1959 857 tuis
1976 842 1993 870 ,
2038 811 2147 856 uec
2189 794 2306 858 erit
2347 812 2475 857 ser-

519 882 717 943 vator.
807 876 909 941 32.
969 875 1137 941 Filii
1192 877 1287 941 tui
1344 881 1400 941 et
1450 876 1625 958 filiae
1682 882 1826 942 tuae
1877 878 2206 943 tradentur
2234 878 2472 962 populo

527 963 734 1041 alteri,
780 968 836 1027 et
877 962 1039 1029 oculi
1080 962 1176 1027 tui
1217 962 1536 1042 videbunt,
1582 983 1657 1029 ac
1698 964 1977 1045 deficient
2009 969 2274 1045 propter
2307 965 2472 1041 illos,

525 1053 651 1113 tota
709 1049 841 1114 die.-
903 1068 1011 1114 nec
1059 1049 1177 1113 erit
1216 1047 1520 1130 fortitudo
1562 1050 1635 1114 iu
1674 1070 1871 1114 manu
1906 1054 2032 1114 tua.
2121 1049 2222 1119 33.
2270 1049 2473 1116 Fruc-

524 1139 657 1199 tum
701 1140 901 1201 terrae
940 1139 1115 1212 tuae,
1159 1139 1216 1199 et
1257 1154 1493 1199 omnem
1534 1134 1805 1201 laborem
1848 1140 2022 1200 tuum
2065 1137 2327 1201 comedet
2355 1155 2474 1216 po-

517 1221 719 1303 pulus
750 1240 931 1303 quem
972 1240 1097 1284 non
1140 1240 1436 1286 noveras.-
1489 1226 1545 1285 et
1588 1222 1718 1288 eris
1760 1223 2179 1287 tantummodo
2224 1241 2473 1302 oppres-

523 1327 669 1387 sus,
710 1311 766 1372 et
806 1306 1154 1388 confractus
1196 1308 1363 1371 omni
1419 1311 1702 1390 tempore.
1795 1307 1897 1372 34.
1955 1306 2042 1372 Et
2095 1306 2473 1389 obstupesces

520 1397 778 1474 propter
809 1413 886 1458 ea
930 1412 1089 1473 quae
1130 1390 1419 1458 videbunt
1468 1394 1631 1458 oculi
1686 1394 1799 1458 tui.
1890 1392 1992 1458 35.
2058 1391 2366 1460 Percutiet
2415 1397 2474 1458 te

526 1478 755 1545 Iekova
797 1479 1000 1544 ulcere
1033 1477 1307 1560 pessimo
1347 1477 1420 1542 im
1457 1479 1718 1562 yenibus
1773 1483 1830 1544 et
1869 1480 1939 1544 in
1993 1480 2199 1551 coccis,
2254 1480 2348 1544 ita
2400 1484 2472 1543 ut

524 1584 649 1629 non
681 1565 898 1647 possis
939 1565 1187 1640 curari,
1247 1585 1288 1628 a
1322 1564 1548 1646 planta
1596 1565 1788 1646 pedis
1828 1567 1922 1631 tui
1964 1585 2160 1647 usque
2204 1566 2291 1630 ad
2332 1585 2470 1630 ver-

522 1652 700 1717 ticem
756 1655 949 1714 tuum.
1038 1649 1141 1715 36.
1205 1649 1482 1715 Abducet
1535 1649 1765 1717 Iehova
1820 1657 1877 1716 te
1930 1656 1986 1717 et
2039 1671 2240 1734 reyem
2293 1655 2471 1715 tuum

521 1757 703 1820 quem
746 1737 1071 1802 constitues
1127 1756 1318 1816 super
1361 1741 1445 1811 te,
1502 1737 1589 1801 ad
1638 1742 1875 1819 yentem
1917 1756 2107 1820 quam
2149 1757 2269 1801 non
2312 1737 2472 1802 nosti

526 1828 595 1888 tu
638 1827 693 1887 et
724 1826 950 1903 patres
991 1823 1121 1887 tui.-
1173 1821 1449 1904 cotesque
1486 1821 1576 1887 ibi
1618 1824 1764 1888 deos
1807 1824 2069 1902 alienos,
2132 1823 2372 1906 liynum
2414 1827 2471 1887 et

528 1909 822 1990 lapidem.
912 1906 1015 1972 37.
1060 1901 1152 1971 Et
1192 1908 1321 1972 eris
1364 1909 1435 1972 in
1474 1913 1814 1989 stuporem,
1868 1914 1925 1974 et
1967 1908 2369 1992 parabolam,
2415 1913 2471 1973 et

528 1994 816 2078 fabulam
834 2044 849 2070 ‚
896 1993 1179 2058 omnibus
1218 1993 1483 2074 populis
1516 1994 1602 2059 ad
1642 2014 1796 2075 quos
1830 1995 2077 2060 deducet
2117 1999 2173 2059 te
2215 1993 2464 2059 Iehova.

525 2079 629 2145 38.
680 2079 901 2145 Semen
941 2079 1205 2144 multum
1243 2080 1459 2145 educes
1503 2080 1589 2145 ad
1630 2100 1855 2163 ayrum
1874 2131 1889 2160 ,
1934 2085 1991 2146 et
2022 2101 2259 2162 parum
2301 2079 2468 2145 colli-

515 2186 655 2251 qes.-
696 2166 854 2248 quia
890 2163 1165 2230 absumet
1197 2164 1361 2230 illud
1393 2165 1642 2231 locusta.
1710 2165 1814 2231 39.
1867 2166 2102 2232 Vineas
2122 2165 2466 2246 plantabis,

520 2257 578 2318 et
619 2251 806 2317 coles.-
847 2255 903 2316 et
943 2251 1163 2315 vinum
1204 2271 1328 2316 nou
1361 2250 1555 2329 bibes,
1622 2272 1812 2334 neque
1851 2252 2125 2335 colliqes:
2168 2253 2324 2333 quia
2367 2253 2467 2317 de-

520 2336 761 2403 vorabit
803 2337 965 2402 illud
1005 2337 1249 2402 vermis.
1336 2336 1440 2402 40.
1507 2336 1722 2403 Olivae
1780 2343 1960 2403 erunt
2012 2338 2125 2402 tibi
2183 2338 2254 2401 in
2297 2337 2467 2403 omni

520 2425 784 2490 termino
827 2428 961 2501 tuo,
1020 2427 1089 2487 at
1126 2422 1255 2489 oleo
1297 2442 1421 2488 non
1462 2443 1655 2506 unyes
1695 2428 1780 2501 te,
1837 2424 1989 2505 quia
2031 2423 2260 2488 decidet
2302 2423 2467 2487 oliva

522 2517 653 2576 tua.
742 2508 847 2574 41.
896 2507 1105 2573 Filios
1137 2513 1192 2573 et
1230 2508 1408 2590 filias
1444 2507 1786 2592 yeuerabis,
1831 2515 1888 2573 et
1929 2529 2054 2574 non
2095 2513 2276 2574 erunt
2317 2509 2465 2574 tibi:

522 2596 679 2678 quia
742 2595 917 2660 ibunt
991 2594 1061 2658 in
1137 2594 1573 2676 captivitatem,
1682 2594 1786 2659 42.
1859 2594 2114 2661 Omnem
2174 2594 2460 2660 arborem

521 2688 718 2760 tuam,
762 2686 819 2746 et
848 2685 1126 2760 fructum
1157 2685 1363 2744 terrae
1394 2685 1537 2745 tuae
1570 2678 1849 2745 absumet
1879 2681 2131 2746 locusta.
2199 2679 2301 2744 43.
2346 2679 2463 2744 Pe-

523 2768 819 2852 reqrinus
875 2766 987 2848 qui
1042 2770 1131 2829 est
1182 2767 1251 2829 iu
1298 2765 1500 2830 medio
1563 2766 1661 2830 tui
1716 2766 1994 2832 ascendet
2034 2786 2222 2848 super
2264 2771 2320 2831 te
2360 2786 2463 2831 su-

510 2874 738 2936 perne,
817 2871 1110 2934 superne.-
1187 2856 1245 2916 et
1319 2856 1386 2917 tu
1449 2852 1776 2918 descendes
1851 2853 2121 2935 inferne,
2202 2852 2458 2935 inferne.

524 2939 629 3005 44.
679 2940 830 3020 Ipse
882 2937 1191 3003 mutuabit
1232 2936 1371 3016 tibi,
1424 2941 1480 3001 et
1534 2942 1604 3002 tu
1646 2958 1771 3003 non
1822 2936 2140 3004 mittuabis
2181 2938 2272 3002 ei.-
2327 2939 2463 3019 ipse

522 3027 643 3092 erit
697 3026 769 3090 in
825 3028 1036 3106 caput,
1103 3026 1158 3088 et
1210 3027 1280 3088 tu
1331 3022 1461 3089 eris
1515 3025 1586 3088 in
1640 3024 1927 3090 caudam.
2029 3021 2133 3088 45.
2209 3022 2465 3088 Venient

520 3116 726 3176 autem
764 3130 952 3193 super
994 3114 1048 3173 te
1090 3129 1296 3175 omnes
1339 3109 1791 3175 maledictiones
1833 3112 2009 3179 istae,
2052 3114 2224 3192 teque
2254 3129 2464 3191 perse-

519 3202 802 3278 quentur,
837 3200 893 3261 et
926 3195 1379 3276 apprehendent
1408 3200 1481 3272 te,
1518 3197 1708 3261 donec
1739 3195 2172 3277 disperdaris:
2205 3215 2272 3261 eo
2304 3194 2467 3278 quod

521 3304 647 3349 non
689 3283 990 3348 obedieris
1034 3281 1165 3346 voci
1207 3280 1472 3346 Iehovae
1512 3280 1640 3347 Dei
1681 3283 1810 3360 tui,
1854 3281 2245 3347 custodiendo
2280 3301 2465 3362 prae-

517 3374 691 3451 cepta
725 3369 880 3448 eius,
924 3371 980 3432 et
1020 3371 1256 3433 statuta
1298 3368 1437 3432 eius
1477 3388 1640 3449 quae
1660 3369 1984 3449 praecepit
2022 3366 2153 3433 tibi.
2232 3367 2335 3433 46.
2376 3362 2466 3430 Et

518 3460 702 3521 erunt
741 3455 815 3520 iu
854 3459 909 3519 te
952 3454 1021 3518 in
1062 3454 1315 3536 siynum
1356 3458 1414 3518 et
1455 3454 1525 3518 in
1555 3458 1938 3535 portentum,
1994 3457 2051 3517 et
2106 3454 2178 3517 in
2233 3455 2466 3518 semiue

517 3547 621 3606 tuo
659 3560 858 3623 usque
900 3540 968 3604 in
1001 3539 1336 3604 saeculum.
1402 3538 1507 3604 47.
1558 3538 1897 3623 Propterea
1938 3539 2100 3622 quod
2140 3559 2264 3604 non
2305 3539 2468 3604 colu-

518 3627 650 3694 eris
687 3626 987 3692 Iebovam
1022 3624 1232 3691 Deum
1273 3630 1451 3690 tuum
1494 3626 1566 3690 iu
1608 3626 1881 3706 laetitia,
1939 3630 1996 3691 et
2035 3625 2109 3690 in
2149 3624 2469 3690 hilaritate

519 3714 726 3780 cordis
745 3764 760 3790 ,
792 3716 1056 3796 propter
1101 3710 1551 3777 abundantiam
1593 3713 1868 3777 omnium
1910 3731 2140 3777 rerum.
2230 3710 2334 3777 48.
2382 3709 2470 3775 Et

520 3800 751 3865 servies
798 3799 1073 3863 inimicis
1126 3797 1256 3862 tuis
1309 3817 1463 3879 quos
1505 3798 1838 3863 immiserit
1882 3796 2110 3863 Iebova
2165 3802 2380 3863 contra
2414 3802 2469 3862 te

521 3887 591 3952 in
622 3886 814 3969 fame,
859 3888 915 3949 et
946 3884 1075 3963 siti,
1110 3889 1167 3948 et
1200 3883 1498 3960 nuditate,
1541 3889 1596 3948 et
1617 3885 1896 3966 penuria
1924 3884 2200 3947 omnium
2233 3902 2464 3964 rerum,

508 3977 845 4124 {onetqggt
871 3970 1089 4053 iuyum
1141 3968 1420 4052 ferreum
1473 3989 1663 4051 super
1725 3969 1948 4036 collum
2010 3974 2182 4034 tuum
2197 4020 2214 4048 ,
2283 3970 2468 4035 donec

561 4078 733 4140 asper
885 4061 961 4121 te.

687 4228 790 4293 30.
849 4226 1120 4292 Uxorem
1161 4227 1581 4308 desponsabis.
1667 4226 1798 4293 Hic
1842 4225 2218 4303 denunciat,
2274 4227 2462 4310 quid-

520 4314 674 4402 quid
720 4313 1090 4398 possident,
1148 4311 1442 4378 hostibus
1496 4314 1630 4377 fore
1674 4316 1741 4376 in
1781 4311 2090 4397 praedam
2136 4320 2202 4378 et
2246 4311 2464 4398 direp-

520 4404 784 4467 tionem.
889 4398 1083 4480 Quod
1143 4407 1357 4464 autem
1413 4400 1704 4466 omnium
1767 4410 1908 4464 erat
1972 4399 2461 4465 acerbissimum

519 4489 735 4572 primo
779 4485 919 4552 loco
964 4486 1181 4569 ponit,
1237 4506 1345 4551 eos
1403 4485 1753 4569 spoliatum
1800 4486 1880 4550 iri
1935 4486 2072 4550 suis
2129 4486 2461 4564 uxoribus,

520 4592 894 4657 quanquam
942 4571 1099 4636 mali
1150 4573 1557 4638 atrocitatem
1599 4571 1977 4654 amplificat,
2031 4568 2199 4654 quod
2257 4572 2464 4637 hostis

520 4682 653 4726 non
692 4668 948 4723 tantum
988 4677 1257 4722 uxorem
1306 4658 1515 4741 rapiet
1558 4677 1594 4721 e
1636 4657 1788 4722 sinu
1836 4657 2068 4735 mariti,
2112 4656 2222 4724 sed
2270 4677 2465 4741 spon-

521 4768 662 4812 sam
709 4743 928 4810 adhuc
983 4743 1297 4809 intactam
1361 4741 1699 4827 stuprabit.
1785 4741 1971 4807 Idem
2029 4741 2328 4808 extendit
2384 4745 2466 4808 ad

524 4832 749 4898 domos
794 4840 860 4894 ot
908 4830 1152 4895 vineas.
1242 4828 1465 4895 Grave
1508 4827 1681 4893 enim
1730 4837 1862 4905 est,
1911 4826 2134 4894 videre
2178 4830 2465 4896 fructum

518 4917 818 4984 laborum
865 4925 1236 4980 nostrorum
1299 4914 1380 4980 ab
1435 4914 1714 4980 inimicis
1770 4913 2048 4997 percipi,
2113 4923 2464 4998 antequam

515 5005 713 5089 potiri
750 5002 939 5067 nobis
975 5001 1199 5066 datum
1238 4999 1463 5066 fuerit:
1501 5001 1653 5083 quia
1687 5000 2022 5065 frustratio
2045 5001 2183 5084 spei
2203 5012 2466 5066 nostrae

521 5091 811 5156 dolorem
867 5110 993 5152 non
1053 5108 1286 5170 parum
1332 5096 1545 5171 auget.
1634 5087 1904 5151 Transit
1946 5084 2181 5151 deinde
2226 5085 2306 5152 ad
2352 5108 2466 5171 pe-

522 5174 738 5255 cudes,
777 5182 842 5239 et
878 5182 1208 5239 armenta:
1247 5172 1400 5237 inde
1437 5171 1518 5236 ad
1556 5172 1822 5237 liberos:
1860 5173 1926 5236 in
1965 5192 2240 5255 quorum
2264 5173 2464 5238 etiam

520 5269 710 5344 raptu
759 5260 1195 5326 calamitatem
1243 5259 1627 5343 amplificat:
1677 5259 1827 5342 quia
1869 5259 2028 5340 ipsis
2073 5257 2465 5339 videntibus,

519 5348 837 5415 tollentur
881 5367 1103 5410 eorum
1151 5344 1269 5410 filii
1309 5354 1376 5410 et
1417 5344 1608 5425 filiae,
1656 5354 1731 5410 ut
1772 5365 1928 5427 prae
1971 5364 2264 5409 moerore
2309 5344 2465 5410 defi·

2575 624 2755 688 ciant
2797 623 2988 701 oculi,
3032 641 3265 687 manus
3310 629 3528 686 autem
3575 620 3760 702 quasi
3807 625 4101 683 mortuae
4147 615 4227 681 ab
4274 614 4524 680 auxilio

2575 707 2839 775 ferendo
2881 707 3366 791 supersedeant.
3459 705 3733 772 Duabus
3781 704 3861 770 de
3904 704 4117 770 causis
4162 699 4523 785 praedones

2574 794 2688 878 qui
2732 795 2951 859 omnia
2994 814 3218 859 eorum
3265 792 3611 870 vorabunt,
3665 790 3824 857 dicit
3867 789 4000 855 illis
4043 788 4182 854 fore
4228 788 4522 871 incogni-

2576 890 2703 946 tos:
2763 880 2914 964 quia
2973 889 3038 944 et
3096 879 3318 944 minus
3378 878 3761 944 clementiae
3818 897 3894 942 ac
3951 873 4383 940 humanitatis
4441 870 4522 937 ab

2573 965 2820 1031 exteris
2863 964 3240 1030 hominibus
3285 973 3352 1030 et
3393 964 3688 1030 barbaris
3745 959 4137 1046 sperandum
4192 968 4291 1025 est
4325 979 4520 1042 quam

2573 1073 2613 1116 a
2659 1052 2907 1118 vicinis.
2997 1051 3090 1116 Et
3147 1053 3272 1115 hac
3328 1048 3836 1117 comminatione
3894 1045 4186 1113 terrendi
4253 1045 4522 1110 fuerunt

2572 1136 2836 1215 Iudaei,
2899 1158 2982 1203 ne
3026 1136 3151 1202 sibi
3195 1146 3449 1202 tantum
3497 1156 3646 1202 cum
3696 1133 3927 1200 vicinis
3970 1130 4277 1217 gentibus
4323 1150 4519 1213 nego—

2574 1224 2738 1288 tium
2785 1222 2925 1288 fore
2968 1231 3307 1306 putarent:
3369 1221 3522 1306 quia
3565 1222 3635 1286 in
3679 1220 3807 1286 Dei
3854 1219 4126 1285 arbitrio
4171 1226 4360 1294 esset,
4405 1236 4519 1298 po-

2573 1309 2760 1392 pulos
2820 1329 3149 1375 accersere
3211 1308 3407 1392 longe
3471 1313 3773 1372 remotos.
3874 1304 4168 1371 Tandem
4235 1301 4516 1381 subiicit,

2574 1395 2830 1460 nullum
2914 1393 3291 1460 afflictionis
3357 1392 3625 1458 modum
3703 1393 3872 1471 fore,
3954 1390 4156 1456 donec
4234 1387 4516 1455 cladium

2573 1480 2958 1565 magnitudo
3004 1502 3114 1546 eos
3160 1478 3648 1562 obstupefaciat.

2742 1566 2845 1632 35.
2895 1565 3207 1632 Percutiet
3245 1570 3302 1633 te
3346 1564 3592 1631 Iehova.
3664 1563 3888 1645 Quum
3932 1562 4240 1626 universo
4283 1561 4512 1647 generi

2570 1653 2861 1717 humano
2901 1672 3076 1717 mors
3121 1651 3209 1716 sit
3251 1652 3646 1728 communis,
3708 1648 3954 1714 morbis
4016 1668 4270 1731 quoque
4314 1647 4516 1713 obno-

2573 1738 2755 1803 xium
2805 1760 2945 1804 esse
2988 1747 3261 1822 oportet.
3350 1737 3488 1803 Nec
3547 1737 3790 1801 mirum
3836 1734 3889 1799 si
3936 1733 4158 1797 multis
4202 1733 4505 1814 miseriis,

2571 1846 2738 1908 quae
2772 1833 2926 1890 sunt
2962 1824 3207 1907 peccati
3253 1844 3520 1902 merces,
3557 1822 3886 1888 subiaceat
3921 1827 4057 1884 tota
4081 1819 4264 1884 Adae
4301 1826 4512 1901 poste-

2571 1910 2749 1988 ritas,
2784 1931 2950 1993 quae
2985 1910 3233 1993 peccati
3266 1908 3413 1974 labe
3449 1908 3688 1975 infecta
3724 1915 3841 1971 est.
3912 1905 4163 1970 Verum
4201 1905 4512 1989 quoniam

2568 1996 2754 2080 paria
2789 2017 2919 2060 non
2955 2004 3113 2061 sunt
3145 1996 3434 2060 omnium
3475 1992 3725 2068 delicta,
3763 1993 3945 2056 Deus
3981 2011 4233 2075 quoque
4268 1992 4512 2056 iustum

2567 2082 2636 2146 in
2682 2082 2908 2165 poenis
2951 2082 3156 2147 variis
3200 2078 3544 2165 exigendis
3590 2078 3853 2143 modum
3901 2088 4096 2154 tenet,
4146 2077 4339 2143 sicuti
4386 2077 4510 2144 hoc

2567 2168 2707 2232 loco
2779 2188 2909 2232 non
2976 2167 3056 2232 de
3129 2165 3509 2252 vulgaribus
3576 2173 3831 2230 tantum
3893 2162 4136 2228 morbis
4203 2163 4507 2246 loquitur,

2566 2253 2678 2319 sed
2745 2254 2978 2336 quibus
3034 2253 3392 2320 vindictam
3451 2271 3636 2316 suam
3698 2249 4015 2316 adversus
4069 2249 4233 2333 legis
4296 2259 4509 2315 trans-

2568 2359 2899 2423 gressores
2942 2338 3155 2422 palam
3203 2338 3636 2416 domonstret,
3688 2334 4054 2403 cuiusmodi
4097 2344 4255 2400 sunt
4296 2334 4510 2400 morbi

2565 2424 2978 2490 incurabiles.

2737 2511 2841 2577 36.
2911 2509 3189 2577 Abducet
3249 2508 3498 2575 Iehova.

2569 2595 2835 2661 tandem
2878 2595 3157 2662 Iudaeos
3200 2616 3346 2661 sero
3389 2594 3642 2670 docuit,
3702 2614 3835 2658 non
3891 2613 4137 2658 vanum
4194 2599 4510 2657 terrorem

2565 2684 2767 2749 fuisse
2823 2681 3181 2748 obiectum:
3251 2680 3418 2765 quod
3477 2680 3558 2744 ad
3619 2679 3987 2763 superiores
4044 2678 4244 2753 etiam
4299 2679 4512 2742 minas

2567 2778 2765 2854 patet.
2855 2768 3209 2852 Nunquam
3255 2768 3427 2832 enim
3474 2776 3740 2850 propter
3786 2764 4073 2829 locorum
4132 2761 4511 2828 distantiam

2567 2866 2914 2938 putassent
2968 2853 3197 2920 Iudaei
3258 2853 3568 2938 Assyrios
3630 2861 3695 2916 et
3752 2849 4121 2916 Chaldaeos
4184 2870 4327 2914 esse
4382 2849 4511 2915 Dei

2567 2941 2863 3025 flagella,
2907 2941 3079 3006 sicut
3118 2961 3193 3005 re
3235 2939 3379 3022 ipsa
3422 2938 3677 3021 experti
3719 2944 3910 3003 sunt:
3957 2936 4112 3019 quia
4157 2936 4353 3000 fidem
4397 2935 4511 3001 ab·

2569 3034 2965 3111 rogaverant
3007 3026 3225 3091 verbis
3269 3025 3493 3090 Mosis.
3583 3023 3797 3088 Multo
3840 3022 4064 3087 minus
4106 3028 4327 3087 autem
4373 3041 4510 3088 cre·

2570 3111 2768 3177 dibile
2824 3111 2958 3177 illis
3004 3113 3131 3177 fuit
3190 3131 3413 3195 regem
3465 3130 3655 3194 quem
3694 3116 4029 3175 creassent
4069 3109 4402 3190 captivum
4440 3108 4509 3171 in

2567 3198 2962 3283 longinquas
2995 3197 3296 3282 regiones
3331 3195 3503 3262 trahi
3538 3215 3748 3279 posse.
3808 3194 3897 3258 Et
3919 3203 4112 3274 certe,
4136 3193 4513 3259 tristissima

2570 3295 2636 3350 et
2678 3285 2966 3350 maxime
3010 3281 3438 3349 formidabilis
3481 3282 3607 3346 fuit
3650 3281 3812 3346 haec
3856 3300 4083 3363 poena,
4128 3299 4328 3362 quum
4378 3287 4514 3345 tota

2571 3391 2795 3436 eorum
2839 3370 3016 3435 salus
3061 3369 3142 3435 ab
3183 3368 3495 3435 incolumi
3541 3367 3717 3451 regis
3762 3375 3938 3433 statu
3972 3364 4308 3449 penderet.
4375 3362 4512 3430 Ita-

2570 3478 2696 3540 que
2741 3457 3054 3522 Ieremias
3099 3454 3369 3543 (Thren.
3416 3453 3476 3534 4,
3521 3452 3633 3541 20)
3678 3453 3799 3519 hoc
3858 3451 4106 3516 malum
4166 3471 4326 3534 prae
4367 3451 4513 3517 aliis

2570 3550 2956 3626 exaggerat,
3022 3541 3192 3625 quod
3265 3540 3572 3607 Christus
3638 3538 3793 3616 Dei,
3859 3539 3973 3622 qui
4037 3538 4306 3622 spiritus
4369 3546 4514 3603 erat

2570 3628 2915 3709 ecclesiae,
2969 3635 3037 3694 et
3079 3629 3147 3693 in
3194 3628 3379 3694 cuius
3423 3624 3656 3690 umbra
3713 3623 3932 3690 salvos
3976 3644 4046 3689 se
4069 3623 4201 3711 ‚ubi
4251 3646 4330 3689 ue
4375 3625 4511 3688 fore

2570 3714 2941 3798 sperabant,
2985 3722 3215 3797 captus
3257 3712 3475 3777 fuerit.
3548 3711 3753 3794 Atqui
3797 3709 3864 3774 id
3908 3717 4042 3774 tam
4086 3710 4157 3774 in
4240 3709 4511 3776 echonia

2570 3822 2764 3884 quam
2810 3801 2876 3865 in
2921 3799 3214 3866 Ioachim
3259 3809 3326 3863 et
3369 3797 3696 3864 Zedechia
3752 3795 4097 3879 impletum
4143 3795 4285 3862 fuit.
4374 3795 4510 3861 Nos

2567 3888 2787 3970 itaque
2852 3883 3209 3962 discamus,
3278 3884 3406 3949 Dei
3470 3883 3709 3949 iudicia
3770 3903 3904 3947 non
3968 3881 4187 3946 metiri
4248 3882 4510 3966 proprio

2570 3994 2784 4052 sensu,
2821 3972 2934 4037 sed
2967 3970 3048 4038 ad
3083 3992 3160 4036 ea
3194 3970 3715 4045 contremiscere,
3752 3968 4060 4050 quamvis
4083 3988 4201 4032 nos
4240 3967 4507 4032 lateant.

2569 4058 2952 4141 Captivitati
2998 4066 3216 4122 autem
3261 4056 3523 4121 additur
3580 4054 4100 4132 circumstantia,
4159 4074 4238 4118 ea
4280 4063 4511 4136 tyran·

2566 4143 2721 4209 nide
2762 4163 3145 4226 oppressum
3189 4142 3270 4206 iri
3316 4151 3390 4206 ut
3431 4152 3750 4226 cogantur
3791 4140 3973 4223 ligno
4020 4148 4087 4202 et
4129 4138 4332 4223 lapidi
4377 4159 4511 4205 ser—

2568 4232 2726 4295 vire.
2818 4229 3140 4311 Quamvis
3200 4228 3374 4292 enim
3418 4227 3605 4292 bardi
3649 4246 3725 4293 ac
3770 4223 4073 4292 socordes
4116 4236 4366 4304 essent,
4412 4226 4510 4291 vi-

2565 4337 2722 4402 gere
2787 4324 3007 4381 tamen
3071 4314 3241 4396 apud
3310 4332 3423 4378 eos
3489 4312 3713 4378 debuit
3776 4320 3914 4376 tam
3975 4310 4177 4376 crassi
4242 4311 4507 4378 sceleris

2567 4401 2984 4468 abominatio,
3066 4400 3245 4465 Hinc
3289 4398 3596 4483 colligere
3641 4397 3856 4474 licuit,
3902 4397 4165 4462 nonnisi
4209 4395 4508 4463 horribili

2568 4488 2692 4552 Dei
2759 4486 3054 4554 vindicta
3116 4494 3303 4551 tanta
3361 4485 3745 4550 necessitate
3824 4484 4025 4548 fuisse
4103 4484 4507 4549 constrictos.

2567 4572 2886 4655 Quamvis
2930 4575 3105 4639 enim
3149 4570 3351 4638 illecti
3396 4571 3643 4636 fuerint
3686 4570 3983 4655 gentium
4029 4569 4508 4653 superstitioni-

2567 4660 2720 4737 bus,
2767 4669 2842 4724 ut
2885 4680 2995 4725 eas
3038 4655 3269 4741 cupide
3314 4665 3730 4740 appeterent:
3790 4677 3872 4721 ex
3930 4675 4055 4738 quo
4112 4664 4332 4720 tamen
4379 4656 4506 4738 pri·

2567 4745 2703 4810 vati
2748 4744 2878 4811 Dei
2921 4744 3102 4812 cultu
3162 4744 3390 4828 iugum
3447 4744 3724 4808 miserae
3779 4749 3846 4805 et
3886 4741 4127 4823 impiae
4171 4741 4509 4807 servitutis

2567 4831 2692 4897 sibi
2727 4832 3103 4915 impositum
3140 4830 3499 4903 subierunt,
3539 4829 3769 4894 melius
3789 4827 4080 4891 innotuit
4102 4825 4510 4893 idololatriae

2566 4917 2857 4982 foeditas.
2960 4916 3206 4982 Subest
3258 4926 3478 4981 autem
3541 4915 3611 4979 in
3670 4913 3774 4979 his
3844 4911 4058 4977 verbis
4123 4913 4501 4979 antithesis:

2568 5005 2720 5086 quia
2763 5024 2921 5068 vero
2963 5002 3108 5067 Deo
3153 5023 3224 5067 se
3266 5001 3614 5078 subiicere,
3661 5008 3729 5064 et
3773 5019 4002 5083 parere
4047 4999 4186 5064 eius
4231 4999 4357 5084 legi
4405 5019 4507 5064 re-

2568 5088 2880 5167 cusarint,
2924 5088 3063 5154 fore
3109 5088 3427 5153 idolorum
3476 5085 3817 5168 mancipia.

2737 5174 2841 5240 37.
2910 5172 3071 5241 Eris
3128 5175 3198 5239 in
3239 5179 3566 5255 stuporem.
3658 5170 3789 5236 Hic
3849 5169 4116 5236 additur
4170 5178 4507 5236 extremus

2566 5260 2887 5326 malorum
2932 5259 3267 5339 cumulus,
3328 5258 3488 5324 adeo
3532 5257 3700 5321 nihil
3744 5256 3959 5322 solatii
4006 5255 4087 5321 ab
4134 5256 4511 5323 hominibus

2567 5367 2911 5425 sensuros,
2969 5355 3049 5429 ut
3106 5366 3332 5411 omnes
3373 5341 3659 5428 undique
3705 5363 3932 5408 eorum
3978 5343 4311 5409 aerumnis
4355 5363 4509 5409 con-

3600 2507 3821 2573 Huius
3887 2506 4182 2572 vaticinii
4237 2515 4513 2571 eventus
