5017 6142
624 472 753 539 299

627 661 731 726 vel
797 657 1043 725 debiles
1107 658 1402 725 iacuisse.
1504 656 1652 737 Quo
1724 656 2163 739 praestantior
2222 657 2346 722 fuit
2402 656 2580 721 zelus

624 746 932 825 Phinees,
980 743 1134 809 dum
1180 754 1276 808 tot
1315 741 1648 826 improbos
1694 753 1760 806 et
1804 740 2152 808 sceleratos
2187 743 2252 807 in
2290 763 2410 807 sua
2452 741 2580 807 las·

624 831 802 899 civia
867 831 1162 897 furentes
1231 829 1548 894 lacessere
1628 850 1755 893 non
1838 826 2183 893 dubitavit.
2292 828 2368 893 Si
2433 828 2581 911 quis

626 918 905 996 obiiciat,
952 925 1160 982 metas
1202 936 1359 980 suae
1404 914 1762 980 vocationis
1807 914 2195 993 excessisse,
2242 916 2396 997 quia
2484 914 2580 979 la-

629 1004 813 1070 dium
858 1024 982 1087 quo
1042 1001 1353 1067 divinitus
1411 1008 1704 1065 armatus
1758 1020 1891 1064 non
1953 1007 2121 1079 erat,
2178 997 2261 1063 ad
2315 1019 2429 1065 cae
2475 1020 2580 1064 cm

629 1090 1015 1175 arripuerit,
1067 1088 1138 1153 in
1197 1098 1506 1170 promptu
1572 1093 1674 1151 est
1737 1087 2106 1169 responsio,
2177 1086 2583 1151 vocationem

631 1198 767 1242 non
830 1194 1086 1258 semper
1151 1173 1427 1257 astringi
1484 1170 1566 1236 ad
1627 1193 1867 1237 munus
1923 1171 2362 1251 ordinarium,
2431 1171 2585 1255 quia

630 1263 816 1329 Deus
860 1259 1189 1326 interdum
1235 1259 1445 1323 servis
1490 1257 1625 1322 suis
1671 1278 1873 1324 novas
1918 1266 1984 1322 et
2025 1257 2321 1322 insolitas
2366 1277 2578 1340 perso-

632 1368 756 1414 nas
795 1346 1086 1430 imponit.
1176 1343 1521 1427 Quatenus
1565 1343 1867 1409 sacerdos
1910 1355 2051 1407 erat
2096 1343 2398 1422 Phinees,
2444 1343 2585 1407 eius

632 1455 763 1499 non
819 1433 946 1497 fuit
1001 1431 1247 1497 crimen
1307 1429 1569 1496 ulcisci:
1628 1450 1857 1495 verum
1919 1429 2240 1512 singulari
2298 1427 2427 1493 Dei
2482 1429 2582 1492 in-

634 1518 881 1586 stinctu
926 1525 1194 1583 vocatus
1239 1526 1355 1592 est,
1402 1524 1479 1580 ut
1522 1514 1717 1580 homo
1761 1514 2005 1598 alioqui
2049 1516 2345 1599 privatus
2391 1514 2583 1599 spiri·

635 1614 778 1670 tum
845 1611 1143 1670 sanctum
1211 1600 1486 1667 haberet
1563 1600 1812 1667 ducem.
1922 1600 2107 1665 Haec
2184 1599 2444 1683 quidem
2512 1601 2584 1664 in

635 1690 1012 1774 exemplum
1060 1688 1229 1752 trahi
1277 1707 1410 1752 non
1456 1685 1709 1765 debent,
1759 1697 1833 1751 ut
1868 1684 2019 1752 inde
2054 1694 2383 1752 statuatur
2417 1705 2588 1752 com-

634 1777 853 1842 munis
897 1774 1154 1858 regula:
1201 1772 1466 1837 interim
1510 1780 1729 1837 tamen
1774 1779 1998 1837 manet
2041 1793 2161 1837 sua
2201 1771 2348 1837 Deo
2392 1770 2586 1837 liber-

636 1872 758 1942 tas,
804 1870 877 1927 ut
922 1860 1270 1944 privilegio
1314 1879 1539 1924 servos
1583 1879 1734 1922 suos
1777 1858 1860 1924 ad
1896 1880 2000 1923 res
2036 1856 2357 1942 gerendas
2391 1864 2588 1940 prout

636 1950 851 2015 visum
895 1945 1098 2011 fuerit
1141 1945 1493 2029 praeficiat.
1583 1943 1791 2010 Cuius
1835 1945 1929 2009 rei
1976 1953 2226 2010 certum
2274 1942 2585 2008 iudicium

598 2034 606 2043 '
636 2035 781 2099 fieri
805 2041 1015 2116 potest
1049 2030 1132 2096 ab
1168 2030 1310 2097 eius
1344 2029 1841 2113 approbatione:
1879 2031 2070 2099 sicuti
2106 2032 2298 2095 firma
2332 2031 2587 2094 ratione

638 2119 1026 2202 colligimus,
1072 2118 1152 2183 ab
1195 2117 1335 2201 ipso
1378 2115 1815 2199 gubernatum
1859 2117 2063 2181 fuisse
2086 2116 2389 2194 Phinees,
2434 2114 2589 2198 quia

637 2226 793 2272 mox
838 2203 1295 2289 pronunciavit
1339 2203 1462 2267 sibi
1506 2201 1762 2268 facinus
1806 2201 2096 2286 placere:
2141 2200 2314 2284 quod
2357 2201 2588 2266 simili-

640 2300 743 2357 ter
800 2290 867 2355 in
915 2289 1175 2355 Psalmo
1238 2288 1420 2374 (106,
1480 2286 1592 2374 30)
1647 2288 1988 2371 repet-itur.
2079 2288 2269 2353 Nunc
2328 2288 2381 2352 si
2442 2287 2589 2369 quis

638 2376 836 2442 homo
891 2376 1216 2459 privatus,
1274 2394 1693 2458 praepostero
1751 2372 1888 2438 zelo
1934 2396 2005 2439 se
2049 2371 2130 2438 ad
2186 2371 2588 2456 puniendum

639 2462 851 2529 simile
895 2463 1139 2527 crimen
1183 2462 1444 2545 ingerat
1486 2461 1731 2525 frustra
1765 2481 1836 2524 se
1872 2460 2264 2524 imitatorem
2302 2458 2589 2523 Phinees

640 2547 937 2625 iactabit,
994 2547 1119 2611 nisi
1165 2546 1461 2612 coelestis
1506 2542 1800 2610 mandati
1859 2544 2059 2629 probe
2114 2543 2235 2609 sibi
2293 2544 2588 2610 conscius

641 2634 856 2699 fuerit.
926 2630 1249 2699 Occurrat
1291 2631 1498 2716 igitur
1533 2652 1789 2714 semper
1824 2631 2012 2697 nobis
2038 2630 2285 2696 Christi
2324 2650 2589 2713 respon-

641 2739 788 2784 sum
831 2717 1022 2805 (Luc.
1070 2719 1141 2797 9,
1187 2715 1326 2803 55),
1372 2738 1501 2801 quo
1545 2716 1897 2800 discipulos
1940 2717 2339 2800 compescuit
2382 2736 2584 2800 quum

641 2805 891 2871 vellent
941 2805 1242 2887 exemplo
1288 2803 1473 2868 Elias
1526 2807 1781 2886 precari
1827 2812 1902 2867 ut
1946 2803 2086 2886 igni
2129 2800 2391 2868 coelesti
2433 2823 2585 2866 con·

641 2901 1063 2957 sumerentur
1106 2891 1217 2974 qui
1261 2911 1371 2955 eos
1415 2910 1544 2955 non
1590 2898 2001 2973 receperant:
2069 2888 2353 2954 Nescitis
2397 2887 2587 2953 cuius

637 2978 909 3061 spiritus
966 2976 1136 3056 sitis,
1194 2976 1420 3058 inquit.
1510 2975 1689 3060 Ergo
1749 2984 1822 3040 ut
1868 2975 2007 3039 Deo
2048 2974 2365 3058 probetur
2406 2972 2587 3038 zelus

639 3070 879 3139 noster,
925 3059 1277 3146 prudentia
1318 3060 1644 3144 spirituali
1690 3061 2070 3144 temperari,
2117 3069 2182 3126 et
2224 3058 2357 3125 Dei
2399 3068 2584 3125 auto-

639 3150 834 3214 ritate
892 3147 1032 3232 regi
1090 3167 1354 3213 necesse
1408 3157 1537 3213 est:
1607 3146 1885 3230 denique
1939 3146 2241 3229 spiritum
2287 3153 2587 3212 sanctum

640 3235 917 3320 praeire,
963 3255 1037 3300 ac
1083 3233 1327 3299 dictare
1370 3231 1528 3317 quid
1573 3243 1822 3299 rectum
1868 3235 1969 3298 sit.

815 3320 875 3386 9.
924 3319 1012 3385 Et
1048 3319 1303 3401 fuerunt
1336 3319 1565 3385 mortui
1595 3320 1796 3403 playa
1829 3318 1963 3384 illa.
2032 3316 2314 3383 Videtur
2341 3338 2380 3381 a
2405 3316 2589 3382 Mose

645 3405 1013 3489 discrepare
1024 3405 1292 3483 Paulus,
1312 3406 1420 3488 qui
1446 3414 1703 3471 tantum
1729 3404 1965 3488 viginti
1990 3406 2118 3468 tria
2130 3403 2340 3468 millia
2362 3401 2585 3467 refert:

646 3510 875 3557 verum
913 3491 1154 3557 scimus
1185 3492 1251 3555 in
1291 3491 1582 3557 numeris
1620 3511 1753 3556 non
1779 3511 2035 3574 semper
2058 3489 2269 3555 teneri
2290 3497 2591 3555 exactam

646 3576 989 3641 rationem.
1098 3576 1443 3643 Probabile
1510 3585 1610 3642 est
1675 3577 1935 3642 circiter
2000 3576 2239 3661 viginti
2312 3584 2592 3659 quatuor

647 3661 853 3727 millia
895 3661 1138 3728 occisos
1182 3682 1342 3728 esse.
1432 3662 1877 3727 Millenarium
1925 3683 2077 3746 ergo
2123 3680 2331 3727 unum
2376 3661 2593 3725 detra-

648 3748 750 3812 xit
793 3746 1077 3827 Paulus,
1123 3757 1187 3811 et
1229 3750 1531 3814 citeriore
1576 3769 1849 3814 numero
1892 3759 2238 3816 contentus
2292 3747 2453 3825 fuit,
2509 3767 2593 3812 ex

645 3854 774 3916 quo
819 3840 1039 3898 tamen
1085 3835 1446 3917 perspicere
1488 3834 1713 3900 liceret
1753 3854 1947 3917 quam
1991 3855 2219 3899 severa
2258 3839 2327 3897 et
2368 3832 2595 3917 gravis

643 3920 880 3986 fuisset
924 3918 1114 3983 ultio:
1179 3920 1315 4000 qua'
1350 3941 1466 3984 nos
1512 3918 1726 3986 doceri
1772 3919 2077 3986 admonet
2120 3940 2202 3984 ne
2245 3916 2593 3983 scortando

649 4008 816 4070 iram
842 4005 969 4070 Dei
1014 4023 1459 4088 provocemus.
1526 4003 1738 4072 Sicuti
1780 4008 1955 4071 enim
1998 4002 2439 4089 prodigiosum
2474 4011 2592 4083 est,

651 4091 842 4156 foeda
886 4102 951 4155 et
994 4086 1300 4172 pudenda
1352 4089 1497 4154 labe
1553 4099 1801 4156 tantam
1856 4089 2347 4156 multitudinem
2394 4089 2594 4155 fuisse

649 4176 982 4251 infectam,
1020 4175 1113 4239 ita
1149 4174 1334 4241 nobis
1372 4185 1523 4240 ante
1558 4177 1773 4244 oculos
1804 4177 2147 4244 subiicitur
2182 4173 2594 4241 formidabile

653 4262 781 4327 Dei
825 4260 1139 4327 iudicium
1185 4267 1418 4326 contra
1462 4259 1791 4326 adulteros·
1830 4272 1896 4327 et
1951 4272 2357 4330 scortatores.
2446 4262 2595 4327 Etsi

653 4354 869 4412 autem
916 4346 1156 4430 impiae
1193 4344 1573 4412 defectionis
1616 4348 1714 4410 rei
1754 4358 1972 4425 erant,
2017 4349 2149 4414 iam
2193 4360 2413 4413 tamen
2460 4346 2595 4412 dic-

653 4436 798 4499 tum
831 4432 973 4509 fuit,
1011 4432 1244 4497 merito
1279 4450 1558 4514 poenam
1598 4430 1874 4499 adscribi
1909 4433 2183 4513 libidini,
2216 4455 2383 4518 quae
2416 4433 2595 4517 ipsos

655 4519 738 4586 ad
784 4518 1213 4585 idololatriam
1259 4518 1541 4601 impulit.

1176 4858 1308 4924 EX
1351 4856 1682 4924 EODEM
1728 4856 2084 4925 OAPI'PE.

835 5030 933 5095 10.
989 5031 1166 5095 Tunc
1207 5029 1497 5111 loquutus
1540 5033 1627 5093 est
1650 5027 1879 5094 lehova
1921 5030 2007 5094 acl
2030 5028 2267 5111 Mosen,
2311 5033 2599 5101 dicendo:

657 5121 688 5184 1
703 5119 759 5182 1.
795 5115 1061 5183 Phinees
1077 5114 1256 5197 filius
1281 5114 1559 5180 Eleazar
1573 5114 1702 5197 filii
1724 5113 1989 5180 Ahoerou
2019 5118 2361 5184 sacerdotis
2383 5121 2600 5185 avertit

657 5202 1226 5270 excandescentiam
1280 5221 1484 5266 meam
1540 5222 1583 5267 α
1623 5198 1785 5281 filiis
1831 5200 2065 5282 Israel,
2124 5223 2317 5285 quum
2367 5204 2602 5272 zelatus

658 5295 750 5356 est
790 5290 927 5371 ipse
980 5288 1182 5354 zelum
1237 5307 1443 5353 meum
1499 5288 1571 5352 in
1625 5286 1826 5352 medio
1882 5306 2123 5368 eorum,
2182 5295 2236 5354 el
2288 5310 2412 5356 uon
2470 5310 2602 5357 con-

659 5378 906 5458 sumpsi
959 5374 1131 5457 filios
1192 5374 1402 5441 Israel
1458 5374 1529 5439 in
1584 5372 1710 5439 zelo
1763 5392 1912 5438 meo.
2016 5374 2115 5439 12.
2169 5375 2411 5443 Idcirco
2473 5377 2602 5444 dic.-

2033 464 2444 536 REDI'I'US
2494 467 2622 533 AD
2667 466 3218 536 HISTORIAM.

4503 463 4629 533 300

2680 654 2857 737 Ecce,
2901 677 3007 757 ⁶9⁰.
3048 659 3130 758 do
3176 658 3237 722 ei
3263 661 3525 739 pactum
3568 676 3798 733 meum,
3831 656 4040 738 pacis.
4134 652 4370 754 1320Et
4408 653 4529 719 erit
4569 656 4629 754 si

2681 747 3572 911 :fwffiffffitfflffi
3610 747 3916 927 BQ
3932 740 4629 925 fumum:

2684 914 2912 982 ‘W‘
3001 915 3102 981 ¹4·
3126 913 3830 1067 &mamam
3844 911 4435 1079 emmam
4447 932 4630 1063 ’,ςὲιΐ

2672 1021 3017 1187 ἷῖἷῖἷῖἑὲε
3032 1022 3327 1186 {nimiae
3390 1087 3591 1185 trum·
3586 1085 3900 1185 namon]
3783 1051 3798 1080 '
3900 1133 3916 1148 .
4017 1083 4117 1185 is.
4155 1082 4426 1183 ‘Nomen
4486 1048 4629 1183 verb

2682 1172 3256 1342 :mm
3016 1192 3272 1336 mm,
3296 1168 4211 1341 Μωᾳᾱωῖἕῗέἶωᾟῗιέἒαΐ
4240 1167 4633 1354 ἕῗῖιίἔὲἱὲῖἶζῑ

2685 1348 2837 1409 erat.
2930 1346 3028 1410 16.
3076 1344 3531 1442 Loquutusnest
3574 1347 3781 1408 autem
3823 1341 4053 1441 Ielwva
4095 1342 4183 1407 ad
4226 1340 4481 1415 Mosen,
4536 1340 4634 1440 ᾷι·

2684 1430 3469 1598 {marm
3488 1427 4637 1596 assumamus

2684 1601 2912 1683 quibus
2986 1602 3425 1685 fraudulenter
3501 1605 3754 1684 egerunt
3813 1604 4033 1665 contra
4095 1619 4202 1664 vos
4267 1599 4341 1664 in
4403 1598 4636 1683 nepotio

2690 1686 2890 1787 Peor,
2951 1695 3003 1753 et
3060 1690 3130 1753 in
3184 1688 3418 1770 myotio
3474 1684 3699 1752 chozbi
3758 1685 3934 1768 filiae
3985 1684 4307 1767 principis
4364 1682 4634 1750 Madian

2685 1793 2925 1925 &3:23
2966 1795 3153 1853 suae,
3197 1791 3695 1856 quaepercussa
3739 1777 3829 1837 est
3870 1792 3938 1836 m
3980 1770 4349 1855 dwplayae
4393 1774 4637 1853 propter

2863 2030 2961 2096 10.
3006 2031 3181 2097 Tunc
3224 2030 3513 2113 loquutus
3548 2035 3636 2096 est
3674 2029 3921 2095 Iehova.
3993 2027 4117 2093 His
4161 2026 4381 2094 verbis
4426 2034 4638 2092 osten·

2690 2114 2788 2180 dit
2811 2115 2992 2181 Deus
3036 2137 3108 2183 se
3154 2124 3452 2181 autorem
3498 2117 3698 2182 fuisse
3742 2112 3993 2180 caedis:
4039 2133 4171 2178 non
4218 2123 4440 2178 tamen
4489 2113 4640 2196 quia

2689 2202 2810 2267 hoc
2865 2200 3055 2268 modo
3111 2203 3408 2287 placatus
3462 2202 3665 2267 fuerit
3721 2221 3879 2286 erga
3932 2199 4282 2284 populum,
4351 2197 4466 2263 sed
4528 2197 4640 2263 ubi

2688 2288 2896 2352 zelum
2956 2287 3240 2354 Phinees
3297 2309 3488 2354 suum
3546 2295 3755 2353 vocat.
3856 2285 4249 2368 Quanquam
4316 2304 4640 2368 peraeque

2689 2374 3037 2440 conveniet
3080 2376 3221 2441 sive
3264 2374 3523 2456 passive
3567 2373 3709 2438 sive
3767 2373 3980 2439 active
4036 2372 4344 2454 accipias:
4401 2390 4640 2453 nempe

2690 2458 2861 2542 quod
2923 2460 3210 2526 Phinees
3267 2459 3403 2524 zelo
3460 2458 3894 2525 vindicandae
3959 2457 4205 2542 gloriae
4263 2455 4388 2521 Dei
4444 2456 4640 2521 fuerit

2691 2566 3017 2626 accensus,
3066 2546 3170 2612 vel
3215 2545 3507 2610 induerit
3549 2545 3756 2628 ipsius
3802 2543 3930 2610 Dei
3974 2544 4300 2610 affectum.
4367 2541 4640 2608 Utrum·

2693 2632 2792 2696 vis
2836 2632 3109 2716 placeat,
3152 2632 3223 2697 in
3261 2653 3331 2697 se
3365 2633 3582 2715 ipsum
3620 2631 3933 2696 transfert
3957 2629 4139 2695 Deus
4173 2626 4346 2713 quod
4380 2638 4639 2714 gestum

2692 2719 2890 2783 fuerit
2946 2739 2986 2783 a
3038 2718 3345 2785 Phineos.
3452 2717 3583 2784 Ubi
3640 2724 3858 2781 autem
3918 2736 3989 2780 se
4042 2715 4373 2799 placatum
4435 2714 4641 2780 fuisse

2693 2813 2971 2869 testatur
3006 2814 3268 2888 sumpta
3303 2824 3531 2886 poena,
3573 2823 3654 2868 ne
3689 2803 4090 2867 meritoriam
4128 2799 4642 2867 satisfactionem

2690 2890 3161 2974 imaginemur,
3229 2911 3357 2972 qua
3421 2891 3683 2973 fingunt
3749 2887 4043 2972 papistae
4098 2885 4330 2952 redimi
4397 2906 4640 2969 poenas

2693 2996 2909 3041 coram
2969 2977 3131 3041 Deo.
3221 2976 3367 3040 Etsi
3432 2976 3606 3039 enim
3674 2974 3884 3039 iustae
3944 2972 4262 3039 scelerum
4316 2969 4640 3038 vindictae

2693 3063 3010 3128 sacrificia
3055 3075 3210 3128 sunt
3266 3061 3419 3128 boni
3477 3059 3728 3139 odoris,
3771 3061 4042 3125 minime
4102 3072 4322 3124 tamen
4382 3056 4642 3141 piacula

2693 3159 2851 3214 sunt
2907 3148 2986 3212 ad
3048 3169 3202 3214 eum
3260 3144 3828 3213 reconciliandum.
3918 3143 4179 3211 Deinde
4233 3166 4363 3209 non
4427 3144 4642 3227 agitur

2694 3233 2803 3299 hic
2846 3233 2926 3299 dc
2970 3233 3531 3317 compensatione,
3590 3230 3703 3298 sed
3762 3232 3929 3297 ratio
3983 3230 4288 3314 placandi
4333 3229 4462 3295 Dci
4505 3228 4641 3307 fuit,

2694 3320 2863 3403 quod
2909 3328 3042 3384 tam
3089 3341 3320 3386 severa
3356 3318 3605 3385 ultione
3648 3316 3934 3385 cohibita
3975 3317 4101 3382 fuit
4142 3315 4365 3400 populi
4411 3315 4644 3397 impie-

2685 3417 2825 3485 tas,
2871 3426 3037 3488 quae
3082 3404 3164 3470 ad
3206 3406 3371 3470 iram
3420 3406 3564 3470 eius
3606 3402 4144 3469 inflammandam
4188 3401 4375 3484 quasi
4416 3400 4644 3466 flabel-

2692 3492 2830 3557 lum
2876 3501 3034 3557 erat.
3103 3492 3332 3575 Itaque
3368 3492 3436 3554 in
3462 3491 3727 3556 Psalmo
3767 3488 3909 3555 106.
3956 3511 4089 3554 non
4134 3488 4312 3571 operi
4335 3487 4644 3566 Phinees,

2693 3578 2808 3645 sed
2854 3586 3112 3643 tantum
3158 3578 3516 3660 precationi
3573 3576 3850 3660 placatio
3915 3575 4257 3653 tribuitur,
4316 3574 4468 3658 quia
4525 3591 4647 3657 pro

2692 3666 2839 3730 iure
2872 3663 3251 3729 sacerdotali
3288 3663 3563 3746 supplex
3599 3662 4060 3728 intercesserit.
4121 3660 4386 3725 Interea
4422 3666 4646 3724 tamen

2697 3771 2926 3816 verum
2971 3762 3071 3815 est
3114 3748 3280 3815 illud
3316 3749 3507 3814 Pauli
3551 3746 3640 3834 (1.
3678 3748 3828 3814 Cor.
3873 3748 3975 3828 11,
4019 3745 4151 3834 31),
4195 3766 4331 3811 non
4366 3743 4646 3811 iudicari

2695 3857 2736 3901 a
2775 3837 2932 3915 Dec,
2978 3836 3091 3919 qui
3127 3845 3359 3918 sponte
3395 3855 3466 3899 se
3500 3834 3677 3918 ipsos
3710 3833 4021 3914 iudicant,
4064 3833 4219 3917 quia
4260 3853 4379 3898 sua
4420 3830 4648 3914 poeni-

2695 3923 2903 3988 tentia
2989 3920 3461 4006 quodammodo
3561 3921 3997 4003 praeveniunt
4079 3921 4223 3984 eius
4308 3916 4645 3982 iudicium.

2694 4008 2953 4075 Merces
3009 4027 3166 4073 vero
3210 4008 3615 4091 promittitur
3656 4005 3782 4090 ipsi
3828 4006 4146 4085 Phinees,
4210 4000 4648 4070 sacerdotium

2693 4103 3103 4178 perpetuum.
3172 4092 3248 4159 Si
3284 4094 3430 4176 quis
3464 4091 3742 4169 obiiciat,
3788 4091 3954 4156 nihil
3999 4111 4242 4157 novum
4285 4088 4409 4156 hoc
4452 4087 4649 4154 modo

2698 4201 2847 4245 eum
2891 4181 3231 4264 consequi,
3278 4180 3430 4261 quia
3472 4178 3602 4242 iam
3647 4199 3731 4242 ex
3776 4178 3940 4262 legis
3983 4176 4382 4260 praescripto
4426 4184 4649 4241 certus

2696 4275 2840 4331 erat
2873 4265 3077 4348 patris
3120 4284 3474 4331 successor:
3524 4263 3881 4348 respondeo
3925 4284 4056 4329 non
4101 4283 4244 4328 esse
4285 4282 4533 4327 novum
4570 4268 4652 4325 ut

2696 4350 2870 4436 quod
2914 4352 3044 4417 iam
3092 4360 3246 4416 ante
3292 4351 3499 4434 gratis
3548 4349 3875 4434 pollicitus
3923 4358 4024 4414 est
4069 4350 4280 4427 Deus,
4326 4346 4650 4413 mercedis

2697 4438 2959 4503 nomine
3004 4457 3075 4503 se
3119 4436 3430 4502 daturum
3473 4436 3875 4520 pronunciet.
3965 4433 4075 4501 Sic
4118 4432 4290 4518 quod
4336 4432 4650 4498 Abrahae

2699 4522 2946 4589 dictum
3015 4522 3224 4588 fuerat
3290 4533 3443 4588 ante
3509 4532 3737 4587 natum
3797 4521 4015 4600 Isaac,
4083 4529 4426 4604 postquam
4491 4539 4646 4583 eum

2696 4619 2984 4676 mactare
3040 4618 3311 4692 paratus
3367 4610 3524 4689 fuit,
3579 4610 3814 4674 iterum
3862 4608 4211 4692 repetitur:
4275 4605 4450 4686 Quia
4506 4625 4646 4670 non

2696 4694 3044 4779 pepercisti
3079 4693 3212 4759 filio
3247 4703 3381 4773 tuo,
3417 4693 3561 4759 ideo
3596 4693 3974 4760 benedicam
4011 4691 4147 4773 tibi,
4185 4700 4254 4757 et
4285 4692 4355 4756 in
4391 4691 4648 4757 semine

2697 4793 2811 4845 tuo
2846 4780 3312 4847 benedicentur
3366 4801 3591 4845 omnes
3647 4793 3877 4863 gentes
3933 4777 4134 4866 (Gon.
4191 4778 4306 4859 22,
4369 4777 4450 4843 16
4494 4776 4644 4877 sq.).

2697 4865 2956 4931 Deinde
2999 4886 3129 4931 non
3175 4865 3559 4949 simpliciter
3604 4864 3683 4930 dc
3738 4866 3879 4930 iure
3938 4866 4136 4930 unius
4187 4864 4474 4931 hominis
4531 4864 4649 4929 luc

2696 4953 2931 5036 agitur,
2968 4951 3079 5017 sed
3105 4952 3184 5017 de
3220 4952 3627 5018 successione
3662 4952 3991 5030 continua,
4029 4971 4107 5018 ac
4139 4953 4195 5017 si
4230 4951 4646 5035 promitteret

2698 5038 2915 5116 Deus,
2971 5058 3310 5122 nunquam
3353 5038 3771 5105 interiturum
3817 5038 3958 5103 eius
4001 5057 4245 5103 semen.
4332 5037 4424 5101 Et
4466 5045 4648 5103 certe

2699 5122 2974 5189 mutatio
3040 5144 3207 5207 quae
3273 5123 3394 5188 sub
3459 5122 3850 5207 principium
3916 5121 4285 5189 Solomonis
4349 5124 4647 5209 contigit,

2698 5210 2852 5275 huic
2928 5209 3340 5292 promissioni
3420 5230 3554 5274 non
3632 5218 3985 5293 repugnat:
4081 5210 4232 5293 quia
4323 5207 4648 5292 probabili

2700 5296 2951 5361 ratione
2993 5295 3323 5381 colligitur
3383 5293 3596 5362 Sadoc
3640 5315 3771 5359 non
3815 5295 4035 5360 minus
4078 5314 4274 5379 quam
4319 5295 4649 5362 Abiathar

2702 5379 2906 5448 fuisse
2987 5383 3393 5467 progenitum
3478 5403 3560 5446 ex
3639 5401 3881 5465 genere
3943 5378 4245 5447 Phinees.
4358 5381 4645 5449 Pactum
