5017 6142
495 443 579 511 93
1901 442 2313 512 REDI'I'US
2356 445 2487 511 AD
2533 442 3079 512 HISTORIAM.
4393 449 4480 514 94

491 633 814 702 sermonis
855 634 1242 701 modestiam
1289 656 1447 719 prae
1490 655 1561 701 se
1604 635 1751 715 fert,
1796 634 2028 700 frivola
2071 644 2290 699 tamen
2336 641 2440 700 est

493 721 849 787 excusatio,
939 720 1145 788 Recte
1187 721 1450 805 quidem
1494 719 1766 787 Aharon
1808 721 1921 804 qui
1961 719 2439 804 primogenitus

495 814 638 872 erat
654 858 670 888 ,
711 814 1090 873 reverenter
1144 806 1340 873 fratri
1389 827 1461 872 se
1517 806 1877 872 submittit:
1933 806 2087 888 quia
2143 805 2441 888 agnoscit

494 913 636 960 esse
671 892 800 958 Dei
842 893 1238 972 ministrum,
1284 901 1352 959 et
1394 890 1479 958 ad
1522 892 1660 959 eius
1703 892 2196 977 castigationem
2239 891 2439 974 trepi-

496 978 626 1044 dat.
716 977 851 1044 Sed
902 977 1277 1063 praestabat
1334 979 1621 1078 ingenue
1677 977 1935 1061 culpam
1994 977 2185 1042 fateri
2243 997 2438 1060 quam

493 1063 990 1148 tergiversando
1034 1065 1476 1131 damnationis
1519 1063 1956 1148 ignominiam
1998 1063 2242 1147 fugere.
2312 1060 2441 1127 Oa-

489 1149 647 1234 pitis
691 1150 866 1215 enim
908 1150 1124 1217 fuerat
1155 1149 1481 1216 moderari
1524 1158 1733 1216 totum
1777 1170 2030 1234 corpus,
2073 1169 2149 1216 ac
2193 1146 2439 1213 tumul-

490 1243 634 1301 tum
681 1236 1009 1320 gravitate
1050 1247 1117 1302 et
1159 1237 1526 1302 constantia
1578 1236 1836 1302 sedare:
1896 1234 2065 1319 quod
2110 1234 2168 1300 si
2210 1232 2292 1298 ad
2335 1233 2438 1298 fu-

486 1341 710 1387 rorem
754 1342 960 1404 usque
1017 1321 1303 1387 ferveret
1358 1322 1891 1404 intemperantia,
1950 1320 2163 1387 decies
2221 1319 2438 1403 potius

482 1409 657 1472 mori
693 1428 887 1490 quam
928 1408 1103 1475 flecti
1139 1406 1222 1474 ad
1258 1418 1393 1474 tam
1428 1408 1667 1473 servile
1702 1415 1771 1473 et
1805 1415 1996 1489 turpe
2031 1405 2435 1488 obsequium.

480 1491 599 1558 Ex
643 1493 775 1558 fine
815 1512 972 1558 vero
1016 1501 1318 1576 apparet,
1376 1492 1532 1559 dum
1586 1493 1782 1559 nimis
1827 1492 1907 1558 de
1950 1491 2436 1558 existimatione

480 1590 716 1644 :nostra
782 1577 1040 1644 solliciti
1100 1578 1181 1644 ad
1239 1578 1522 1665 tegenda
1577 1588 1691 1645 aut
1733 1579 2012 1645 fucanda
2056 1587 2279 1643 nostra
2323 1575 2433 1642 de-

487 1663 647 1730 licta
689 1663 978 1730 studium
1023 1663 1384 1743 adiicimus,
1429 1664 1803 1749 hypocrisin
1843 1672 2133 1729 nostram
2172 1662 2435 1729 demum

487 1750 635 1815 fieri
678 1749 1037 1815 ridiculam.
1126 1750 1273 1815 Non
1320 1749 1587 1816 dubium
1634 1760 1736 1817 est
1778 1751 1936 1834 quin
1980 1748 2276 1827 Aharon,
2321 1748 2433 1814 ubi

488 1834 651 1901 dicit
707 1857 777 1901 se
847 1836 1199 1902 coniecisse
1265 1857 1499 1902 aurum
1564 1837 1633 1901 in
1699 1839 1921 1921 ignem
1940 1887 1955 1912 ‚
2023 1843 2088 1900 et
2151 1833 2435 1900 vitulum

487 1920 756 2001 exiisse,
809 1931 1116 2002 conetur,
1176 1943 1372 2006 quam
1430 1942 1699 2005 prorsus
1762 1943 1892 1988 non
1947 1929 2164 2005 potest
2215 1920 2435 1986 eluere

486 2004 770 2089 culpam,
827 2007 1068 2090 frigida
1104 2015 1172 2073 et
1220 2008 1378 2073 exili
1417 2007 1791 2074 narratione
1826 2018 2159 2090 utcunque
2196 2015 2433 2091 tegere.

486 2093 699 2175 Atqui
742 2093 1082 2176 pueriliter
1137 2093 1446 2178 nugando
1501 2094 1669 2158 nihil
1728 2092 1907 2160 aliud
1962 2112 2159 2175 quam
2220 2092 2434 2176 impu-

490 2177 779 2243 dentiam
837 2177 1088 2263 prodit,
1147 2188 1222 2244 ut
1265 2179 1348 2244 ad
1394 2179 1728 2246 cumulum
1773 2178 2212 2244 damnationis
2255 2198 2435 2245 acce·

491 2261 605 2328 dat
664 2273 800 2330 tam
859 2265 1096 2349 supina
1151 2267 1487 2332 securitas.
1588 2264 1776 2332 Haec
1830 2266 2005 2330 iusta
2061 2263 2437 2329 ambitionis

489 2357 754 2415 nostrae
796 2371 1065 2431 merces,
1110 2348 1265 2416 dum
1312 2350 1394 2415 ad
1436 2351 1656 2417 larvas
1690 2351 2134 2435 confugimus,
2178 2347 2438 2433 Deique

489 2433 734 2502 iudicio
778 2436 1171 2521 opponimus
1213 2445 1507 2503 nostram
1553 2435 1958 2522 hypocrisin.

1002 2779 1134 2844 Ex
1178 2777 1511 2845 EODEM
1557 2776 1910 2899 OAPI'I'EQ.

656 2949 760 3017 25.
816 2950 990 3016 Vidit
1022 2955 1229 3016 autem
1264 2949 1476 3016 Moses
1513 2950 1681 3032 quod
1700 2949 1982 3032 populus
2013 2947 2433 3030 discoopertus

487 3042 675 3104 esset:
710 3034 885 3123 (nam
918 3035 1417 3118 discooperuerat
1437 3058 1580 3103 eum
1603 3034 1872 3101 Aharon
1900 3035 1987 3101 ad
2020 3034 2434 3118 iynominiam

484 3124 654 3189 inter
694 3123 892 3190 hostes
932 3120 1186 3209 eorum).
1275 3123 1378 3188 26.
1443 3122 1623 3188 Stetit
1677 3140 1815 3206 erqo
1860 3120 2072 3187 Moses
2125 3122 2198 3187 in
2241 3126 2435 3203 porta

488 3213 862 3308 castrorum,
916 3212 976 3273 et
1014 3208 1211 3273 dixit.-
1280 3208 1439 3289 Θαίς
1480 3213 1569 3274 est
1614 3207 1950 3308 Isslfqvass?‚
1993 3206 2105 3272 Ad
2144 3227 2257 3272 me.
2345 3206 2436 3273 Ec

485 3316 656 3446 αεωιιέ·
651 3298 857 3478 Ῐθῗῖο
877 3297 1054 3445 {uffa
1065 3293 1334 3445 αῗειῗῖυῗ
1370 3313 1584 3446 332?
1598 3292 2140 3479 ῗῑεῖἆεῖῗαῖἰῳιῗιέ
2176 3291 2433 3461 34³ae

482 3464 772 3550 ylcdvum
815 3483 1002 3531 suum
1045 3485 1237 3548 super
1273 3465 1481 3547 femur
1523 3485 1741 3531 suum:
1783 3470 2045 3531 bran-§nte
2086 3469 2142 3530 et
2179 3466 2437 3532 reverti-

484 3551 652 3616 mini
685 3572 728 3617 a
759 3555 951 3634 porta
985 3550 1071 3617 ad
1099 3555 1358 3633 portam
1401 3552 1471 3616 in
1513 3550 1759 3628 castris,
1806 3555 1863 3615 et
1896 3551 2144 3617 occidite
2176 3551 2436 3634 quisque

476 3638 752 3720 fratrem
808 3656 1029 3717 suurn,
1077 3642 1134 3703 et
1190 3639 1454 3721 quisque
1496 3640 1770 3704 amicum
1810 3655 2001 3702 suum
2014 3688 2029 3712 ‚
2075 3642 2133 3702 et
2172 3638 2435 3719 quisque

467 3723 1170 3874 mmm:-
1209 3722 1981 3875 mmmm...
1778 3742 1920 3807 “⁹⁰
1972 3722 2320 3892 “istm-'⁴00²‘
2337 3742 2435 3873 :t

486 3893 595 3959 die
649 3892 768 3960 illa
826 3893 1069 3960 circiter
1132 3895 1260 3960 tria
1312 3894 1522 3961 millia
1583 3895 1881 3961 virorum.
1983 3894 2086 3959 29.
2155 3893 2436 3960 Dixerat

482 3984 695 4045 autem
750 3977 995 4045 Moses:
1053 3978 1409 4048 Consecrate
1462 4000 1723 4048 manum
1779 3984 2050 4046 vestram
2107 3980 2286 4047 hodie
2330 3978 2434 4045 Ie-

482 4064 693 4145 hovae,
739 4084 957 4149 nempe
992 4067 1254 4149 quisque
1294 4067 1366 4132 in
1403 4068 1541 4150 filio
1576 4087 1710 4147 suo,
1753 4072 1809 4133 et
1840 4067 1912 4132 in
1944 4066 2149 4149 fratre
2179 4086 2328 4132 suo.-
2367 4070 2440 4130 ut

480 4151 666 4217 detur
707 4150 887 4218 hodie
927 4152 1100 4218 vobis
1140 4152 1484 4220 benedictio.

657 4321 764 4388 25.
820 4321 1002 4389 Vidit
1035 4328 1241 4390 autem
1263 4322 1478 4391 Moses
1510 4326 1673 4406 quod
1701 4326 1988 4408 populus
2020 4326 2438 4409 discoopertus

484 4413 659 4475 esset.
748 4406 882 4473 Hic
940 4417 1250 4475 narratur
1307 4410 1469 4477 ultio
1527 4432 1656 4494 qua
1708 4434 1865 4479 usus
1925 4422 2025 4478 est
2078 4413 2297 4477 Moses
2355 4408 2438 4476 ad

485 4493 890 4578 expiandum
936 4494 1180 4561 scelus:
1226 4517 1359 4562 non
1396 4497 1571 4581 quod
1606 4519 1814 4582 poena
1848 4498 2010 4565 haec
2047 4518 2265 4564 coram
2292 4495 2437 4562 Deo

485 4581 923 4648 satisfactoria
964 4581 1195 4663 fuerit,
1253 4595 1328 4647 ut
1371 4580 1764 4667 loquuntur,
1822 4585 1936 4650 sed
1996 4584 2147 4667 quia
2205 4580 2288 4649 ad
2333 4581 2439 4647 de-

484 4666 753 4732 lendam
792 4665 1022 4750 culpae
1057 4669 1442 4734 memoriam
1478 4668 1605 4734 fuit
1639 4670 1848 4737 utilis:
1886 4680 2061 4738 certe
2096 4668 2179 4736 ad
2215 4689 2439 4733 exem-

483 4753 669 4837 plum
714 4752 980 4836 profuit.
1045 4753 1218 4819 Nam
1255 4755 1484 4821 occisis
1521 4755 1734 4821 tribus
1769 4756 2075 4835 millibus,
2121 4754 2437 4820 admoniti

483 4839 754 4906 fuerunt
795 4859 1022 4905 omnes
1067 4861 1137 4906 se
1180 4839 1352 4905 idem
1397 4840 1599 4907 fuisse
1633 4844 2041 4927 promeritos.
2107 4842 2248 4908 Nec
2281 4860 2437 4907 vero

486 4923 762 4990 dubium
790 4933 893 4990 est
926 4925 1080 5008 quin
1118 4927 1488 5010 praecipuis
1512 4927 1669 4993 mali
1692 4929 2030 4995 autoribus
2051 4938 2266 4993 castra
2286 4948 2440 5011 pur-

485 5012 772 5162 ξανθή,
809 5031 937 5094 quo
971 5010 1156 5078 Deus
1197 5012 1278 5077 ad
1315 5013 1785 5099 ignoscendum
1824 5023 1995 5081 esset
2031 5014 2436 5098 propensior.

547 5098 791 5162 rimum
837 5097 1041 5180 igitur
1098 5107 1363 5165 notatur
1406 5120 1600 5165 causa
1658 5120 1785 5185 qua
1829 5101 1910 5167 ad
1956 5110 2208 5167 tantam
2254 5119 2437 5166 seve-

486 5184 758 5249 ritatem
802 5203 1114 5250 accensus
1150 5185 1311 5250 fuit:
1359 5206 1593 5268 nempe
1628 5187 1780 5270 quia
1817 5187 2133 5272 populum
2170 5184 2439 5252 videbat

489 5268 586 5335 sic
629 5269 953 5335 nudatum
999 5291 1141 5336 esse
1186 5279 1262 5337 ut
1306 5271 1594 5338 hostium
1638 5292 1898 5357 quoquc
1940 5273 2223 5340 ludibrio
2265 5271 2438 5336 foret

484 5356 842 5439 expositus.
923 5354 1116 5437 Quod
1162 5357 1529 5424 nuditatem
1574 5358 1838 5442 quidam
1883 5366 2240 5444 exponunt,
2285 5357 2439 5441 quia

2541 632 2784 715 privati
2827 633 3088 698 fuerant
3129 632 3266 699 suis
3325 634 3761 712 ornamentis,
3818 634 4088 701 minime
4140 643 4476 702 consenta-

2542 738 2742 783 neum
2785 726 2901 785 est.
2990 718 3156 783 Mox
3199 719 3370 784 enim
3432 719 3765 787 adiicitur:
3822 720 4217 787 Probrosum
4274 720 4479 788 fuisse

2538 804 2711 869 inter
2746 804 2967 870 hostes
3001 822 3187 870 suos:
3225 814 3294 870 et
3326 814 3637 888 sequetur
3668 807 3878 890 capite
3911 808 4227 890 proximo,
4263 807 4478 874 adhuc

2540 889 2877 973 splendide
2919 890 3122 955 fuisse
3165 900 3443 969 ornatos,
3489 892 3621 956 imo
3663 900 3952 975 gestasse
3994 892 4304 976 profanae
4344 893 4478 959 lae-

2544 975 2727 1040 titiae
2768 975 3073 1060 insignia.
3158 976 3309 1042 Non
3369 975 3639 1042 dubium
3681 978 3888 1062 igitur
3930 990 4032 1044 est
4070 980 4228 1063 quin
4273 979 4477 1063 signi-

2542 1063 2690 1128 ficet
2735 1062 3007 1127 reiectos
3053 1081 3194 1128 esse
3233 1082 3273 1126 a
3316 1062 3492 1141 Deo,
3538 1063 3645 1146 qui
3690 1064 3957 1130 unicum
4003 1074 4146 1130 erat
4186 1066 4477 1148 ipsorum

2542 1146 2736 1212 decus
2755 1197 2770 1225 ,
2829 1156 2897 1212 et
2952 1146 3073 1212 sub
3138 1148 3323 1213 cuius
3386 1150 3789 1231 protectione
3853 1152 3979 1216 tuti
4043 1161 4248 1216 erant.
4349 1149 4478 1216 His

2541 1246 2761 1298 autem
2795 1231 3018 1298 verbis
3053 1234 3433 1317 erprimitur
3466 1234 3621 1299 mali
3655 1236 3979 1318 gravitas:
4023 1257 4100 1301 eo
4133 1235 4305 1320 quod
4341 1257 4478 1302 non

2540 1317 2751 1384 solum
2794 1319 3038 1401 privati
3078 1319 3327 1385 fuerint
3369 1319 3496 1385 Dei
3550 1320 3826 1397 auxilio,
3881 1323 3992 1405 qui
4050 1332 4322 1389 vocatur
4364 1320 4478 1387 do-

2539 1404 2855 1471 micilium
2920 1403 3146 1488 populi
3211 1405 3314 1470 sui
3372 1403 3574 1491 (Psal.
3636 1405 3741 1486 90,
3802 1406 3894 1494 1):
3959 1408 4073 1474 sed
4140 1408 4339 1473 etiam
4404 1408 4477 1472 in

2536 1490 2965 1574 ignominiam
3002 1491 3301 1573 proiecti:
3346 1512 3551 1575 quum
3587 1491 3870 1575 undique
3905 1492 4359 1560 obsiderentur
4394 1492 4479 1558 ab

2539 1575 2853 1642 hostibus.
2942 1575 3119 1642 Hinc
3178 1584 3406 1644 sancta
3459 1576 3823 1661 indignatio
3841 1629 3856 1656 ,
3900 1587 3976 1644 ut
4016 1599 4291 1662 poenam
4336 1578 4477 1643 exi·

2538 1671 2723 1747 geret
2760 1660 2841 1727 de
2883 1662 3044 1746 ipsis
3090 1661 3473 1728 defectionis
3527 1663 3866 1746 capitibus.
3955 1667 4056 1730 Ac
4109 1662 4476 1729 notandum

2538 1756 2639 1814 est
2680 1749 2918 1813 iterum
2960 1747 3252 1813 maxima
3294 1749 3584 1816 criminis
3629 1759 3814 1833 parte
3863 1750 4125 1834 gravari
4168 1749 4475 1815 Aharon:

2537 1834 2690 1917 quia
2755 1854 2887 1899 non
2947 1833 3108 1900 satis
3163 1832 3425 1900 cordate
3484 1835 3709 1920 populi
3764 1838 4075 1902 vesaniae
4127 1836 4472 1901 restiterat.

2537 1921 2750 1986 Porro
2792 1921 2861 1985 in
2907 1939 2984 1984 eo
3028 1919 3330 2003 apparuit
3372 1918 3775 1986 admirabilis
3817 1918 3950 1986 Dei
4000 1922 4245 2000 virtus,
4304 1917 4476 2004 quod

2538 2004 2652 2070 ubi
2694 2005 2966 2072 Levitae
3012 2004 3272 2085 citavit,
3326 2013 3396 2071 et
3435 2006 3652 2089 palam
3694 2006 3765 2072 in
3808 2016 3996 2090 porta
4041 2005 4247 2071 edixit
4288 2014 4367 2071 ut
4407 2025 4477 2071 se

2540 2091 2775 2177 gladiis
2851 2091 3269 2175 accingerent
3285 2141 3300 2171 ,
3381 2112 3511 2156 non
3587 2091 4026 2159 tumultuatae
4104 2093 4241 2158 sint
4311 2092 4478 2157 aliae

2541 2198 2768 2242 omnes
2813 2176 3042 2242 tribus.
3131 2175 3480 2243 Probabile
3521 2176 3698 2242 enim
3742 2186 3885 2243 erat
3925 2178 4168 2243 armari
4212 2176 4293 2244 ad
4326 2197 4479 2260 poe·

2540 2281 2693 2328 nam
2739 2261 2820 2328 de
2862 2263 3076 2328 noxiis
3120 2262 3534 2329 sumendam:
3580 2263 3692 2346 qui
3733 2264 3812 2329 fit
3844 2284 4001 2348 ergo
4035 2273 4111 2328 ut
4143 2263 4480 2347 quiescant

2540 2349 2666 2415 sibi
2731 2348 2902 2414 male
2966 2348 3243 2415 conscii:
3308 2348 3438 2414 nisi
3502 2348 3671 2432 quod
3738 2369 3961 2415 eorum
4021 2348 4358 2416 audaciam
4415 2356 4480 2414 et

2538 2435 2826 2500 furorem
2870 2434 3266 2519 compescuit
3319 2433 3589 2518 spiritus
3633 2434 3762 2501 Dei
3815 2434 4154 2518 potentia?
4234 2433 4480 2501 Obser-

2545 2528 2705 2587 vatu
2748 2528 2969 2585 autem
3013 2520 3081 2585 di
3176 2542 3216 2586 a
3260 2528 3362 2586 est
3402 2519 3780 2586 indictionis
3823 2520 4062 2586 forma:
4108 2518 4241 2601 Qui
4284 2520 4476 2586 Ieho·

2543 2627 2664 2673 vae
2707 2613 2837 2684 est,
2898 2627 2968 2671 se
3020 2627 3056 2670 a
3160 2627 3266 2672 me
3323 2606 3644 2673 conferat:
3702 2628 3786 2671 ex
3844 2624 3975 2689 qua
4030 2605 4364 2686 discimus,
4421 2606 4479 2671 si

2542 2692 2730 2758 nobis
2772 2690 2952 2758 cordi
2994 2699 3096 2756 est
3137 2692 3367 2776 religio
3409 2703 3484 2758 ut
3528 2699 3850 2772 meretur,
3907 2711 4042 2756 non
4102 2711 4242 2757 esse
4299 2691 4477 2757 clau·

2540 2776 2891 2843 dicandum
2936 2779 3004 2842 in
3051 2784 3399 2861 utramque
3441 2785 3727 2862 partem:
3772 2777 3884 2843 sed
3929 2778 3998 2842 in
4046 2797 4282 2842 ennam
4374 2796 4479 2841 ro-

2535 2863 2887 2930 fessionem
2935 2863 3181 2946 requiri
3197 2914 3212 2942 ,
3270 2874 3344 2929 ut
3386 2885 3457 2929 se
3500 2864 3775 2948 quisque
3819 2863 3939 2929 sub
3981 2798 4112 2927 ὅθί
4155 2796 4478 2928 vexillum

2539 2949 2825 3035 colligat.
2913 2947 3164 3015 Omnes
3219 2950 3396 3016 enim
3441 2949 3570 3015 Dei
3626 2970 3849 3015 servos
3905 2948 3988 3014 ad
4043 2969 4114 3014 se
4170 2946 4479 3027 vocando,

2537 3036 2878 3122 ignaviae,
2951 3036 3084 3101 imo
3147 3036 3457 3119 perfidiae
3520 3035 3684 3101 alios
3747 3056 3972 3101 omnes
4037 3033 4302 3099 damnat
4367 3032 4479 3117 qui

2538 3122 2737 3188 medii
2781 3122 3154 3188 subsistent.
3224 3120 3584 3203 Quaeritur
3616 3129 3836 3187 tamen
3880 3141 3964 3186 an
4006 3129 4194 3185 extra
4237 3138 4477 3185 noxam

2535 3207 2781 3274 fuerint
2814 3207 3131 3288 Levitae,
3192 3208 3304 3291 qui
3346 3208 3571 3273 statim
3616 3207 3699 3273 ad
3742 3205 4229 3290 exsequendum
4270 3205 4476 3287 impe-

2537 3294 2708 3359 rium
2753 3292 3138 3376 prosiliunt,
3191 3294 3377 3377 quasi
3422 3292 3661 3359 sinceri
3716 3292 3961 3377 gloriae
4002 3292 4129 3357 Dei
4170 3290 4477 3357 vindices.

2535 3378 2960 3463 Respondeo,
3007 3379 3308 3461 quamvis
3351 3400 3482 3445 non
3526 3379 3766 3444 fuerint
3811 3379 4142 3443 immunes
4185 3398 4226 3442 a
4267 3384 4475 3454 reatu,

2537 3464 2693 3530 dum
2737 3473 2957 3530 tamen
2999 3474 3180 3531 metu
3224 3464 3506 3548 perculsi
3552 3464 3789 3549 populo
3824 3483 4075 3529 morem
4110 3468 4478 3547 gesserunt,

2532 3550 2747 3617 levius
2791 3571 3091 3634 peccasse
3134 3571 3328 3634 quam
3372 3553 3428 3617 si
3471 3570 3792 3617 consensu
3837 3550 4225 3633 probassent
4267 3547 4481 3613 detes—

2532 3637 2799 3704 tabilem
2839 3633 3301 3703 idololatriam.
3385 3635 3520 3702 Sed
3565 3636 3672 3701 hic
3715 3636 4105 3720 perspicitur
4149 3635 4316 3699 mira
4350 3633 4480 3698 Dei

2533 3722 2980 3807 indulgentia,
3035 3723 3148 3807 qui
3204 3743 3335 3788 non
3377 3721 3574 3788 modo
3619 3723 3881 3787 veniam
3927 3720 4137 3800 dedit,
4184 3717 4298 3785 sed
4342 3717 4483 3803 glo-

2536 3810 2700 3876 riam
2747 3830 2936 3875 suam
2979 3828 3271 3875 asserere
3316 3807 3626 3893 dignatus
3666 3817 3767 3874 est
3808 3809 4105 3890 ipsorum
4151 3826 4374 3884 manu,
4413 3810 4481 3870 et

2534 3894 2873 3961 ministros
2916 3895 3255 3960 constituit
3296 3893 3378 3959 ad
3424 3891 3833 3979 puniendum
3880 3895 4125 3958 crimen
4143 3942 4161 3971 ,
4219 3891 4291 3955 in
4352 3910 4479 3973 quo

2536 3980 2873 4047 tolerando
2952 3982 3236 4064 turpiter
3308 3978 3541 4046 molles
3609 3988 3677 4044 et
3748 3977 4107 4044 effeminati
4199 3977 4477 4042 fuerant.

2538 4065 2781 4148 Quaeri
2849 4087 3114 4132 rursum
3176 4074 3390 4151 potest
3455 4065 3568 4149 qui
3623 4065 3868 4132 factum
3922 4064 4010 4131 sit
4065 4070 4143 4129 ut
4200 4082 4286 4127 ex
4340 4070 4481 4127 tota

2537 4152 2789 4237 reliqua
2828 4151 3247 4218 multitudine
3291 4172 3486 4217 nemo
3531 4149 3763 4235 pedem
3819 4148 4105 4216 moverit
4150 4148 4231 4215 ad
4275 4148 4481 4214 Mosis

2537 4238 2909 4322 imperium.
3011 4239 3157 4322 Ego
3210 4259 3366 4305 vero
3420 4238 3704 4303 arbitror
3745 4256 3883 4302 non
3938 4242 4315 4319 contemptu
4376 4232 4480 4301 vel

2540 4325 2997 4401 obstinatione,
3042 4323 3156 4389 sed
3200 4323 3450 4408 pudore
3493 4331 3753 4388 tantum
3797 4321 3997 4388 fuisse
4039 4330 4357 4386 retentos:
4405 4339 4481 4384 ac

2539 4418 2799 4477 tantum
2846 4409 3116 4475 terroris
3153 4410 3353 4475 fuisse
3387 4408 3691 4474 omnibus
3725 4407 4078 4485 incussum,
4113 4413 4192 4470 ut
4220 4404 4481 4473 attoniti

2540 4495 3068 4580 exspectaverint
3111 4516 3417 4579 quorsum
3476 4493 3774 4560 tenderet
3816 4495 4038 4559 Moses
4057 4543 4072 4571 ,
4133 4499 4198 4558 et
4242 4510 4481 4576 quous-

2540 4604 2666 4667 que
2723 4580 3030 4665 progredi
3089 4581 3310 4647 vellet.
3399 4579 3728 4647 Credibile
3785 4588 4007 4646 autem
4067 4588 4165 4645 est
4209 4576 4481 4643 Levitas

2539 4665 2926 4734 nominatim
2966 4667 3167 4734 fuisse
3203 4676 3481 4744 vocatos,
3527 4675 3594 4733 et
3629 4667 3709 4732 ab
3745 4666 3982 4733 effectu
4017 4664 4085 4730 id
4119 4663 4478 4748 colligitur:

2541 4753 2969 4904 quialstatitrli³
3006 4762 3267 4838 praesto
3311 4753 3665 4819 adfuerunt
3707 4774 3967 4831 omnes,
4025 4770 4217 4817 nemo
4261 4758 4480 4813 autem

2540 4860 2624 4905 ex
2668 4859 2705 4904 a
2732 4840 2799 4904 ia
2840 4840 2926 4905 tri
2972 4860 3035 4905 u.

2710 4925 2814 4990 27.
2866 4924 2974 4990 Sic
3015 4926 3177 4992 dixit
3220 4925 3473 4992 Iehova.
3562 4925 3755 4991 Iubet
3798 4923 4071 4991 Levitas
4130 4918 4367 5005 gladiis
4410 4939 4481 4984 se

2540 5011 2881 5095 accingere
2926 5010 3006 5076 ad
3052 5021 3338 5097 stragem
3403 5011 3722 5077 edendam
3784 5011 3939 5075 totis
3999 5005 4257 5074 castris:
4317 5025 4482 5089 quae

2540 5107 2728 5163 atrox
2788 5105 2856 5163 et
2912 5118 3109 5165 saeva
3162 5098 3375 5182 primo
3438 5098 3686 5164 intuitu
3740 5094 3951 5163 videri
4008 5099 4258 5177 posset,
4321 5091 4480 5156 dum

2540 5191 2854 5249 vetantur
2918 5183 3261 5263 fratribus,
3328 5184 3554 5251 amicis
3618 5192 3685 5249 et
3749 5178 4130 5265 propinquis
4193 5197 4478 5261 parcere,

2540 5268 2809 5335 modum
2833 5279 3052 5335 tamen
3076 5270 3350 5336 minime
3384 5271 3683 5348 excessit,
3720 5268 3773 5333 si
3811 5272 4198 5348 reputamus
4234 5277 4480 5347 quanto

2542 5356 2809 5441 gravius
2849 5357 2937 5422 sit
2979 5376 3235 5423 sacrum
3281 5355 3409 5422 Dei
3454 5355 3701 5423 cultum
3760 5350 4002 5419 violare
4059 5371 4255 5435 quam
4306 5349 4481 5415 iniu-
