5017 6142
535 457 657 523 127

528 638 2034 808 armenium
2081 637 2468 790 {mn

527 809 1892 974 fflffimfflfflmmffff
1908 809 2466 992 &mixi

530 995 693 1054 team
745 1005 940 1051 unam
955 1035 971 1066 ,
1032 988 1270 1049 centum
1326 982 1585 1065 triyinta
1640 980 1934 1047 siclorum
1978 981 2236 1061 pondus
2292 999 2463 1044 eius.-

518 1073 815 1158 phialam
847 1090 1043 1137 unam
1067 1073 1435 1153 arqenteam,
1469 1068 1865 1151 septuayinta
1898 1067 2215 1144 siclorum,
2253 1085 2464 1130 secun-

534 1161 685 1226 dum
743 1158 965 1223 siclum
1021 1154 1403 1236 sanctuarii,
1471 1152 1688 1217 ambas
1743 1152 1923 1232 ipsas
1965 1151 2193 1232 plenas
2247 1150 2464 1217 simila

531 1264 856 1328 conspersa
889 1242 1013 1307 oleo
1048 1241 1115 1304 in
1149 1239 1445 1305 minham.
1533 1238 1638 1303 20.
1690 1236 1980 1303 Gochlear
2020 1257 2219 1302 unum
2260 1237 2464 1303 decem

531 1332 825 1397 siclorum
841 1376 858 1410 ,
913 1346 1208 1402 aureum,
1266 1325 1524 1405 plenum
1587 1323 1820 1406 suffitu.
1951 1321 2056 1387 21.
2125 1323 2464 1387 Iuvencum

531 1435 730 1481 unum
750 1465 764 1492 ,
804 1412 1013 1494 filium
1057 1412 1339 1490 armenti,
1384 1411 1638 1475 arietem
1680 1427 1894 1483 unum,
1940 1428 2171 1492 aynum
2208 1407 2466 1472 annicu—

531 1502 681 1580 lum,
718 1501 788 1564 in
820 1498 1265 1564 holocaustum:
1349 1496 1452 1560 22.
1491 1494 1580 1559 Et
1612 1494 1855 1560 hircum
1889 1514 2230 1574 caprarum
2271 1513 2466 1558 unum

517 1607 645 1669 pro
677 1589 955 1669 peccato.-
1038 1582 1141 1648 23.
1178 1581 1267 1646 Et
1294 1601 1419 1663 pro
1460 1579 1770 1661 sacrificio
1800 1580 2321 1662 prosperitatum,
2366 1578 2466 1642 bo-

530 1691 636 1738 ves
676 1671 833 1737 duos
850 1719 864 1746 ,
920 1670 1149 1734 arietes
1189 1667 1490 1749 quinque,
1536 1666 1739 1731 hircos
1780 1667 2073 1747 quinque,
2116 1684 2312 1748 aqnos
2354 1685 2465 1728 an·

531 1757 771 1823 niculos
803 1756 1090 1839 quinque.
1180 1753 1357 1819 Haec
1390 1757 1479 1818 est
1510 1751 1731 1817 oblatio
1769 1750 2072 1816 Nethanel
2099 1751 2226 1831 lilii
2272 1748 2464 1814 Suar.

534 1842 637 1908 24.
681 1841 809 1907 Die
850 1843 1029 1906 tertio
1060 1840 1362 1921 princeps
1400 1836 1680 1919 filiorum
1722 1836 2008 1913 Zebulon,
2057 1834 2248 1900 Eliab
2286 1834 2465 1916 filius

539 1928 757 1994 Helen.
849 1924 952 1991 25.
1019 1925 1258 1991 Oblatio
1312 1927 1517 1989 autem
1571 1923 1708 1987 eius
1761 1922 1887 2006 fuit
1911 1922 2143 2004 patina
2183 1925 2467 2005 arqentea

533 2035 693 2091 una,
753 2016 991 2079 centum
1050 2010 1309 2094 triyinta
1361 2007 1661 2074 siclorum
1706 2008 1958 2091 pondus
2012 2008 2181 2072 eius:
2239 2004 2468 2088 phiala

533 2120 667 2164 una
721 2103 1011 2180 arqentea
1024 2147 1039 2177 ,
1092 2095 1489 2178 septuayinta
1532 2093 1825 2159 siclorum
1867 2093 2201 2157 secundum
2244 2092 2467 2156 siclum

532 2185 915 2251 sanctuarii.-
955 2181 1171 2248 ambae
1227 2182 1402 2263 ipsae
1448 2180 1678 2261 plenae
1719 2178 1936 2244 simila
1978 2198 2302 2260 conspersa
2344 2177 2469 2242 oleo

532 2271 602 2336 in
636 2268 931 2335 minham.
1020 2268 1123 2333 26.
1178 2264 1468 2334 Gochlear
1512 2284 1705 2328 unum
1746 2265 1947 2330 decem
1989 2264 2280 2329 siclorum
2295 2313 2310 2342 ,
2353 2283 2467 2326 au-

533 2354 1085 2507 iifflipklruils
1128 2352 1362 2503 w?
1446 2347 1947 2519 αἶῖῐαεὴὶΐέἔς
1981 2349 2469 2500 0132&stssss

536 2526 974 2593 holocaustum.
1062 2523 1164 2589 28.
1206 2523 1446 2587 Hircus
1476 2541 1819 2603 caprarum
1853 2541 2019 2586 unus
2044 2541 2167 2603 pro
2191 2524 2469 2601 peccato:

539 2613 641 2678 29.
687 2611 776 2677 Et
818 2631 946 2693 pro
987 2608 1296 2690 sacrificio
1326 2606 1819 2689 prosperitatum
1861 2606 2033 2672 boves
2088 2607 2212 2672 duo
2228 2655 2243 2684 ,
2303 2604 2466 2669 arie-

537 2705 628 2763 tes
683 2697 953 2780 quinque
968 2746 983 2774 ‚
1039 2695 1204 2761 hirci
1260 2694 1532 2775 quinque
1548 2743 1562 2772 ,
1630 2693 1780 2774 ayni
1836 2693 2110 2774 quinque
2165 2689 2463 2756 anniculi.

542 2784 714 2849 Haec
764 2782 894 2864 fuit
945 2781 1168 2847 oblatio
1210 2777 1406 2844 Eliab
1445 2777 1573 2858 filii
1619 2776 1839 2877 Iielon.
1880 2861 1895 2876 ⁸
1931 2776 2033 2842 30.
2078 2776 2206 2843 Die
2249 2780 2468 2858 quarto

529 2861 2470 3034 Ῑὸῗιᾬέἴὲεῧῗἦῖιωμῖἷῖἰθῖιρῗέιῗὲἀὲἷᾚῆωἴῐῳεῗιξ

537 3040 833 3105 siclorum
870 3038 1123 3120 pondus
1179 3037 1348 3100 eius:
1393 3033 1621 3118 phiala
1674 3055 1807 3098 una
1860 3039 2177 3118 arqentea,
2222 3038 2466 3115 septua-

534 3127 713 3209 9inta
767 3125 1062 3190 siclorum
1075 3173 1090 3201 ‚
1150 3120 1483 3186 secundum
1539 3118 1761 3184 siclum
1815 3120 2192 3200 sanctuarii,
2253 3118 2471 3183 ambae

537 3212 719 3294 ipsae
775 3211 1003 3292 plenae
1044 3206 1260 3273 simila
1316 3226 1649 3288 conspersa
1694 3206 1819 3271 oleo
1868 3206 1934 3269 in
1972 3204 2280 3269 minham:
2367 3204 2468 3269 32.

544 3295 834 3362 Cochlear
873 3315 1070 3359 unum
1114 3293 1311 3359 decem
1353 3292 1645 3357 siclorum
1661 3342 1678 3372 ‚
1719 3310 2002 3362 aureum,
2037 3290 2294 3371 plenum
2337 3290 2472 3372 suf·

534 3382 669 3463 ἤια.
717 3380 817 3444 33.
846 3379 1154 3445 Iuvencus
1187 3398 1353 3443 unus
1390 3378 1567 3457 filius
1599 3378 1885 3446 armenti,
1931 3376 2100 3440 aries
2136 3395 2321 3455 unus,
2365 3396 2475 3459 ay-

539 3488 666 3532 nus
716 3486 882 3530 unus
925 3465 1262 3531 anniculus
1298 3465 1366 3528 in
1399 3462 1850 3528 holocaustum.-
1937 3461 2040 3527 34.
2082 3461 2319 3527 Hircus
2373 3480 2471 3526 ca·

527 3570 808 3634 prarum
850 3571 1017 3615 unus
1050 3571 1173 3634 pro
1205 3553 1486 3631 peccato.-
1544 3547 1645 3613 35.
1693 3548 1782 3613 Et
1810 3568 1937 3631 pro
1981 3546 2292 3629 sacrificio
2324 3568 2472 3630 pro-

538 3638 906 3719 speritatum
948 3636 1126 3702 boves
1167 3636 1317 3715 duo,
1362 3635 1586 3699 arietes
1627 3634 1897 3715 quinque
1912 3685 1927 3714 ,
1974 3632 2137 3699 hirci
2180 3633 2466 3716 quinque,

540 3720 1017 3874 Stlssm’mass‘
1059 3718 1815 3888 Qssffissszffiilgs
1831 3717 2472 3887 mnf-m

544 3893 842 3960 Sezumiez
871 3893 1047 3975 filius
1086 3890 1487 3957 sammai.
1573 3892 1679 3956 37.
1734 3891 1975 3957 oblatio
2017 3892 2154 3956 eius
2193 3890 2319 3972 suu
2348 3856 2470 3971 pal

539 3980 677 4045 tina
729 3985 1018 4063 arqentea
1070 3998 1201 4043 una
1216 4028 1231 4057 ,
1295 3981 1531 4041 centum
1589 3977 1849 4059 triyinta
1891 3977 2187 4042 siclorum
2220 3977 2473 4056 pondus

540 4066 710 4130 eius.-
755 4064 984 4147 phiala
1042 4083 1175 4128 una
1216 4067 1536 4147 arqentea,
1591 4064 1981 4147 septuayinta
2021 4061 2332 4138 siclorum,
2376 4083 2469 4125 sc·

539 4150 814 4216 cundum
854 4150 1077 4215 siclum
1109 4149 1493 4214 sanctuarii:
1536 4149 1751 4214 ambae
1786 4150 1963 4230 ipsae
1992 4148 2219 4229 plenae
2257 4147 2474 4212 simila

541 4256 875 4316 conspersa
920 4235 1048 4301 oleo
1097 4235 1167 4299 in
1198 4234 1495 4299 minham.
1565 4234 1667 4300 38.
1698 4233 1991 4300 Cochlear
2034 4253 2228 4298 unum
2271 4235 2475 4299 decem

541 4321 834 4385 siclorum
857 4371 873 4398 ‚
909 4342 1174 4393 aureum
1204 4320 1463 4402 plenum
1507 4319 1749 4402 suffitu.
1816 4321 1920 4387 39.
1960 4319 2268 4385 Iuvencus
2310 4339 2476 4384 unus

538 4407 719 4489 filius
760 4408 1055 4482 armenti,
1111 4408 1282 4472 aries
1314 4425 1511 4483 unus,
1570 4426 1771 4489 aynus
1816 4426 1986 4471 unus
2028 4406 2362 4470 anniculus
2404 4406 2475 4468 in

541 4492 979 4557 holocaustum.
1067 4493 1170 4557 40.
1211 4491 1449 4556 Hircus
1481 4511 1815 4574 caprarum
1848 4511 2031 4556 unus·
2050 4511 2172 4572 pro
2202 4494 2471 4572 peceato,

542 4578 647 4643 41.
696 4573 784 4642 Et
815 4598 937 4659 pro
975 4576 1285 4658 sacrificio
1318 4577 1814 4658 prosperitatum
1855 4578 2029 4642 boves
2070 4577 2211 4653 duc,
2250 4576 2474 4641 arietes

540 4663 827 4749 quinque,
872 4663 1035 4729 hirci
1076 4664 1362 4744 quinque,
1408 4664 1559 4746 ayni
1603 4662 1884 4728 anniculi
1925 4664 2212 4744 quinque.
2305 4661 2477 4725 Haec

538 4751 665 4834 fuit
716 4748 938 4813 oblatio
994 4747 1283 4813 Selumiel
1319 4747 1447 4827 filii
1494 4746 1899 4814 Surisaddai.
1987 4749 2092 4814 42.
2137 4747 2266 4813 Die
2305 4752 2476 4811 sexto

532 4837 835 4919 princeps
893 4834 1176 4916 filiorum
1240 4832 1411 4910 Gad,
1485 4832 1805 4916 Eliasaph
1845 4834 2021 4916 silius
2063 4833 2282 4899 Deuel.
2369 4832 2474 4899 43.

552 4922 792 4988 Oblatio
832 4921 970 4985 eius
1008 4920 1136 5003 fuit
1166 4919 1398 5000 patina
1432 4924 1719 5003 arqentea
1761 4940 1892 4985 una
1935 4926 2173 4986 centum
2214 4919 2476 5003 triyinta

541 5009 842 5074 siclorum
886 5007 1141 5089 pondus
1188 5005 1326 5068 eius
1341 5052 1356 5081 ,
1392 5003 1621 5085 phiala
1676 5026 1806 5071 una
1864 5012 2154 5090 arqentea
2172 5058 2187 5085 ,
2232 5009 2476 5087 septua-

539 5094 717 5177 9inta
769 5093 1093 5170 siclorum,
1151 5090 1486 5157 secundum
1543 5091 1765 5156 siclum
1816 5092 2195 5171 sanctuarii,
2262 5090 2475 5156 ambae

542 5177 1661 5330 iffipkmux'ssamfffflm
1688 5176 2297 5328 ‘'mmm''ws
2338 5176 2473 5344 ἐξ·

539 5349 691 5431 fitu:
776 5348 880 5415 45.
929 5349 1233 5417 Iuvencus
1276 5368 1440 5412 unus
1492 5313 1677 5428 filius,
1712 5313 2007 5428 armenti:
2038 5284 2236 5415 Iltries
2288 5368 2475 5429 unus,

1940 449 2339 517 anzrns
2383 448 2512 515 AD
2558 449 3104 518 Htsmomffl.
3191 532 3198 541 p

4379 450 4503 518 128

2573 658 2776 722 aynus
2830 659 2997 705 unus
3049 640 3383 706 anniculus
3437 641 3507 705 in
3560 639 4016 707 holocaustum.-
4100 641 4202 707 46.
4256 640 4502 707 Hircus

2569 744 2908 806 caprarum
2962 745 3131 790 unus
3175 745 3301 806 pro
3343 732 3626 806 peccato.-
3730 726 3836 791 47.
3894 725 3983 791 Et
4018 746 4146 807 pro
4190 724 4538 808 sacrificio·

2561 812 3078 893 prosperitatum,
3124 810 3298 876 boves
3339 812 3478 887 duo,
3523 813 3748 877 arietes
3780 811 4078 894 quinque,
4121 813 4283 877 hirci
4316 814 4502 893 quin-

2568 916 2715 976 que,
2770 896 2921 980 aqni
2964 896 3247 962 anniculi
3288 899 3575 980 quinque.
3667 898 3840 962 Haec
3877 898 4008 980 fuit
4052 897 4271 964 oblatio
4313 893 4502 962 Elia-

2568 982 2729 1062 saph
2779 982 2903 1062 filii
2949 980 3166 1047 Deuel.
3251 982 3354 1048 48.
3400 983 3527 1049 Die
3563 984 3850 1066 septimo,
3884 984 4180 1067 princeps
4218 982 4500 1064 filiorum

2570 1065 2904 1149 Ephraim,
2932 1066 3228 1133 Elisama
3256 1069 3433 1150 lilius
3477 1068 3839 1135 Ammihud.
3927 1068 4029 1134 49.
4085 1067 4324 1135 Oblatio
4365 1069 4503 1133 eius

2566 1152 2697 1232 fuit
2737 1152 2968 1233 patina
3025 1158 3311 1237 aryentea
3372 1174 3505 1219 una
3518 1206 3532 1232 ,
3599 1159 3836 1220 centum
3889 1156 4152 1238 triyinta
4206 1154 4503 1220 siclorum

2558 1238 2813 1319 pondus
2867 1240 3032 1303 eius:
3077 1238 3305 1319 phiala
3359 1260 3487 1305 una
3531 1244 3847 1321 arqentea,
3888 1239 4280 1322 septuayinta
4319 1239 4501 1306 siclo-

2568 1344 2742 1400 rum,
2787 1324 3122 1389 secundum
3164 1323 3389 1390 siclum
3430 1326 3780 1391 sanctuarii
3822 1327 4036 1390 ambae
4077 1326 4257 1406 ipsae
4283 1324 4504 1409 plenae

2569 1408 2786 1475 simila
2819 1428 3141 1490 conspersa
3179 1411 3304 1475 oleo
3339 1411 3408 1474 in
3443 1411 3744 1475 minham.
3833 1410 3936 1476 50.
3983 1409 4274 1478 Gochlear
4304 1429 4502 1475 unum

2569 1495 2771 1559 decem
2824 1494 3143 1572 siclorum,
3187 1515 3480 1577 aureum,
3507 1497 3766 1579 plenum
3807 1496 4043 1579 suffitu.
4123 1495 4226 1560 51.
4272 1495 4502 1561 Iuven-

2570 1601 2681 1646 cus
2734 1600 2901 1645 unus
2939 1580 3119 1661 filius
3161 1583 3442 1659 armenti,
3488 1583 3661 1647 aries
3695 1602 3891 1662 unus,
3934 1603 4137 1666 aquus
4179 1602 4348 1647 unus
4389 1601 4504 1646 an·

2570 1665 2819 1732 niculus
2872 1667 2940 1729 in
2983 1666 3427 1732 holocaustum:
3517 1667 3618 1732 52.
3671 1666 3908 1733 Hircus
3949 1687 4292 1748 caprarum
4332 1685 4503 1732 unus

2560 1770 2686 1834 pro
2718 1756 2982 1832 peccato.
3069 1752 3173 1817 53.
3208 1750 3297 1817 Et
3332 1773 3452 1837 pro
3496 1752 3801 1833 sacrificio
3832 1752 4352 1835 prosperitatum,
4404 1752 4499 1817 bo·

2570 1857 2675 1901 ves
2706 1837 2850 1916 duo,
2896 1838 3120 1903 arietes
3163 1838 3448 1920 quinque,
3493 1839 3656 1903 hirci
3697 1840 3981 1919 quinque,
4026 1839 4176 1922 ayni
4216 1836 4503 1903 anniculi

2572 1922 2854 2004 quinque.
2947 1923 3119 1989 Haec
3168 1923 3299 2005 fuit
3331 1923 3556 1990 oblatio
3618 1923 3925 1989 Elisama
3963 1924 4089 2005 filii
4133 1922 4498 1989 Ammihud.

2570 2006 2676 2072 54.
2746 2008 2873 2072 Die
2917 2013 3124 2075 octavo
3160 2010 3451 2091 princeps
3498 2008 3779 2091 filiorum
3837 2008 4141 2074 Manasse
4154 2059 4169 2087 ,
4232 2006 4505 2075 Gamliel

2567 2092 2747 2174 filius
2796 2092 3149 2160 Padahsur.
3240 2093 3340 2160 55.
3393 2093 3634 2162 Oblatio
3675 2095 3809 2161 eius
3846 2095 3975 2177 fuit
4005 2095 4239 2174 patina
4283 2113 4502 2179 arqen-

2571 2185 2669 2244 tea
2702 2200 2851 2250 una,
2894 2185 3135 2245 centum
3175 2181 3433 2263 triqinta
3476 2180 3772 2246 siclorum
3796 2182 4045 2262 pondus
4088 2180 4241 2258 eius,
4275 2179 4503 2262 phiala

2571 2286 2705 2330 una
2749 2270 3040 2349 arqentea
3056 2312 3070 2340 ‚
3114 2266 3502 2348 septuayinta
3544 2266 3859 2344 siclorum,
3903 2265 4241 2332 secundum
4278 2266 4503 2330 siclum

2572 2350 2954 2415 sanctuarii.-
3012 2350 3224 2416 ambae
3263 2352 3443 2432 ipsae
3473 2351 3698 2432 plenae
3745 2351 3961 2417 simila
4008 2370 4334 2434 conspersa
4376 2351 4503 2417 oleo

2574 2437 2640 2501 in
2683 2435 2983 2500 minham.
3072 2434 3175 2501 56.
3226 2435 3514 2501 Cochlear
3547 2457 3745 2502 unum
3786 2437 3987 2502 decem
4027 2437 4342 2518 siclorum,
4386 2458 4500 2501 au·

2573 2542 2777 2598 reum,
2820 2521 3080 2602 plenum
3134 2522 3369 2604 suffitu.
3459 2521 3561 2587 57.
3621 2523 3935 2588 Iuvencus
3973 2543 4141 2586 unus
4179 2521 4355 2604 filius
4398 2542 4504 2586 ar-

2572 2610 2792 2686 menti,
2836 2607 3008 2671 aries
3048 2627 3233 2685 unus,
3279 2628 3486 2690 aquus
3525 2628 3692 2673 unus
3734 2608 4068 2675 anniculus
4111 2608 4180 2672 in
4221 2606 4502 2673 holocau-

2572 2697 2755 2757 stum.
2844 2690 2948 2757 58.
2997 2692 3237 2758 Hirous
3277 2713 3616 2775 caprarum
3666 2714 3833 2759 unus
3877 2713 4001 2776 pro
4033 2697 4314 2773 peceato.-
4398 2692 4499 2759 59.

2574 2777 2663 2842 Et
2714 2798 2838 2859 pro
2894 2778 3205 2858 sacrificio
3252 2781 3774 2861 prosperitatum,
3830 2779 4006 2844 boves
4068 2778 4192 2843 duo
4209 2829 4224 2856 ,
4279 2780 4503 2843 arietes

2574 2864 2864 2946 quinque,
2908 2864 3072 2929 hirci
3113 2865 3397 2945 quinque,
3441 2866 3591 2948 ayni
3631 2865 3911 2931 anniculi
3955 2864 4244 2947 quinque.
4331 2864 4503 2929 Haec

2570 2949 2701 3048 fuit
2755 2948 2977 3014 oblatio
3039 2949 3312 3015 Gamliel
3363 2950 3488 3032 filii
3558 2950 3901 3017 Pedahsur.
4002 2948 4114 3048 602
4167 2948 4295 3015 Die
4324 2968 4503 3049 ’non-o

2565 3034 4504 3205 {ifmsssiffflztsmfammyfflwfmaim

2570 3207 2748 3289 yinta
2804 3206 3101 3271 siclorum
3147 3208 3430 3290 pondus.-
3468 3206 3694 3288 phiala
3737 3227 3867 3271 una
3912 3212 4219 3290 arqentea,
4261 3210 4507 3287 septua-

2572 3292 2752 3375 9inta
2807 3284 3102 3358 siclorum
3116 3343 3133 3373 ‚
3196 3294 3530 3359 secundum
3578 3292 3800 3357 siclum
3854 3292 4234 3357 sanctuarii.-
4291 3292 4507 3358 ambae

2575 3377 3313 3535 aaran
3334 3377 4332 3545 Ἥβῃ

2573 3569 2798 3613 vencus
2851 3569 3018 3615 unus
3070 3549 3250 3631 filius
3311 3550 3592 3627 armenti,
3639 3551 3809 3614 aries
3849 3569 4017 3614 unus
4059 3549 4394 3615 anniculus
4433 3549 4505 3614 in

2574 3634 3004 3700 holocaustum.
3095 3635 3196 3700 64.
3238 3635 3477 3699 Hircus
3511 3655 3849 3716 caprarum
3881 3654 4049 3699 unus
4080 3655 4201 3716 pro
4237 3638 4502 3717 peccato.

2575 3719 2677 3786 65.
2733 3720 2824 3785 Et
2860 3741 2986 3801 pro
3041 3720 3349 3802 sacrificio
3391 3721 3898 3802 prosperitatum,
3942 3721 4116 3786 boves
4157 3720 4296 3799 duo,
4340 3721 4508 3785 arie-

2574 3813 2664 3871 tes
2727 3808 3026 3888 quinque,
3091 3806 3254 3871 hirci
3295 3808 3595 3888 quinque,
3787 3808 3812 3870 i
3877 3805 4159 3871 anniculi
4215 3807 4503 3889 quinque.

2581 3892 2755 3957 Haec
2801 3892 2931 3974 fuit
2980 3892 3205 3958 oblatio
3262 3891 3520 3958 Abidan
3572 3892 3699 3974 filii
3745 3892 3999 3958 Gidoni.
4088 3890 4191 3956 66.
4238 3891 4367 3956 Die
4407 3893 4508 3958 de-

2576 3979 2735 4043 cimo
2757 3977 3058 4059 pmceps
3095 3978 3375 4059 filiorum
3416 3977 3588 4053 Dan,
3636 3977 3906 4042 Ahieeer
3934 3977 4112 4059 filius
4149 3977 4508 4043 Ammisad·

2577 4065 2707 4130 clai.
2800 4063 2902 4128 67.
2969 4062 3213 4129 Oblatio
3265 4064 3400 4129 eius
3438 4063 3566 4145 fuit
3598 4064 3829 4144 patina
3871 4068 4161 4147 arqentea
4202 4084 4333 4128 una
4374 4085 4506 4130 cen·

2579 4155 2709 4214 tum
2767 4150 3031 4233 triyinta
3082 4149 3379 4214 siclorum
3419 4149 3671 4233 pondus
3727 4149 3889 4213 eius.-
3935 4147 4167 4230 phiala
4221 4170 4353 4215 una
4397 4171 4505 4215 ar·

2575 4240 2808 4319 yentea,
2844 4237 3241 4319 septuayinta
3280 4234 3591 4314 siclorum,
3627 4235 3960 4300 secundum
4000 4233 4223 4300 siclum
4263 4240 4508 4301 sanctu·

2580 4321 2711 4386 arii
2744 4320 2961 4385 ambae
2995 4321 3167 4403 ipsae
3189 4320 3416 4401 plenae
3447 4321 3667 4386 simila
3698 4340 4024 4401 conspersa
4068 4320 4194 4386 oleo
4236 4323 4307 4385 in
4348 4324 4508 4387 min-

2577 4407 2742 4471 ham.
2830 4406 2931 4471 68.
2993 4406 3281 4471 Cochlear
3322 4427 3519 4471 unum
3561 4406 3759 4471 decem
3802 4406 4110 4483 siclorum,
4155 4414 4507 4491 arqenteum

2570 4492 2824 4575 plenum
2879 4491 3135 4573 suffitu.-
3235 4491 3371 4556 69:
3400 4491 3705 4558 Iuvencus
3756 4511 3924 4556 unus
3984 4491 4161 4572 filius
4222 4494 4504 4573 armenti,

2579 4578 2748 4642 aries
2805 4598 2999 4655 unus,
3058 4598 3261 4661 aynus
3316 4597 3484 4643 unus
3549 4576 3881 4642 anniculus
3937 4577 4008 4641 in
4049 4577 4509 4644 holocaustum.-

2581 4663 2682 4729 70.
2732 4662 2809 4727 H
2803 4663 2969 4728 ircus
3009 4682 3346 4744 caprarum
3391 4684 3559 4728 unus
3589 4684 3713 4744 pro
3744 4668 4029 4743 peccato:
4118 4663 4219 4728 71.
4267 4664 4355 4729 Et
4383 4684 4509 4746 pro

2577 4748 2885 4829 sacrificio
2930 4750 3420 4832 prosperitatum
3477 4749 3651 4814 boves
3708 4749 3830 4813 duo
3847 4799 3862 4828 ,
3934 4749 4155 4815 arietes
4218 4752 4506 4832 quinque,

2578 4835 2741 4901 hirci
2782 4836 3081 4917 quinque,
3144 4835 3295 4917 ayni
3339 4834 3621 4900 anniculi
3664 4835 3947 4917 quinque.
4039 4834 4212 4900 Haec
4250 4837 4380 4918 fuit
4413 4835 4508 4902 ob-

2580 4921 2731 4986 latio
2785 4920 3056 4985 Ahiezer
3104 4919 3228 5000 filii
3288 4921 3755 4987 Ammisaddai.
3847 4921 3948 4986 72.
4010 4920 4139 4987 Die
4191 4922 4509 4987 undecimo

2567 5007 2867 5088 princeps
2896 5006 3176 5086 filiorum
3212 5005 3378 5071 Aser
3417 5006 3640 5090 Payiel
3668 5005 3847 5086 filius
3887 5005 4150 5072 Ochran.
4242 5008 4342 5074 73.
4388 5007 4505 5076 Ob·

2579 5092 2733 5158 latio
2789 5092 2926 5156 eius
2978 5093 3102 5173 fuit
3147 5093 3377 5175 patina
3430 5097 3714 5177 arqentea
3756 5113 3886 5158 una
3902 5144 3915 5170 ,
3976 5097 4213 5158 centum
4253 5094 4509 5177 triyinta

2627 5178 2640 5192 ⁰
2813 5198 2876 5241 m
2919 5179 3177 5257 pondus
3218 5179 3385 5257 eius,
3434 5177 3658 5260 phiala
3699 5197 3833 5243 una
3874 5183 4197 5262 arqentea,
4255 5185 4508 5259 septua-

2577 5266 2753 5345 9inta
2831 5264 3122 5329 siclorum
3136 5315 3150 5341 ,
3222 5266 3558 5330 secundum
3621 5262 3846 5328 siclum
3922 5264 4301 5342 sanctuarii,
4381 5286 4510 5329 am-

2579 5348 2691 5414 bae
2742 5351 2919 5433 ipsae
2965 5349 3191 5432 plenae
3244 5351 3461 5416 simila
3515 5368 3846 5430 conspersa
3900 5350 4026 5416 oleo
4082 5351 4151 5415 in
4209 5350 4506 5416 minham.
