5017 6142
462 465 542 529 21

460 650 715 718 nandos
755 651 1055 717 homines
1098 648 1291 715 valet.
1361 647 1491 717 Ubi
1531 659 1747 713 autem
1793 647 1998 732 gratis
2042 646 2173 712 illis
2215 647 2403 712 offer-

460 745 572 804 tur
646 736 854 816 salus,
934 735 1129 801 simul
1254 746 1399 800 rata
1463 742 1619 800 sunt
1684 733 1828 798 Deo
1894 753 2117 798 eorum
2183 753 2399 815 opera.

460 824 713 890 Verum
779 821 934 905 quia
995 842 1210 888 merce
1261 821 1314 886 ‘s
1357 840 1556 888 causa
1598 826 1697 885 est
1740 830 1929 884 extra
1971 819 2148 903 ipsos
2192 818 2403 883 homi-

461 930 581 976 nes
641 928 992 991 eorumque
1041 906 1285 991 opera,
1366 914 1577 973 cessat
1638 904 1852 970 omnis
1918 905 2136 970 meriti
2200 905 2400 969 ratio:

460 993 761 1061 fidelibus
826 1003 1047 1059 tamen
1114 991 1379 1077 prodest
1394 1044 1410 1071 ,
1478 992 1534 1057 si
1599 990 2087 1057 ambulaverint
2149 990 2218 1054 in
2273 990 2403 1055 Dei

459 1080 846 1165 praeceptis,
888 1079 1259 1146 mercedem
1302 1077 1623 1161 promitti:
1667 1077 1818 1161 quia
1864 1098 1979 1159 pro
2023 1076 2402 1142 inaestima-

462 1167 576 1234 bili
640 1187 761 1233 sua
818 1165 1211 1231 liberalitate
1272 1164 1548 1248 perinde
1611 1183 1759 1230 cum
1819 1162 1953 1227 illis
2015 1162 2155 1247 agit
2212 1182 2287 1227 ac
2346 1163 2402 1227 si

460 1252 704 1338 aliquid
749 1252 1064 1316 afferrent
1104 1256 1431 1316 mutuum.
1522 1248 1815 1314 Tandem
1858 1247 2174 1332 quaedam
2220 1249 2400 1313 favo-

458 1339 551 1404 ris
595 1339 720 1404 Dei
764 1336 1146 1404 testimonia
1188 1347 1684 1411 commemorat,
1745 1342 1819 1399 ut
1869 1343 2027 1399 sunt
2067 1332 2402 1400 foecundi-

460 1433 593 1504 tas,
652 1432 719 1488 et
772 1423 1033 1506 frugum
1091 1420 1514 1488 abundantia.
1607 1419 1801 1502 Quod
1846 1421 1916 1485 in
1961 1421 2093 1486 fine
2136 1418 2403 1484 additur

460 1510 540 1577 de
574 1508 820 1576 morbis
842 1508 1149 1593 Aegypti,
1190 1506 1460 1574 dubium
1504 1508 1606 1573 es't
1649 1505 2031 1589 pustulasne
2075 1506 2405 1590 intelligat

460 1615 626 1680 quae
669 1604 1049 1681 procreatae
1093 1602 1251 1659 sunt
1293 1615 1377 1659 ex
1420 1614 1648 1676 sparsa
1690 1591 1937 1669 favilla,
1983 1592 2088 1656 vel
2135 1590 2402 1676 pedicu-

457 1681 555 1749 los
598 1690 734 1748 tam
779 1681 1153 1748 hominibus
1197 1700 1393 1763 quam
1438 1678 1750 1743 iumentis
1794 1676 2083 1756 infestos,
2129 1699 2213 1743 an
2250 1697 2404 1743 vero

458 1767 543 1835 ad
603 1767 864 1834 morbos
943 1766 1068 1832 hoc
1149 1763 1463 1833 extendat
1523 1764 1638 1847 qui
1703 1763 1898 1847 longe
1963 1773 2116 1827 ante
2179 1761 2403 1846 populi

458 1851 817 1921 discessum
862 1852 1139 1936 grassati
1183 1853 1463 1917 fuerant.
1531 1850 1679 1915 Hoc
1723 1847 2086 1915 secundum
2129 1848 2406 1932 amplec-

457 1952 591 2005 tor:
637 1939 794 2024 quia
838 1938 1151 2004 vicesimo
1194 1946 1426 2002 octavo
1471 1936 1685 2019 capite
1723 1934 2245 2013 Deuterommii,
2291 1933 2403 2000 ubi

456 2026 681 2092 ulcera
738 2023 1028 2108 Aegypti
1094 2023 1496 2100 nominavit,
1563 2021 1875 2088 continuo
1931 2029 2076 2105 post
2141 2019 2406 2086 subiicit

455 2113 717 2177 morbos
784 2110 929 2188 ani,
978 2108 1292 2175 'scabiem
1357 2116 1425 2172 et
1487 2107 1917 2191 pruriginem.
2029 2106 2405 2172 Verisimile

455 2217 613 2281 ergo
656 2203 758 2262 est
773 2246 791 2276 ,
846 2194 1050 2261 variis
1108 2192 1354 2260 morbis
1416 2191 1732 2259 obnoxios
1777 2193 1976 2258 fuisse
2021 2192 2403 2278 Aegyptios,

456 2303 495 2347 a
552 2281 789 2365 quibus
843 2281 1066 2348 Moses
1122 2280 1409 2346 affirmat
1455 2280 1818 2344 immunem
1888 2279 2025 2344 fore
2089 2279 2405 2363 populum

455 2366 777 2452 singulari
819 2366 1182 2451 privilegio,
1224 2367 1281 2433 si
1321 2365 1512 2432 modo
1557 2365 1687 2450 legi
1732 2364 1860 2430 Dei
1903 2365 2218 2448 paruerit.

1106 2707 1238 2774 Ex
1269 2708 1541 2776 DEU'P.
1587 2705 1752 2773 XII.

628 2881 731 2947 28.
780 2879 1073 2960 Custodi,
1127 2885 1187 2946 et
1242 2880 1402 2946 audi
1444 2880 1657 2946 omnia
1697 2878 1892 2945 verba
1934 2880 2062 2945 ista
2103 2897 2262 2961 quae
2298 2899 2403 2963 eqo

444 2968 771 3052 praecipio
827 2966 973 3047 tibi,
1022 2971 1095 3032 ut
1149 2965 1294 3032 bene
1343 2966 1428 3030 sit
1476 2966 1591 3031 tibi
1646 2970 1703 3031 et
1749 2963 1909 3046 filiis
1961 2966 2093 3030 tuis
2137 2970 2288 3047 post
2344 2971 2403 3030 te

454 3073 649 3137 usque
692 3054 767 3119 in
825 3053 1176 3132 saeculum,
1233 3071 1425 3133 quum
1477 3052 1704 3133 feceris
1746 3053 1910 3135 quod
1951 3052 2175 3117 bonum
2220 3056 2311 3117 est
2350 3054 2406 3116 et

452 3145 686 3207 rectum
726 3140 799 3205 in
838 3138 1035 3205 ocubis
1078 3137 1344 3204 Iehovae
1377 3136 1509 3203 Dei
1547 3137 1663 3203 tui.

625 3309 758 3376 Hic
779 3310 976 3376 etiam
1013 3306 1310 3375 mercede
1344 3307 1469 3374 sibi
1504 3306 1814 3391 obsequia
1840 3306 2064 3391 populi
2098 3308 2404 3374 conciliat

451 3393 672 3461 Deus:
733 3417 865 3462 non
924 3394 1092 3478 quod
1148 3415 1296 3478 spes
1352 3393 1673 3460 mercedis
1731 3393 2090 3478 quidquam
2134 3394 2221 3460 ad
2262 3416 2401 3461 mo·

453 3481 703 3548 vendos
746 3481 1048 3548 homines
1083 3502 1201 3564 per
1236 3501 1308 3546 se
1345 3480 1583 3560 valeat,
1629 3478 1746 3545 sed
1780 3501 1907 3563 quo
1935 3480 2146 3566 magis
2182 3487 2405 3546 teneat

451 3588 682 3635 omnes
745 3568 1080 3634 convictos
1141 3566 1356 3632 iustae
1421 3566 1882 3633 damnationis.
1986 3565 2165 3648 Quid
2224 3568 2402 3632 enim

450 3652 708 3720 iuvabit
741 3673 1150 3738 responsare,
1187 3673 1320 3717 non
1358 3672 1501 3718 esse
1535 3651 1803 3718 idoneos
1825 3651 1908 3717 ad
1930 3649 2402 3737 praestandum

451 3737 621 3822 quod
666 3740 851 3806 Deus
894 3739 1136 3823 exigit,
1195 3736 1456 3821 quando
1510 3744 1819 3821 appareat
1875 3757 1987 3805 eos
2043 3759 2166 3804 sua
2208 3739 2404 3820 culpa

450 3844 594 3890 esse
636 3824 956 3892 miseros?
1013 3824 1367 3890 Caeterum
1413 3820 1516 3909 (ut
1558 3831 1710 3888 ante
1755 3821 2000 3888 dictum
2046 3821 2199 3910 fuit)
2243 3825 2402 3889 fide·

452 3909 625 3976 libus
667 3930 785 3993 per
825 3908 1305 3994 indulgentiam
1349 3908 1634 3993 prodest,
1678 3906 1793 3973 ubi
1838 3909 2050 3994 legem
2096 3931 2402 3978 servave-

452 3997 618 4077 rint,
662 3996 959 4082 promitti
1002 3994 1414 4062 obedientiae
1457 3994 1855 4061 mercedem:
1919 3996 2077 4077 quia
2130 3994 2263 4059 illis
2306 3996 2405 4061 in·

452 4083 714 4148 numeri
759 4081 1047 4147 defectus
1086 4102 1219 4148 non
1263 4081 1691 4165 imputantur.
1779 4080 1956 4145 Fixa
2000 4089 2223 4146 tamen
2267 4102 2403 4146 ma-

450 4175 569 4233 net
622 4168 783 4235 hacc
841 4167 1172 4247 doctrina,
1232 4167 1286 4231 si
1343 4166 1475 4251 legi
1528 4166 1893 4231 servandae
1959 4187 2031 4231 se
2097 4165 2403 4232 addicant

450 4252 779 4320 homiues:
823 4255 1064 4335 Deum,
1107 4252 1408 4337 quamvis
1446 4252 1615 4318 nihil
1649 4252 1899 4331 debeat,
1936 4250 2142 4318 fidum
2178 4265 2401 4319 tamen

448 4349 1009 4406 remuneratorem
1055 4341 1210 4405 fore.

1019 4694 1153 4760 Ex
1196 4692 1503 4761 LEVIT.
1547 4692 1814 4760 XXVI.

622 4865 723 4933 14.
774 4865 852 4931 Si
893 4869 1101 4933 autem
1140 4886 1265 4932 non
1317 4865 1651 4932 audieritis
1692 4885 1791 4932 me
1809 4917 1826 4946 ,
1880 4886 2074 4950 neque
2112 4867 2395 4949 feceretis

447 4953 664 5021 onmia
695 4956 1035 5037 praecepta
1073 4953 1216 5018 ista.
1308 4950 1411 5017 15.
1455 4951 1575 5032 Et,
1632 4953 1697 5017 si
1748 4952 1988 5019 decreta
2040 4973 2183 5019 mea
2225 4973 2397 5036 spre-

443 5039 681 5116 veritis,
724 5043 779 5104 et
820 5039 1064 5105 iudicia
1103 5059 1240 5105 mea
1282 5037 1640 5104 abominata
1677 5038 1875 5121 fuerit
1915 5041 2134 5105 anima
2167 5044 2393 5119 vestra,

445 5127 540 5191 ita
578 5129 648 5190 ut
687 5144 813 5191 non
849 5124 1111 5207 faciatis
1151 5126 1362 5191 omnia
1408 5130 1748 5206 praecepta
1803 5146 1968 5205 mea,
2025 5131 2082 5190 et
2134 5126 2395 5192 irritam»

440 5212 702 5295 faciatis
746 5215 1006 5293 pactum
1060 5231 1298 5278 meum.-
1401 5210 1501 5278 16.
1558 5207 1781 5276 Etiam
1830 5231 1934 5295 eqo
1990 5210 2229 5294 faciam
2283 5212 2393 5278 hoc

444 5297 644 5364 vobis.-
675 5297 1046 5363 constituam
1067 5317 1259 5379 super
1299 5318 1407 5364 vos
1442 5302 1759 5376 teri-orent,
1796 5297 2014 5376 tabem
2049 5302 2106 5363 et
2135 5296 2387 5380 febrem,

441 5384 868 5451 coiismnentia
910 5383 1132 5461 oculos,
1174 5388 1231 5449 et
1271 5383 1478 5449 dolore
1519 5382 1834 5466 afflcentia
1876 5383 2176 5463 animam,
2221 5403 2387 5449 sere-

1448 457 2029 528 SANO'I'IONES
2076 460 2139 525 A
2180 456 2976 528 PROMISSIONIBUS
3021 461 3140 528 ΕΤ
3182 459 3468 528 MINIS'.

4366 461 4456 528 22

2503 651 2704 731 tisque
2763 649 3013 733 frustra
3073 668 3281 714 semen
3343 654 3646 715 vestrum:
3708 670 3856 714 nam
3920 652 4230 717 comedent
4287 650 4454 717 illud

2504 736 2755 801 inimici
2817 737 3024 801 vestri.
3127 736 3227 800 17.
3287 734 3470 801 Dabo
3523 741 3846 818 praeterea
3904 738 4075 801 iram
4125 756 4328 801 meam
4379 737 4449 802 in

2502 842 2635 900 vos,
2679 826 2736 887 et
2776 821 3114 886 trademini
3155 840 3366 887 coram
3405 822 3684 888 inimicis
3727 824 3978 903 vestris,
4046 822 4452 888 dominabun-

2502 911 2724 989 turque
2765 907 2933 973 vobis
2974 908 3086 990 qui
3128 907 3269 972 odio
3310 906 3530 972 habent
3570 927 3708 973 vos.-
3746 909 4139 991 fuyz‘etisque,
4184 928 4291 974 nec
4332 909 4452 974 erit

2491 1013 2873 1076 persequens
2935 1013 3058 1059 vos.
3174 992 3272 1058 18.
3351 994 3525 1075 Quod
3587 994 3648 1059 si
3711 1015 3905 1077 usque
3968 996 4054 1059 ad
4328 1014 4452 1060 non

2503 1080 2841 1145 audieritis
2902 1099 3023 1156 me,
3090 1080 3324 1144 addam
3385 1080 3694 1161 corripere
3746 1101 3857 1146 vos
3910 1079 4146 1161 septulo
4193 1085 4452 1163 propter

2493 1170 2753 1246 peccata
2801 1171 3025 1230 vestra.
3117 1164 3219 1231 19.
3292 1163 3735 1247 Gonteramque
3785 1166 4144 1249 superbiam
4199 1167 4448 1247 fortitu·

2500 1250 2680 1316 dinis
2720 1255 2985 1326 vestrae,
3046 1270 3120 1316 ac
3160 1249 3317 1317 dabo
3372 1251 3606 1316 coelum
3660 1257 3932 1317 vestrum
3985 1254 4146 1317 sicut
4185 1254 4446 1333 ferrum,

2503 1342 2559 1401 et
2578 1342 2809 1401 terram
2842 1342 3109 1401 vestram
3142 1338 3307 1402 sicut
3339 1357 3462 1402 aes.
3523 1336 3625 1401 20.
3665 1337 3753 1402 Et
3784 1343 4171 1404 consumetur
4201 1338 4450 1419 frustra

2498 1420 2800 1503 fortitudo
2836 1428 3058 1499 vestra,
3096 1443 3290 1505 neque
3322 1422 3497 1488 dabit
3513 1428 3687 1490 terra
3708 1430 3913 1489 vestra
3944 1424 4219 1505 fructum
4240 1442 4448 1500 suum,

2504 1511 2561 1573 et
2602 1506 2859 1573 arbores
2898 1508 3171 1590 reyionis
3206 1528 3328 1573 non
3368 1508 3602 1575 dabunt
3639 1509 3916 1592 fructum
3956 1529 4159 1576 suum.
4229 1507 4331 1572 21.
4375 1506 4453 1573 Si

2502 1598 2708 1659 autem
2769 1593 3242 1661 ambulaveritis
3314 1613 3550 1659 mecum
3621 1596 3912 1677 fortuito,
3992 1601 4049 1661 et
4122 1593 4453 1661 nolueritis

2501 1678 2727 1744 audire
2747 1698 2861 1756 me,
2898 1680 3132 1745 addam
3386 1701 3493 1746 vos
3514 1681 3782 1765 playam
3801 1681 4080 1765 septuplo
4112 1682 4451 1747 secundum

2492 1770 2749 1848 peccata
2783 1769 3007 1830 vestra.
3076 1765 3178 1831 22.
3267 1768 3690 1849 mmittamque
3728 1769 3799 1832 in
3840 1788 3949 1833 vos
3990 1768 4246 1832 bestiam
4287 1769 4450 1851 ayri,

2504 1856 2560 1916 et
2597 1849 2833 1916 orbabit
2870 1871 3010 1932 vos,
3053 1856 3110 1917 et
3149 1853 3419 1919 succidet
3459 1854 3798 1918 iumentum
3840 1859 4111 1919 vestrum
4154 1874 4227 1920 ac
4266 1854 4452 1918 dimi-

2503 1942 2649 2002 nuet
2687 1956 2828 2015 vos,
2882 1940 2940 2003 et
2988 1936 3424 2003 desolabuntm·
3477 1940 3618 2004 viae
3672 1943 3926 2005 vestrae.
4015 1939 4118 2005 23.
4173 1939 4346 2019 Quod
4389 1940 4450 2004 si

2491 2042 2616 2104 per
2653 2022 2801 2088 haec
2842 2043 2968 2089 non
3007 2024 3331 2105 recipiatis
3373 2024 3715 2090 doctrinam
3756 2045 3973 2103 meam,
4016 2027 4126 2091 sed
4166 2025 4451 2090 ambula-

2504 2109 2726 2175 veritis
2781 2129 3016 2174 mecum
3074 2110 3370 2193 fortuito.-
3477 2109 3580 2175 24.
3658 2109 4012 2177 Ambulabo
4091 2112 4280 2176 etiam
4345 2133 4378 2176 e
4414 2132 4450 2177 o

2504 2194 2815 2260 vobiscum
2867 2194 3126 2278 fortuito
3143 2245 3157 2273 ,
3224 2200 3282 2259 et
3329 2198 3685 2277 percidiam
3740 2217 3847 2263 vos
3891 2217 4131 2279 quoque
4171 2202 4391 2279 septup

2494 2285 2757 2362 propter
2786 2286 3045 2363 peccata
3085 2285 3320 2346 vestra.-
3383 2279 3485 2346 25.
3529 2282 3735 2363 Atque
3775 2282 4076 2349 inducam
4115 2303 4304 2364 super
4345 2302 4456 2349 vos

2500 2366 2786 2450 yladium
2820 2366 3083 2433 ultorem
3116 2366 3378 2432 ultionis
3412 2367 3710 2448 foederis:
3751 2368 3860 2432 ubi
3893 2369 4243 2452 conqreqati
4277 2369 4456 2434 eritis·

2507 2454 2595 2519 ad
2636 2453 2824 2518 urbes
2863 2458 3102 2519 vestras
3143 2459 3290 2518 tunc
3330 2454 3574 2518 mittam
3604 2452 4023 2535 pestilentiam
4066 2457 4138 2519 in
4179 2455 4455 2521 medium

2504 2539 2727 2619 vestri,
2785 2558 2860 2604 ac
2914 2539 3257 2605 trademini
3313 2540 3384 2603 in
3436 2560 3693 2604 manum
3748 2540 4006 2605 inimici.
4109 2540 4213 2606 26.
4274 2540 4453 2605 Dum

2506 2624 2855 2708 confreyero
2895 2624 3065 2690 vobis
3108 2623 3394 2690 baculum
3425 2627 3625 2708 panis
3640 2676 3655 2706 ,
3705 2630 3955 2707 coquent
3995 2625 4195 2691 decem
4235 2626 4453 2691 mulie-

2505 2730 2611 2775 res
2640 2730 2873 2793 panem
2917 2716 3190 2776 vestrum
3230 2712 3301 2775 in
3343 2711 3581 2777 clibano
3620 2732 3743 2777 uno
3756 2761 3771 2791 ,
3811 2712 4183 2793 reddentque
4213 2731 4451 2792 panem

2504 2801 2776 2862 vestrum
2814 2798 2888 2861 in
2917 2797 3192 2879 pondere
3205 2822 3224 2861 .·
3265 2799 3584 2863 comedetis
3626 2803 3848 2874 aum,
3893 2802 3950 2862 et
3989 2816 4110 2862 non
4143 2796 4452 2863 saturabi-

2506 2882 2685 2947 mini.
2789 2883 2892 2948 27.
2960 2883 3135 2964 Quod
3190 2884 3251 2949 si
3305 2884 3377 2948 in
3430 2882 3539 2949 hoc
3585 2903 3710 2949 non
3768 2883 4104 2949 audieritis
4157 2903 4285 2962 me,
4341 2884 4451 2949 sed

2506 2968 2978 3035 ambulaveritis
3018 2988 3257 3035 mecum
3295 2969 3583 3051 fortuito:
3660 2970 3764 3036 28.
3811 2970 4103 3036 Incedam
4145 2968 4452 3034 vobiscum

2507 3055 2578 3120 in
2631 3055 2736 3121 ira
2789 3056 3047 3138 fortuito
3061 3105 3077 3135 ,
3141 3060 3197 3120 et
3252 3056 3598 3135 corripiam
3652 3076 3759 3122 vos
3811 3057 3999 3121 etiam
4056 3075 4162 3139 eqo
4216 3054 4452 3137 septulo

2503 3146 2758 3222 propter
2787 3146 3045 3223 peccata
3076 3145 3298 3208 vestra.
3367 3140 3470 3207 29.
3520 3140 3979 3224 Gomedetisque
4010 3161 4260 3207 carnem
4288 3139 4451 3222 filio-

2503 3247 2652 3291 rum
2692 3233 3061 3308 vestrorum,
3118 3233 3175 3291 et
3228 3247 3481 3292 carnem
3528 3226 3816 3309 filiarum
3869 3233 4219 3293 vestran
4264 3245 4452 3291 come-

2506 3314 2685 3379 detis.
2753 3312 2855 3379 30.
2906 3314 3113 3396 Atque
3146 3312 3467 3394 dissipabo
3508 3314 3749 3380 excelsa
3781 3317 4000 3392 vestra,
4046 3318 4102 3380 et
4134 3312 4453 3380 succidam

2504 3399 2816 3483 imayines
2877 3404 3156 3464 vestras:
3213 3418 3565 3481 ponamque
3626 3401 3935 3465 cadavera
3991 3404 4197 3464 vestra
4261 3417 4451 3480 super

2501 3486 2816 3551 cadavera
2878 3484 3192 3551 idolorum
3253 3489 3596 3551 vestrorum
3613 3534 3628 3562 ,
3707 3492 3764 3550 et
3825 3484 4281 3555 abominabitur
4343 3502 4451 3549 vos

2500 3572 2720 3636 anima
2762 3592 2917 3638 mea.
3008 3570 3113 3636 31.
3173 3569 3473 3652 Daboque
3509 3571 3693 3637 urbes
3729 3575 3968 3636 vestras
4009 3571 4080 3636 in
4121 3570 4449 3637 desolatio-

2499 3677 2640 3722 nem
2657 3708 2672 3735 ,
2731 3678 2804 3725 ac
2856 3656 3138 3724 desolabo
3193 3658 3566 3723 sanctuaria
3617 3661 3822 3723 vestra
3839 3708 3853 3733 ‚
3911 3677 4104 3739 neque
4152 3655 4450 3722 odorabor

2501 3743 2747 3809 odorem
2803 3744 3032 3826 quietis
3087 3749 3342 3809 vesnae.
3445 3742 3549 3808 32.
3606 3741 3912 3809 Desolabo
3926 3794 3941 3821 ‚
3996 3745 4257 3825 inquam
4272 3792 4286 3820 ,
4345 3758 4451 3826 eqo

2501 3834 2736 3894 terram
2754 3879 2769 3906 ,
2831 3831 2923 3895 ita
2981 3833 3051 3893 ut
3103 3829 3526 3911 obstupescant
3565 3849 3757 3913 super
3799 3849 3935 3894 eam
3976 3830 4222 3894 inimici
4263 3828 4453 3893 vestri

2501 3916 2616 3997 qui
2656 3915 3016 3981 habitabunt
3055 3916 3129 3980 in
3169 3935 3261 3980 ea.
3350 3914 3451 3980 33.
3526 3914 3650 3981 Vos
3704 3919 3911 3980 autem
3960 3915 4320 3999 disperyam
4378 3913 4452 3978 in

2496 4007 2705 4086 gentes
2720 4051 2735 4079 ,
2791 4006 2848 4068 et
2897 4000 3232 4085 evayinabo
3263 4005 3410 4083 post
3455 4021 3566 4066 vos
3614 4000 3933 4086 yladium:
3985 4002 4223 4082 eritque
4274 4004 4448 4065 terra

2501 4092 2709 4153 vesu-a
2790 4087 3064 4154 desolata
3081 4137 3096 4166 ,
3175 4092 3232 4151 et
3297 4087 3450 4152 urbs
3521 4092 3763 4152 vestrae
3837 4092 4016 4153 erunt
4089 4091 4446 4155 destructae.

2502 4173 2606 4239 34.
2660 4174 2837 4240 Tunc
2859 4172 3143 4255 perficiet
3167 4170 3215 4259 ¹)
3254 4178 3425 4238 terra
3463 4172 3777 4239 Sabbatha
3811 4193 3933 4240 sua
3966 4175 4202 4241 cunctis
4230 4175 4450 4242 diebus

2501 4258 2727 4343 quibus
2769 4259 3044 4325 desolata
3081 4259 3310 4342 fuerit.-
3365 4279 3472 4324 vos
3528 4263 3736 4325 autem
3777 4260 3951 4324 eritis
3991 4263 4063 4325 in
4103 4265 4275 4327 terra
4317 4262 4446 4327 ini-

2500 4347 2803 4413 micorum
2845 4351 3223 4412 vestrorum.-
3264 4350 3424 4422 tunc,
3468 4346 3747 4428 inquam,
3791 4346 4127 4427 requiescet
4159 4352 4346 4427 terra,
4391 4352 4448 4414 et

2489 4433 2773 4514 perficiet
2817 4430 3131 4497 Sabbatha
3194 4451 3333 4497 sua.
3424 4430 3527 4497 35.
3597 4429 3896 4496 Omnibus
3948 4433 4164 4498 diebus
4219 4433 4445 4515 quibus

2500 4518 2776 4584 desolata
2811 4517 3024 4598 fuerit,
3067 4519 3429 4598 requiescet.-
3471 4517 3625 4599 quia
3667 4536 3788 4580 non
3826 4518 4133 4599 requievit
4171 4520 4241 4584 in
4288 4518 4444 4585 Sab-

2499 4603 2704 4668 bathis
2743 4604 2988 4683 vestris,
3032 4603 3183 4668 dum
3224 4602 3589 4670 habitaretis
3629 4601 3702 4667 in
3743 4621 3834 4666 ea.
3910 4603 4015 4668 36.
4068 4604 4194 4686 Qui
4235 4609 4441 4670 autem

2498 4691 2916 4755 remanserint
2965 4709 3044 4754 etc
3098 4688 3267 4754 vobis
3282 4738 3297 4764 ,
3356 4689 3654 4755 inducam
3703 4689 4176 4755 teneritudinem
4226 4690 4296 4754 in
4337 4711 4443 4757 cor

2498 4794 2710 4840 eorum
2764 4775 2836 4839 in
2891 4776 3082 4840 terris
3137 4775 3538 4841 inimicorum
3588 4794 3848 4839 suorum
3863 4825 3878 4854 ,
3933 4780 3991 4840 et
4033 4780 4442 4857 persequetur

2496 4882 2599 4927 eos
2632 4881 2823 4930 sonus
2852 4861 3000 4944 folii
3033 4861 3310 4941 impulsi,
3348 4866 3406 4925 et
3420 4861 3660 4943 fuyient
3688 4860 3846 4944 fuya
3862 4860 4084 4944 yladii,
4108 4861 4442 4942 cadentque

2494 4947 2739 5013 nemine
2785 4951 3199 5030 persequente.
3304 4946 3404 5012 37.
3465 4947 3824 5030 Impinyent
3885 4952 4090 5012 autem
4153 4946 4308 5012 alter
4369 4949 4442 5013 in

2494 5034 2759 5100 alterum
2822 5038 3121 5114 tanquam
3178 5054 3220 5097 a
3274 5032 3439 5116 facie
3490 5032 3727 5116 yladii,
3790 5032 3957 5097 nullo
3998 5038 4439 5115 persequente:

2495 5139 2693 5200 neque
2757 5119 2876 5182 erit
2936 5117 3108 5184 vobis
3168 5119 3524 5184 resistentia
3584 5136 3794 5183 coram
3855 5116 4133 5183 inimicis
4194 5121 4438 5185 vestris.

3882 5320 4090 5377 Gallice
4140 5323 4202 5377 in
4259 5328 4439 5378 textu:

3958 5474 4025 5530 2*

2664 5322 2721 5393 1)
2769 5322 2844 5377 In
2903 5322 3181 5392 maraine.-
3230 5322 3361 5388 Vel,
3385 5350 3392 5362 ·
3417 5322 3795 5377 oblectabitur.

2487 5393 2729 5465 prendre
2761 5393 2966 5464 plaisir,
3003 5394 3064 5448 in
3100 5394 3372 5462 marqine:
3408 5392 3746 5461 accomplira.
