5017 6142
365 433 489 500 301

364 627 585 686 autem
629 617 752 686 hoc
794 619 979 704 pacis
1023 618 1284 699 dicitur,
1328 619 1483 703 quia
1524 619 1759 686 stabile
1797 620 2101 686 futurum
2144 625 2313 686 erat:

361 704 512 771 ideo
553 705 893 771 commode
939 706 1104 772 verti
1148 718 1397 789 posset:
1444 706 1723 773 Pactum
1763 726 1983 772 meum
2026 706 2096 771 in
2138 725 2315 789 pace.

359 790 559 858 Certe
622 789 883 857 felicem
938 811 1312 857 successum
1367 789 1701 877 designat,
1760 812 1836 858 ac
1887 792 1946 858 si
2003 790 2314 858 dixisset:

361 876 651 942 Phineos
695 898 846 944 cum
892 878 1030 942 suis
1072 877 1351 961 posteris
1395 898 1705 963 prospere
1740 877 2102 944 sacerdotio
2131 877 2316 943 fune-

536 1047 637 1113 14.
687 1048 888 1116 Porro
919 1067 1137 1113 nomen
1170 1048 1318 1115 viri.
1387 1048 1597 1114 Sicuti
1633 1051 1950 1115 memoria
1991 1048 2316 1114 iustorum

358 1133 705 1201 benedicta
763 1142 895 1215 est,
949 1134 1043 1199 ita
1102 1132 1274 1200 foedi
1318 1135 1582 1201 sceleris
1627 1143 1921 1200 autorem
1966 1141 2319 1218 perpetuae

358 1219 767 1305 ignominiae
833 1219 1135 1285 damnari
1191 1240 1470 1304 aequum
1530 1221 1670 1286 fuit.
1772 1218 1964 1302 Quod
2022 1242 2176 1288 vero
2235 1219 2318 1284 ad

362 1314 571 1370 totam
614 1305 865 1372 tribum
909 1326 1062 1389 pars
1107 1304 1439 1374 dedecoris
1482 1306 1800 1386 reiicitur,
1846 1306 2005 1372 hine
2047 1315 2319 1391 apparet

360 1399 768 1475 quantopere
826 1391 970 1457 Deo
1036 1391 1443 1476 displicuerit
1498 1400 1686 1458 tanta
1743 1392 2068 1459 atrocitas.
2170 1391 2319 1457 Etsi

360 1476 545 1544 enim
593 1496 723 1542 non
767 1477 1152 1560 simpliciter
1193 1477 1482 1543 trahitur
1524 1478 1594 1543 in
1638 1479 2014 1544 societatem
2057 1477 2319 1543 sceleris

357 1563 571 1629 tribus
613 1561 919 1641 Simeon,
979 1563 1270 1628 inuritur
1326 1572 1545 1629 tamen
1592 1564 1956 1630 communis
2002 1563 2315 1629 infamiae

359 1656 523 1714 nota
555 1646 639 1713 ad
675 1668 901 1714 omnes
937 1648 1397 1729 humiliandos,
1433 1659 1510 1715 ut
1547 1649 1755 1715 discat
1789 1670 1908 1734 pro
1943 1671 2013 1716 se
2045 1649 2317 1734 quisque

359 1755 524 1818 quos
568 1754 605 1799 e
647 1734 788 1799 suis
827 1736 1127 1820 cognatis
1170 1743 1513 1819 peccantes
1560 1735 1795 1802 viderit
1849 1756 2077 1802 severe
2121 1736 2315 1802 casti-

358 1840 550 1906 gare,
631 1840 765 1884 non
830 1831 1071 1886 autem·
1116 1820 1341 1888 fovere
1406 1842 1631 1888 eorum
1698 1821 1860 1887 vitia
1929 1821 1989 1888 si
2051 1820 2315 1906 generis

358 1905 580 1971 autori
623 1906 994 1971 consultum
1040 1927 1185 1973 esse
1226 1908 1423 1991 cupit.
1512 1907 1658 1973 Iam
1716 1907 1886 1991 quod
1929 1916 2065 1973 tam
2109 1906 2315 1972 Zimri

356 2011 560 2076 quam
620 1991 858 2057 mulier
900 1992 1287 2058 Madianitis
1344 2014 1428 2059 ex
1485 1993 1814 2060 nobilibus
1871 2001 1939 2060 et
1981 1992 2315 2077 primariis

354 2077 628 2143 familiis
694 2077 892 2144 fuisse
957 2091 1388 2157 memoratur,
1468 2100 1599 2145 non
1680 2087 1938 2145 tantum
2003 2076 2315 2145 docemur

354 2161 675 2229 iudicium
695 2161 824 2228 Dei
870 2184 1011 2229 esse
1052 2162 1621 2248 ἅπροσωπόληπτον,
1668 2166 1781 2231 ubi
1827 2163 2135 2250 dignitati
2178 2186 2314 2230 non

406 2251 602 2329 arcit,
667 2248 783 2315 sed
839 2270 967 2334 quo
1025 2250 1298 2334 quisque
1354 2251 1424 2317 in
1482 2250 1703 2317 altiori
1767 2251 2037 2316 honoris
2103 2250 2313 2335 gradu

382 2345 614 2401 ecatus
659 2342 779 2415 est,
823 2336 880 2400 si
925 2337 1206 2419 turpiter
1249 2358 1321 2403 se
1364 2344 1584 2421 gerat,
1643 2357 1718 2402 eo
1763 2334 2121 2402 maioribus
2159 2357 2309 2420 pro-

352 2419 497 2486 bris
540 2441 682 2487 esse
726 2421 1127 2504 expositum:
1172 2422 1327 2506 quia
1367 2422 1678 2506 splendor
1720 2423 1860 2506 ipse
1903 2422 2116 2507 magis
2159 2443 2312 2489 con-

354 2507 583 2590 spicua
626 2505 843 2572 reddit
885 2505 1223 2573 hominum
1266 2510 1455 2575 facta.
1545 2507 1876 2591 Quoniam
1936 2517 2155 2575 autem
2200 2529 2311 2592 pa-

352 2599 549 2658 terna
591 2591 824 2659 domus
867 2594 1064 2659 scorti
1109 2592 1345 2661 dicitur
1385 2595 1587 2660 fuisse
1629 2595 1700 2660 in
1746 2594 2048 2673 Madian,
2106 2593 2309 2662 conii-

352 2678 545 2745 ciunt
587 2677 889 2743 nonnulli
931 2686 1157 2744 natam
1198 2680 1402 2747 fuisse
1445 2683 1515 2746 in
1560 2688 1737 2746 terra
1770 2679 1990 2761 Moab,
2029 2681 2135 2747 vel
2176 2681 2307 2748 sal-

351 2771 492 2831 tem
534 2763 710 2847 apud
754 2776 1066 2849 cognatos
1110 2774 1440 2833 maternos
1493 2765 1694 2833 fuisse
1750 2766 1888 2834 illic
1933 2766 2309 2833 educatam:

351 2870 588 2917 verum
632 2849 786 2933 quia
826 2871 933 2916 res
977 2850 1143 2916 levis
1186 2860 1317 2933 est,
1361 2873 1506 2918 eam
1550 2852 1622 2918 in
1658 2852 1944 2918 medium
1991 2851 2305 2936 relinque.

530 2935 632 3001 17.
680 2936 1019 3021 Anqustiie
1058 2936 1243 3020 affice
1284 2937 1703 3005 Madiam'tae.
1794 2938 2016 3020 Quum
2061 2939 2305 3023 passim

352 3043 509 3089 suos
549 3031 767 3088 arceat
810 3020 995 3089 Deus
1035 3043 1075 3088 a
1119 3023 1407 3090 vindicta
1449 3024 1692 3090 mirum
1735 3031 1836 3091 est
1878 3045 2055 3091 nunc
2098 3045 2305 3109 popu-

350 3107 495 3175 lum
542 3107 749 3175 Israel
796 3107 878 3173 ad
929 3128 1072 3174 eam
1123 3111 1483 3190 stimulari,
1537 3110 1725 3194 quasi
1782 3130 1937 3177 vero
1982 3131 2112 3176 non
2157 3111 2306 3194 plus

350 3194 518 3260 satis
559 3194 689 3259 iam
725 3214 1088 3278 propensus
1123 3205 1294 3262 esset
1328 3194 1412 3262 ad
1445 3216 1517 3262 se
1550 3196 2029 3264 ulciscendum:
2073 3218 2307 3263 verum

352 3279 716 3347 tenendum
772 3287 902 3358 est,
961 3301 1163 3364 quum
1209 3283 1392 3349 Deus
1436 3282 1546 3364 qui
1588 3282 1799 3349 iustus
1844 3291 1943 3347 est
1986 3283 2304 3349 scelerum

351 3365 625 3444 vindex,
669 3386 863 3449 saepe
903 3374 1133 3433 utatur
1176 3367 1519 3434 hominum
1555 3388 1771 3453 opera,
1818 3376 1886 3434 et
1919 3388 2031 3434 eos
2066 3370 2307 3435 consti-

351 3460 506 3519 tuat
550 3451 880 3537 legitimos
925 3453 1326 3520 exercendae
1368 3474 1525 3520 suae
1579 3453 1909 3520 vindictae
1951 3456 2305 3534 ministros,

350 3558 490 3605 non
536 3537 836 3604 damnari
880 3538 1024 3604 sine
1067 3540 1452 3624 exceptione
1509 3538 1868 3625 quamlibet
1930 3540 2306 3619 vindictam,

350 3623 469 3692 sed
514 3623 599 3689 ad
642 3644 838 3709 quam
882 3623 1182 3691 homines
1224 3627 1403 3710 ipsos
1445 3626 1724 3709 impellit
1757 3627 1974 3692 carnis
2011 3627 2303 3695 affectus.

349 3711 613 3778 Laesus
679 3721 779 3776 est
843 3711 1201 3795 quispiam,
1266 3711 1488 3778 statim
1556 3712 1813 3795 privata
1879 3733 1999 3777 sua
2061 3712 2306 3781 iniuria

352 3816 671 3864 accensus
714 3796 796 3861 ad
844 3796 1195 3863 ulciscendi
1241 3797 1671 3881 cupiditatem
1715 3798 1988 3883 rapitur,
2034 3798 2141 3866 hic
2174 3819 2311 3864 ma-

350 3882 668 3950 nifestum
712 3892 814 3948 est
862 3880 1113 3948 vitium.
1204 3882 1281 3950 Si
1337 3883 1481 3968 quis
1539 3893 1755 3950 autem
1802 3893 1979 3950 recto
2024 3893 2090 3950 et
2127 3904 2305 3952 com-

348 3971 567 4054 posito
613 3968 739 4033 Dei
781 3969 919 4035 zelo
965 3968 1047 4033 ad
1092 3988 1371 4053 poenam
1413 3969 1844 4054 expetendam
1891 3971 2126 4055 agitur,
2171 3993 2303 4037 non

349 4075 544 4123 suam
611 4055 814 4139 ipsius
878 4075 1142 4122 causam
1160 4107 1175 4133 ‚
1243 4055 1359 4121 sed
1430 4055 1560 4122 Dei
1625 4055 1945 4142 agendam
2011 4058 2303 4141 suscipit.

348 4140 586 4207 Noluit
666 4140 868 4226 igitur
930 4140 1115 4208 Deus
1182 4142 1404 4225 populi
1468 4143 1569 4208 sui
1635 4142 2015 4209 iracundiae
2079 4143 2306 4209 fraena

348 4226 601 4305 laxare,
646 4234 722 4292 ut
763 4246 882 4310 pro
925 4226 1212 4294 violento
1255 4227 1396 4295 eius
1432 4230 1682 4312 impetu
1726 4227 2116 4312 rependeret
2156 4230 2300 4296 Ma·

351 4311 620 4379 dianitis
664 4312 838 4396 quod
881 4314 1098 4379 meriti
1143 4323 1361 4380 erant:
1421 4313 1534 4380 sed
1596 4334 1714 4380 suo
1759 4313 1977 4399 gladio
2020 4315 2306 4382 armavit

348 4398 442 4464 ad
483 4420 594 4464 cos
636 4397 1031 4482 puniendos:
1098 4420 1173 4465 ac
1227 4400 1284 4465 si
1327 4400 1820 4484 pronunciaret,
1878 4401 2118 4466 iustam
2165 4402 2305 4467 fore

348 4483 512 4551 belli
553 4503 839 4566 causam,
879 4506 1000 4552 nec
1033 4484 1403 4551 timendum
1440 4506 1581 4552 esse
1615 4508 1700 4552 ne
1735 4485 2032 4553 crudeles
2068 4497 2301 4566 essent,

349 4580 492 4637 tam
559 4570 790 4637 noxios
853 4571 1074 4638 hostes
1130 4569 1421 4638 delendo.
1522 4572 1670 4638 Etsi
1727 4578 1947 4639 autem
2004 4572 2302 4639 fraudem

349 4656 530 4723 hanc
586 4657 1078 4742 excogitaverat
1135 4657 1311 4725 solus
1357 4657 1665 4738 Balaam,
1723 4658 1915 4741 culpa
1970 4666 2187 4725 tamen
2231 4659 2302 4724 in

351 4748 570 4809 totum
611 4742 928 4828 populum
973 4746 1274 4810 vertitur.
1337 4743 1603 4810 Interea
1644 4743 2073 4828 suspenditur
2115 4744 2302 4810 Moa-

352 4828 642 4895 bitarum
697 4850 935 4913 poena,
992 4831 1109 4914 qui
1164 4837 1383 4896 tamen
1430 4829 1502 4894 in
1546 4831 1828 4914 speciem
1872 4831 2141 4914 gravius
2185 4852 2303 4896 no-

351 4925 650 4981 cuerant.
719 4913 895 4997 Quia
929 4914 1037 4983 hie
1073 4936 1206 4981 non
1240 4926 1512 5000 apparet
1554 4923 1736 4983 certa
1777 4916 1946 4982 ratio
1988 4935 2106 4981 cur
2141 4915 2304 4983 alios

353 5000 716 5067 clementer
756 5000 1081 5068 sustineat
1123 5002 1305 5068 Deus
1319 5054 1336 5083 ,
1383 4999 1465 5067 ad
1507 5001 1781 5068 aliorum
1823 5023 1982 5070 vero
2023 5023 2303 5088 poenam

354 5086 490 5153 cito
540 5097 879 5171 properet,
942 5086 1269 5155 discamus
1331 5096 1712 5154 reverenter
1774 5089 2104 5173 suspicere
2161 5089 2304 5155 eius

352 5172 624 5254 iudicia,
657 5184 725 5240 et
757 5173 827 5239 in
860 5172 995 5240 illis
1030 5173 1438 5241 excutiendis
1472 5195 1605 5239 non
1686 5173 1792 5240 lus
1829 5172 2015 5241 nobis
2044 5195 2304 5241 sumere

401 5281 555 5326 uam
587 5260 687 5326 fas
722 5266 839 5326 est.
904 5259 1109 5327 Nobis
1141 5260 1304 5326 satis
1338 5259 1425 5326 sit
1465 5260 1591 5327 hac
1677 5283 1713 5327 e
1755 5279 1951 5326 causa
1986 5260 2301 5328 indictum

352 5281 563 5415 {fisse
604 5345 969 5431 legitimum
1011 5345 1257 5412 bellum
1300 5345 1718 5427 Madianitis,
1775 5346 1926 5430 quia
1969 5367 2090 5431 per
2132 5348 2305 5431 ipsos

1764 428 2178 499 REDI'PUS
2225 431 2357 497 AD
2403 430 2952 500 HISTORIAM.

4249 438 4380 505 302

2420 640 2558 687 non
2602 627 2872 688 steterat
2917 624 3263 706 quominus
3297 624 3569 692 scelesta
3604 625 3944 710 impietate
3979 647 4050 694 se
4083 648 4380 712 pessum-

2423 706 2609 773 daret
2651 706 2932 791 populus
2974 707 3203 774 Israel.

2619 1112 3044 1184 EIUSDEM
3089 1116 3604 1187 HISTORIAE
3647 1121 4176 1190 REPE'I'I'PIO.

2974 1323 3107 1390 EX
3141 1324 3413 1393 DEU'I'.
3460 1324 3655 1392 OAP.
3705 1325 3827 1394 IV.

2594 1511 2655 1577 3.
2710 1510 2894 1578 Oculi
2931 1514 3123 1578 vestri
3158 1514 3452 1580 viderunt
3483 1535 3645 1596 quae
3679 1515 3827 1597 feeit
3848 1516 4076 1584 Iehova
4108 1526 4367 1602 propter

2422 1596 2805 1673 Baal-Peor‚
2852 1618 3091 1663 omnem
3132 1600 3299 1664 enim
3345 1599 3651 1666 hominem
3683 1603 3797 1684 qui
3826 1610 4198 1685 perrexerat
4223 1612 4367 1689 post

2421 1682 2795 1749 Baal-Peor
2845 1683 3129 1766 perdidit
3181 1684 3413 1751 Iehova
3463 1686 3646 1754 Deus
3709 1692 3854 1753 tuus
3897 1709 3930 1754 e
3984 1691 4185 1757 medio
4246 1694 4363 1757 tui.

2418 1769 2508 1921 §.a
2522 1768 2666 1868 ‘Vos
2706 1773 2914 1869 ᾳιιίεηι
2929 1790 3076 1922 ἧξιᾶι
3127 1769 3506 1839 adhaesistis
3549 1771 3814 1840 Iehovae
3855 1774 3994 1841 Deo
4035 1783 4234 1843 vestro
4274 1778 4366 1843 vi-

2506 1874 2569 1920 vs
2609 1875 2888 1921 umversv
3049 1877 3126 1922 w.

2591 2043 2650 2109 3.
2705 2041 2887 2109 Oculi
2919 2046 3125 2110 vestn'.
3195 2044 3457 2112 Cer-tius
3492 2055 3773 2112 testatur
3817 2048 3979 2116 haec
4022 2052 4365 2134 expositio,

2419 2129 2581 2194 adeo
2633 2131 3056 2213 conspicuum
3122 2133 3323 2197 fuisse
3379 2151 3629 2215 poenae
3682 2134 4052 2218 exemplum
4074 2186 4088 2211 ,
4148 2146 4225 2201 ut
4283 2158 4366 2203 ne

2419 2215 2805 2282 rudissimos
2857 2216 3122 2299 quidem
3189 2219 3451 2283 lateret:
3512 2219 3859 2301 compellat
3913 2222 4086 2286 enim
4147 2222 4365 2289 Moses

2417 2322 2553 2368 non
2606 2302 2718 2385 qui
2778 2303 3105 2385 pollerent
3157 2303 3434 2384 iudicio,
3500 2303 3613 2369 sed
3673 2305 3995 2388 quoslibet
4051 2328 4088 2371 e
4144 2308 4364 2393 vulgo,

2417 2389 2530 2471 qui
2575 2396 2833 2454 tantum
2878 2398 3275 2473 spectatores
3317 2390 3600 2455 fuerant.
3691 2391 3889 2456 Certe
3933 2392 3990 2456 si
4032 2393 4366 2460 obscurior

2415 2474 2648 2540 fuisset
2687 2474 2816 2541 Dei
2859 2475 3186 2552 vindicta,
3222 2495 3355 2541 non
3399 2484 3533 2541 tam
3572 2474 3974 2542 confidenter
4014 2497 4126 2544 eos
4168 2480 4366 2545 citas·
4490 2487 4499 2494 ‘

2415 2569 2520 2625 set
2561 2567 2791 2627 testes:
2845 2581 2972 2645 quo
3016 2563 3237 2627 minus
3279 2562 3670 2628 excusabilis
3711 2563 3835 2627 fuit
3876 2584 4100 2628 eorum
4144 2583 4365 2633 socor-

2415 2645 2542 2721 dia,
2587 2646 2644 2711 si
2686 2645 2760 2711 in
2804 2666 2876 2712 re
2918 2658 3052 2711 tam
3096 2648 3272 2713 clara
3304 2658 3372 2713 et
3404 2646 3604 2732 probe
3638 2649 3903 2732 cognita
3941 2651 4363 2717 caecutirent.

2413 2732 2621 2798 Porro
2665 2731 2838 2816 quod
2882 2753 3106 2798 eorum
3149 2734 3580 2799 constantiam
3626 2733 3866 2814 laudat,
3910 2737 4238 2820 restringo
4280 2735 4366 2802 ad

2414 2827 2634 2886 actum
2700 2828 3137 2902 praesentem:
3203 2821 3359 2903 quia
3411 2820 3572 2885 satis
3622 2828 3802 2902 patet
3853 2841 3989 2886 non
4052 2822 4363 2888 continuo

2415 2913 2642 2970 tenore
2684 2925 2794 2970 eos
2838 2904 3213 2971 adhaesisse
3254 2905 3418 2971 Deo.
3505 2904 3758 2972 Sensus
3801 2913 3922 2986 est,
3965 2907 4038 2971 in
4080 2906 4194 2972 illa
4237 2907 4366 2973 Dei

2413 2991 2665 3056 ultione
2699 2992 3113 3058 manifestum
3152 2992 3354 3057 fuisse
3390 2989 3760 3071 discrimen,
3807 3003 3880 3056 ut
3913 3012 4090 3059 mors
4123 2993 4364 3076 impiae

2413 3076 2855 3229 multitudinis
2899 3077 3070 3161 apud
3115 3077 3503 3161 superstites
3562 3090 3884 3144 assereret
3936 3099 4175 3162 purum
4220 3080 4363 3146 eius

2412 3184 2491 3230 cu
2521 3172 2682 3229 tum.

2934 3505 3287 3573 NUMER.
3332 3504 3532 3573 OAP.
3574 3505 3841 3573 XXVI.

2588 3712 2645 3775 1.
2706 3708 2795 3776 Et
2845 3711 3003 3794 fuit,
3049 3717 3197 3793 post
3226 3712 3494 3797 playam
3534 3713 3828 3795 loquutus
3867 3718 3960 3779 est
3999 3712 4232 3781 Iehova
4272 3715 4359 3782 ad

2413 3796 2640 3864 Mosen
2680 3802 2737 3863 et
2780 3796 3063 3863 Eleazar
3105 3797 3316 3880 filium
3358 3798 3627 3865 Aharon
3667 3797 4024 3877 sacerdotia,
4067 3800 4326 3867 dicendo
4342 3825 4363 3867 .·

2410 3884 2471 3950 2.
2519 3882 2744 3949 Tollite
2785 3904 3096 3950 summam
3148 3885 3478 3951 universae
3529 3886 4019 3969 eonyreyationis
4071 3886 4359 3967 filiorum

2413 3969 2642 4050 Israel,
2688 3991 2729 4036 a
2764 3969 2901 4051 filio
2941 3970 3167 4055 viyinti
3210 3991 3535 4051 annorum,
3579 3975 3635 4035 et
3674 3990 3906 4052 supra,
3940 3991 4065 4054 per
4104 3972 4358 4038 domum

2397 4060 2666 4140 patrum
2723 4075 3010 4135 suorum,
3070 4057 3351 4122 omni-um
3407 4057 3850 4141 eqo-odientium
3893 4057 3979 4121 ad
4019 4056 4242 4124 bellum
4285 4059 4356 4124 in

2412 4143 2672 4209 Israele.
2772 4142 2830 4208 3.
2903 4142 3127 4225 Itaque
3189 4142 3485 4224 loquutus
3546 4147 3636 4208 est
3686 4140 3896 4208 Moses
3960 4147 4018 4208 et
4075 4142 4358 4222 Eleazar

2408 4230 2700 4297 sacerdos
2740 4248 2881 4295 eum
2923 4228 3058 4294 illis
3097 4228 3166 4293 in
3219 4228 3673 4310 campestribus
3718 4227 3905 4293 Moab
3922 4278 3938 4309 ,
3997 4227 4178 4296 iuxta
4221 4230 4358 4295 Ior-

2407 4316 2635 4381 danem
2700 4312 2976 4393 striche,
3042 4313 3329 4381 dicendo.-
3438 4314 3499 4381 4.
3579 4314 3922 4380 Numerate
3996 4316 4357 4381 universam

2405 4400 2929 4485 congregationem
2957 4398 3240 4482 filiorum
3263 4400 3487 4479 Israel,
3534 4421 3577 4464 a
3605 4399 3737 4482 filio
3896 4401 4004 4466 'nti
4044 4420 4357 4468 annorum

2407 4492 2463 4553 et
2517 4505 2749 4568 supra.-
2804 4486 3322 4568 quemadmodum
3364 4490 3768 4569 praeceperat
3853 4485 4043 4552 ekova
4087 4486 4261 4554 Meet
4302 4491 4359 4551 et

2402 4572 2565 4655 filiis
2589 4570 2802 4637 Israel
2823 4572 2935 4653 qui
2955 4570 3189 4655 eyressi
3222 4576 3403 4638 erant
3422 4592 3456 4639 e
3487 4576 3657 4638 terra
3678 4571 3963 4657 Aeyypti.
4016 4572 4075 4638 5.
4104 4571 4357 4638 Reuben

2403 4659 2533 4743 fuit
2551 4657 3008 4741 pm‘moyeuitus
3028 4656 3315 4734 Israeli-9,
3346 4657 3475 4740 filii
3509 4656 3762 4723 Reubeu
3802 4659 4064 4741 fuerunt
4089 4657 4322 4739 aliquot
4337 4682 4357 4721 .-

2408 4745 2484 4810 cle
2529 4743 2741 4809 Hence
2787 4742 2920 4826 fuit
2966 4742 3227 4826 familia
3268 4741 3789 4811 Henoehitarum:
3841 4744 3918 4810 de
3963 4741 4197 4809 Phallu
4248 4743 4354 4825 fa-

2407 4829 2613 4896 milia·
2640 4827 3134 4894 Phalluitarum.
3222 4827 3282 4895 6.
3340 4828 3442 4896 De
3485 4829 3736 4896 Hesrou
3754 4880 3769 4908 ,
3823 4829 4086 4914 familia
4126 4828 4357 4894 Hesro-

2407 4918 2723 4983 uitarum:
2765 4914 2841 4980 cle
2888 4911 3149 4983 Charmi
3185 4914 3446 4996 familia
3496 4913 3982 4983 chamaam.
4071 4914 4110 4977 7
4115 4964 4130 4979 .
4178 4913 4356 4979 Istae

2409 5005 2555 5069 sunt
2627 4999 2920 5083 familiae
2985 4999 3508 5067 Reubeuitarum:
3582 5006 3640 5067 et
3708 5001 3968 5083 fuerunt
4044 4999 4357 5065 umnerati

2409 5108 2620 5155 eorum
2640 5087 2774 5154 tria
2805 5089 2861 5151 et
2894 5085 3314 5171 quadrayinta
3334 5087 3542 5155 millia
3573 5085 3944 5169 septinyentt
3978 5088 4036 5149 et
4141 5086 4155 5100 '
4207 5085 4350 5150 ’πόα

2410 5175 2468 5241 8.
2514 5172 2603 5238 Et
2644 5192 2724 5240 ex
2844 5173 2918 5238 ‘is
2965 5171 3204 5239 Phallu
3246 5170 3456 5241 Euat.
3538 5171 3597 5238 9.
3660 5167 3822 5237 Filii
3875 5175 4082 5237 autem
4229 5170 4351 5252 tab,

2412 5259 2669 5340 Nebuel,
3019 5259 3371 5326 etAbiron:
3411 5260 3523 5326 isti
3562 5263 3710 5324 eunt
3730 5255 3993 5324 Dathau
4035 5257 4356 5323 etAbirou

2407 5346 2681 5413 maiores
2734 5365 3079 5431 synayoyae
3132 5346 3245 5427 qui
3296 5346 3497 5412 rixati
3552 5348 3697 5411 sunt
3748 5347 3960 5410 contra
4018 5341 4241 5410 Mosen
4298 5349 4358 5431 et
