5017 6142
407 432 537 500 373

584 619 684 684 34.
753 617 977 684 Nonne
1019 623 1108 684 est
1143 618 1532 685 reconditum.
1622 617 2014 704 Quanquam
2067 619 2148 685 de
2189 640 2344 703 poe·

406 703 513 769 nis
576 704 757 771 hunc
820 722 1088 770 versum
1151 704 1419 787 quidam
1483 714 1849 788 exponunt,
1915 726 1990 771 88
2048 707 2104 772 si
2161 705 2345 772 Deus

404 796 762 868 assereret,
818 788 1107 856 diversas
1165 810 1391 857 earum
1443 790 1691 875 species
1744 790 1919 874 apud
1962 811 2031 857 se
2084 800 2345 875 paratas

408 896 552 942 esse
604 895 767 959 quas
823 874 1164 958 depromat
1205 876 1458 959 quoties
1499 875 1793 956 libuerit,
1839 878 2082 944 rectius
2124 882 2343 943 tamen

406 969 510 1027 est
574 961 655 1026 de
706 960 1058 1027 sceleribus
1110 960 1491 1045 intelligere.
1582 959 1843 1030 Scimus
1897 962 2163 1046 impios,
2229 962 2341 1029 nbi

406 1048 592 1114 Deus
645 1045 1027 1129 supersedet
1065 1068 1104 1112 8
1146 1047 1391 1130 rigore,
1441 1045 1566 1113 sibi
1622 1048 2002 1130 promittere
2057 1048 2343 1131 impuni-

409 1141 609 1198 tatem
628 1182 643 1212 ,
710 1151 785 1197 ac
837 1132 894 1197 si
941 1133 1081 1197 81118
1138 1132 1487 1198 tolerantia
1551 1131 1868 1215 quaedam
1930 1135 2346 1201 conniventia

405 1227 601 1285 esset.
668 1217 849 1302 Ergo
892 1217 1020 1284 nisi
1062 1218 1283 1283 statim
1326 1217 1582 1283 attollat
1616 1238 1886 1283 manum
1928 1219 2011 1283 ad
2054 1238 2164 1284 eos
2207 1239 2346 1285 cas-

407 1303 739 1389 tigandos,
821 1304 1082 1386 fingunt
1137 1323 1356 1369 coram
1413 1302 1555 1386 ipso
1611 1304 1956 1370 evanuisse
2027 1304 2346 1371 scelerum

404 1390 701 1455 omnium
737 1388 1137 1466 memoriam,
1183 1387 1325 1454 ideo
1360 1408 1553 1473 saepe
1586 1388 1940 1472 prophetae
1972 1389 2346 1474 hypocritas

405 1474 490 1540 ad
526 1472 703 1540 diem
736 1474 1127 1540 visitationis
1160 1481 1493 1552 revocant,
1532 1494 1615 1539 ne
1651 1473 1807 1556 quid
1829 1495 1900 1540 88
1922 1475 2086 1541 111811
2116 1475 2345 1542 fecisse

405 1567 643 1644 putent
664 1561 736 1624 in
757 1579 958 1625 mora.
989 1558 1137 1626 Hac
1156 1559 1407 1625 ratione
1430 1558 1586 1624 dicit
1606 1558 1918 1626 Ieremias
1938 1559 2068 1648 (17,
2095 1559 2180 1646 1),
2200 1581 2346 1644 pec-

402 1653 627 1712 catum
690 1644 857 1710 Iuda
920 1645 1235 1728 scriptum
1299 1665 1441 1710 esse
1499 1645 1672 1729 stylo
1723 1647 1932 1711 ferreo
1989 1647 2060 1711 in
2124 1666 2346 1730 ungue

405 1729 847 1796 adamantino.
937 1730 1216 1797 Diversa
1256 1731 1472 1814 figura
1514 1728 1722 1795 utitur
1765 1731 2020 1806 Moses,
2082 1739 2348 1814 peccata

404 1836 630 1882 eornm
651 1867 667 1896 ‚
723 1817 846 1881 etsi
903 1836 1035 1881 non
1094 1815 1314 1882 statim
1375 1815 1622 1882 vindex
1665 1825 1939 1899 apparet
1980 1815 2200 1895 Deus,
2249 1836 2347 1882 re·

404 1900 672 1969 condita
705 1921 847 1967 esse
886 1902 956 1966 in
1001 1903 1140 1967 eius
1184 1901 1542 1977 thesauris,
1587 1921 1750 1985 quae
1796 1910 2083 1985 tempore
2125 1923 2206 1986 op
2252 1922 2349 1967 or-

406 1996 570 2053 tuno
612 1986 908 2071 proferat
944 1987 1014 2052 in
1058 1987 1287 2053 lucem.
1375 1986 1568 2054 Unde
1611 1986 1939 2071 colligitur
1980 1986 2156 2055 utilis
2243 2009 2346 2054 oc-

406 2074 616 2138 trina:
686 2072 1008 2154 Quamvis
1065 2071 1147 2137 ad
1207 2081 1470 2156 tempus
1525 2073 1710 2139 Dens
1767 2073 2160 2153 dissimulet,
2216 2093 2347 2138 non

406 2168 626 2224 tamen
669 2158 1019 2226 criminum
1072 2158 1399 2237 oblivisci,
1455 2177 1733 2241 qnorum
1783 2158 2002 2224 miseri
2046 2158 2346 2224 homines

402 2242 686 2310 deletam
730 2265 873 2311 esse
907 2244 1287 2309 memoriam
1321 2243 1524 2310 stulte
1558 2250 1809 2327 putant,
1853 2245 1980 2311 nisi
2015 2244 2345 2327 praesenti

404 2328 533 2397 Dei
575 2330 864 2396 vindicta
905 2339 1284 2414 urgeantur.

575 2415 678 2482 35.
745 2414 899 2481 Mea
953 2420 1039 2481 est
1090 2414 1258 2480 ultio.
1348 2414 1608 2482 Oitatur
1666 2415 1772 2482 hic
1825 2415 2007 2482 188118
2062 2415 2255 2481 811181
2307 2436 2348 2481 8

406 2502 614 2567 Ρ81118
693 2521 888 2585 quam
966 2501 1047 2566 ab
1111 2509 1338 2566 autore
1416 2500 1749 2584 Epistulae
1827 2500 1907 2567 ad
1989 2501 2342 2567 Hebraeos.

405 2587 655 2653 Paulus
697 2587 873 2651 enim
918 2593 993 2652 ut
1032 2585 1337 2652 fidelibus
1389 2585 1778 2668 persuadeat
1824 2586 2097 2652 iniurias
2141 2607 2346 2670 aequo

405 2673 626 2738 animo
669 2672 828 2756 pati,
873 2671 1177 2737 admonet
1212 2670 1494 2737 dandum
1543 2692 1684 2738 esse
1727 2672 1943 2737 locum
1989 2673 2154 2738 irae:
2199 2673 2348 2754 quia

405 2759 792 2841 pronunciet
808 2759 994 2824 Deus
1017 2777 1205 2823 suam
1242 2777 1383 2822 esse
1419 2757 1775 2823 vindictam
1809 2756 2026 2843 (Rom.
2068 2758 2167 2834 12,
2210 2756 2344 2843 19):

404 2851 594 2910 autor
636 2864 791 2910 vero
834 2842 1169 2927 Epistulae
1227 2841 1310 2908 ad
1352 2842 1689 2909 Hebraeos
1731 2842 1872 2929 (10,
1927 2842 2071 2929 30),
2127 2844 2344 2910 Deum

405 2930 764 3014 impietatis
828 2927 1155 2995 vindicem
1222 2929 1358 2994 fore
1422 2930 1894 3012 pronuncians,
1953 2929 2344 2995 sententiam

402 3035 593 3081 suam
655 3015 1001 3082 confirmat
1054 3015 1177 3081 hoc
1218 3014 1613 3081 testimonio.
1697 3014 1876 3080 Hinc
1931 3016 2011 3080 fit
2061 3023 2138 3080 ut
2194 3034 2347 3098 pars

402 3102 836 3185 interpretum
890 3109 1076 3184 putet
1140 3099 1522 3165 denunciari
1573 3120 1849 3184 poenam
1905 3101 2145 3167 exteris
2188 3120 2346 3184 gen-

404 3188 597 3267 tibus,
640 3187 792 3269 quia
833 3185 1184 3251 crudeliter
1226 3186 1606 3250 afflixerunt
1647 3186 1924 3251 electum
1968 3184 2097 3251 Dei
2140 3206 2344 3269 popu-

400 3271 564 3339 lum.
623 3272 714 3338 Et
748 3271 1057 3338 videntur
1100 3270 1222 3338 hoc
1265 3291 1497 3337 sonare
1531 3271 1726 3336 Pauli
1760 3271 1977 3349 verba,
2022 3272 2347 3354 patienter

396 3357 707 3423 ferendas
749 3378 892 3423 esse
933 3357 1240 3436 iniurias,
1291 3357 1595 3439 quoniam
1640 3355 1826 3422 Deus
1870 3356 1994 3423 sibi
2036 3356 2345 3423 vendicat

398 3442 753 3511 ulciscendi
797 3463 1063 3509 munus:
1112 3463 1338 3508 verum
1385 3442 1537 3526 quia
1576 3441 1744 3507 nihil
1777 3442 2052 3525 impedit
2083 3452 2345 3506 senten-

396 3529 565 3594 tiam
608 3549 804 3593 unam
843 3527 1316 3596 accommodari
1349 3527 1422 3592 in
1456 3528 1674 3593 varios
1710 3548 1888 3605 usus,
1935 3547 2068 3592 non
2103 3528 2343 3593 intem-

396 3614 659 3699 pestive
688 3615 935 3680 Paulus
977 3613 1497 3679 exhortationem
1541 3632 1725 3679 suam
1769 3613 2179 3678 confirmavit
2220 3614 2342 3679 hoc

396 3699 610 3766 Mosis
651 3700 851 3766 dicto:
897 3700 1198 3783 quamvis
1234 3698 1315 3764 ad
1360 3696 1714 3765 domestica
1757 3698 2062 3765 ecclesiae
2105 3697 2343 3765 iudicia

398 3786 665 3869 proprie
709 3792 975 3870 spectet.
1072 3783 1261 3850 Adde
1305 3783 1475 3866 quod
1520 3805 1653 3849 non
1698 3785 1911 3851 solent
1954 3784 2226 3867 apostoli
2270 3784 2342 3849 in

391 3870 678 3937 citandis
720 3870 1107 3937 testimoniis
1151 3871 1422 3936 recitare
1468 3871 1728 3954 singula
1770 3869 1992 3949 verba,
2037 3868 2150 3935 sed
2196 3869 2342 3935 bre-

396 3957 573 4023 viter
636 3979 898 4022 monere
961 3957 1230 4023 lectores
1295 3963 1371 4021 ut
1432 3955 1608 4022 locos
1671 3956 1899 4022 citatos
1965 3954 2344 4039 diligentius

394 4043 766 4126 inspiciant.
857 4041 1185 4124 Quoniam
1241 4051 1460 4107 autem
1503 4040 1687 4108 Deus
1741 4041 1870 4106 duo
1927 4061 2102 4107 nunc
2144 4041 2342 4107 simul

394 4128 768 4212 coniungit,
826 4150 896 4194 se
939 4130 1075 4194 fore
1119 4128 1397 4193 ultorem
1447 4128 1763 4194 scelerum
1814 4126 2039 4211 populi
2082 4127 2217 4206 8111,
2275 4132 2343 4192 81

395 4213 597 4280 81111111
638 4215 1134 4298 oppressionum
1167 4214 1303 4279 fore
1338 4212 1682 4289 vindicem,
1718 4212 1884 4277 nihil
1920 4213 2044 4278 erit
2077 4211 2340 4279 absurdi

394 4299 460 4364 si
514 4297 838 4379 dicamus,
906 4299 1117 4366 locum
1178 4310 1491 4382 tanquam
1547 4297 1750 4383 digito
1816 4297 2120 4378 indicari,
2180 4297 2338 4364 sim-

395 4384 628 4469 plicior
671 4394 892 4450 tamen
950 4385 1185 4451 solutio
1229 4393 1329 4450 est
1371 4385 1741 4469 generalem
1786 4383 2178 4449 sententiam
2224 4403 2338 4466 ap-

397 4471 530 4535 tari
570 4470 653 4535 ad
696 4469 1106 4557 hypothesin,
1151 4480 1227 4535 ut
1267 4470 1493 4536 fideles
1526 4470 1804 4536 iniurias
1841 4469 2066 4552 aequis
2101 4468 2339 4534 animis

397 4554 763 4637 tolerando,
817 4557 1200 4640 permittant
1245 4554 1387 4621 Deo
1429 4575 1582 4622 81188
1670 4565 1876 4635 81188,
1935 4574 2097 4639 quas
2141 4574 2339 4636 penes

395 4661 472 4706 88
514 4643 795 4708 188111818
838 4641 1245 4725 pronunciat.
1311 4641 1462 4707 Meo
1505 4641 1615 4724 qui
1661 4662 1765 4707 em
1807 4639 2063 4720 iudicio,
2108 4640 2340 4705 cohae-

398 4735 551 4792 rent
592 4727 715 4793 hae
758 4729 958 4796 verba
1000 4748 1151 4794 cum
1194 4727 1494 4812 proximo
1529 4746 1755 4794 versu:
1815 4724 2340 4809 quandoquidem

398 4814 787 4896 tempestive
853 4814 1036 4879 Deus
1113 4834 1183 4879 se
1260 4821 1601 4881 numerata
1677 4811 1918 4878 habere
1996 4810 2336 4876 hominum

398 4907 696 4980 peecata,
747 4907 815 4966 et
856 4900 927 4964 in
964 4899 1100 4965 suis
1145 4898 1468 4965 thesauris
1520 4900 1743 4964 clausa
1787 4917 1928 4964 8888
1977 4897 2337 4975 confirmat,

394 4985 552 5066 quia
608 5005 805 5068 penes
859 5005 1010 5050 enm
1066 4992 1166 5050 est
1206 4984 1539 5051 iudicandi
1580 4990 1867 5068 potestas
1910 4990 1977 5048 et
2020 4983 2338 5049 officium:

394 5069 660 5151 quando
694 5070 1049 5136 contratria
1081 5079 1240 5137 sunt
1272 5070 1434 5136 haec
1468 5069 1614 5148 duo,
1658 5075 2060 5152 compertum
2097 5069 2338 5135 habere

394 5154 714 5239 quidquid
758 5155 1000 5222 iniuste
1043 5164 1108 5221 et
1148 5177 1489 5241 perperam
1534 5157 1784 5242 agitur,
1833 5163 1899 5220 et
1939 5154 2336 5238 impunitum

398 5240 785 5325 relinquere.
844 5243 992 5307 Non
1017 5242 1190 5326 quod
1209 5243 1651 5326 peccatoribus
1685 5242 2023 5327 ignoscere
2053 5240 2335 5306 alienum

394 5325 488 5392 sit
530 5346 570 5392 a
610 5328 860 5395 iustitia
899 5326 1061 5409 Dei,
1104 5328 1215 5396 ubi
1259 5328 1678 5413 resipiscunt:
1736 5324 1851 5393 sed
1895 5327 2044 5410 quia
2102 5325 2339 5409 princi·

1815 432 2219 502 REDITUS
2267 432 2395 502 AD
2438 431 2976 502 HISTORIAM.

4264 440 4395 506 374

2449 621 2631 705 pium
2689 620 2756 686 id
2813 642 3068 706 semper
3124 624 3329 689 fixum
3390 631 3641 702 manet,
3699 624 3918 689 Deum
3976 646 4118 693 esse
4161 626 4390 693 mundi

2448 704 2762 785 iudicem,
2820 716 2897 773 111
2937 709 3004 772 111
3061 709 3280 773 omnia
3326 709 3570 775 scelera
3626 709 4121 778 animadvertat.
4212 714 4391 799 Ergo

2447 792 2541 857 im
2588 792 2860 860 unitatis
2903 793 3140 859 fiducia
3181 793 3454 877 eripitur
3496 794 3875 878 hypocritis,
3920 797 4033 879 qui
4075 797 4200 863 nisi
4236 818 4390 864 mox

2449 814 2799 943 1181188181·
2844 877 2925 944 811
2968 899 3278 961 poenam,
3337 879 3461 945 sibi
3518 878 3963 948 blandiuntur.
4054 881 4243 963 Quod
4289 906 4389 950 se-

2450 963 2672 1046 quitur
2736 964 3100 1032 membrum
3168 963 3431 1048 quidam
3488 965 3884 1048 interpretes
3942 978 4389 1052 corrumpunt,

2448 1047 2892 1115 subaudiendo
2948 1049 3328 1116 relativum:
3392 1050 3711 1134 Tempore
3776 1072 3902 1133 quo
3965 1052 4223 1120 labetur
4275 1076 4391 1138 pes

2448 1153 2706 1199 eorum:
2765 1154 2963 1218 quum
3011 1135 3392 1219 simpliciter
3450 1136 3711 1219 colligat
3762 1137 3984 1203 Moses
4042 1158 4162 1205 suo
4222 1146 4387 1205 tem·

2452 1239 2610 1303 pore
2653 1220 2966 1304 lapsuros,
3009 1220 3120 1286 vel
3163 1220 3461 1304 quamvis
3506 1229 3679 1287 stare
3723 1242 3793 1286 88
3836 1231 4087 1306 putent,
4128 1225 4385 1290 ruinam

2451 1315 2672 1369 tamen
2726 1305 2834 1371 vel
2873 1305 3130 1389 lapsum
3173 1327 3303 1371 non
3349 1306 3573 1389 procul
3617 1307 3872 1373 abesse:
3932 1308 4102 1392 quod
4152 1310 4388 1376 melius

2450 1390 2809 1468 confirmat,
2846 1392 2957 1457 ubi
2992 1390 3312 1475 adiungit,
3348 1393 3780 1475 propinquum
3816 1412 3958 1458 esse
3988 1393 4160 1460 diem
4189 1395 4390 1462 afflic-

2450 1475 2663 1541 1181118.
2755 1474 3098 1543 Sententia
3174 1476 3337 1542 11888
3399 1475 3499 1562 (111
3577 1487 3728 1542 81118
3794 1477 3954 1564 dixi)
4017 1481 4389 1564 frequenter

2450 1561 2738 1628 occurrit
2780 1561 2950 1647 apud
2994 1560 3363 1646 prophetas,
3405 1570 3841 1646 opportunum
3879 1583 4019 1630 esse
4038 1563 4182 1631 Deo
4226 1575 4386 1630 tem-

2450 1665 2607 1730 pus,
2649 1666 2777 1730 qno
2826 1655 3090 1729 peccata
3133 1666 3297 1730 quae
3340 1647 3673 1732 negligere
3716 1649 3899 1714 visus
3943 1657 4070 1730 est,
4128 1651 4385 1733 puniat:

2449 1731 2721 1815 ideoque
2762 1732 3174 1797 tolerantiam
3219 1729 3453 1797 iudicio
3496 1732 3666 1817 quod
3711 1732 3926 1799 differt
3968 1734 4134 1802 nihil
4182 1735 4390 1803 detra-

2451 1817 2627 1882 here.
2715 1816 2980 1901 Duplex
3025 1827 3242 1883 autem
3292 1825 3391 1882 est
3436 1818 3634 1883 huius
3679 1819 4009 1885 doctrinae
4052 1841 4243 1899 usus,
4305 1843 4388 1886 ne

2452 1903 2577 1968 sibi
2611 1901 2995 1987 indulgeant
3018 1903 3252 1985 quibus
3277 1901 3457 1969 Dens
3482 1903 3562 1968 ad
3588 1913 3841 1986 tempus
3875 1905 4118 1988 parcit:
4156 1905 4389 1972 deinde

2452 2008 2536 2053 ne
2577 1987 2872 2054 fidelium
2917 1989 3169 2054 animos
3207 1988 3550 2062 conturbet
3587 1989 3936 2072 impiorum
3974 1993 4389 2075 prosperitaS,

2453 2073 2567 2139 sed
2627 2074 2835 2141 iustae
2884 2074 3012 2139 Dei
3069 2073 3394 2141 vindictae
3451 2074 3663 2139 locum
3723 2083 3788 2140 et
3845 2083 4104 2160 tempus
4161 2098 4389 2144 conce-

2452 2158 2629 2224 dant.
2718 2159 2860 2224 Iam
2906 2180 3060 2224 vero
3117 2161 3272 2242 quia
3313 2157 3437 2224 Dei
3500 2160 3825 2225 cunctatio
3875 2160 4247 2245 hypocritas
4289 2184 4390 2228 se-

2452 2264 2641 2310 curos
2683 2243 2932 2323 reddit,
2977 2253 3053 2310 ut
3096 2246 3233 2309 suis
3278 2244 3458 2310 vitiis
3502 2244 3933 2326 indormiant,
3980 2257 4047 2312 et
4088 2250 4390 2331 quamvis

2453 2329 2725 2396 audiant
2767 2328 3165 2395 reddendam
3209 2329 3333 2394 sibi
3375 2350 3516 2395 8888
3558 2330 3899 2404 rationem,
3947 2330 4124 2399 brevi
4168 2343 4384 2399 tamen

2452 2435 2658 2481 usura
2714 2415 2988 2480 libenter
3045 2415 3384 2491 fruuntur,
3454 2414 3806 2481 denunciat
3858 2416 4077 2483 Moses
4122 2420 4388 2503 propin-

2450 2521 2652 2585 quum
2696 2521 2837 2568 esse
2882 2500 3071 2581 diem,
3117 2510 3183 2565 et
3224 2501 3548 2566 festinare.
3614 2501 3759 2567 Nisi
3803 2501 3975 2565 enim
4019 2503 4234 2585 palam
4282 2523 4389 2571 888

2451 2596 2695 2652 terreat
2724 2586 2929 2663 Deus,
2973 2608 3049 2653 ac
3092 2607 3202 2652 eos
3244 2586 3313 2650 in
3357 2594 3704 2670 angustum
3745 2586 4016 2670 redigat,
4062 2589 4390 2654 exsultant

2449 2672 2521 2737 in
2579 2692 2698 2738 8118
2758 2672 3038 2739 licentia.
3127 2671 3305 2737 Hinc
3359 2671 3712 2756 sacrilegae
3768 2672 3921 2737 illae
3979 2692 4169 2740 voces
4227 2695 4389 2757 quae

2450 2759 2825 2823 referuntur
2869 2757 3040 2841 apud
3083 2756 3328 2823 Isaiam
3372 2755 3457 2843 (5,
3503 2756 3642 2843 19):
3699 2756 4069 2839 Acceleret‚
4124 2759 4389 2825 festinet

2450 2864 2613 2927 opus
2678 2843 2849 2924 eius,
2914 2852 2987 2908 ut
3048 2841 3417 2909 videamus:
3498 2845 3998 2927 appropinquet,
4081 2843 4388 2910 adveniat

2450 2929 2791 2996 consilium
2838 2928 3045 2995 sancti
3090 2927 3317 3007 Israel,
3363 2937 3434 2993 nt
3477 2929 3773 2995 sciamus.
3859 2927 4124 2995 Interea
4167 2937 4393 2996 tenen-

2451 3014 2608 3080 dum
2667 3024 2768 3081 est
2823 3012 2987 3080 illud
3042 3012 3377 3100 (Habacuc
3430 3014 3500 3093 2,
3561 3012 3660 3099 3);
3731 3013 3804 3080 Si
3860 3035 4110 3080 moram
4164 3015 4388 3082 fecerit

2449 3100 2796 3249 propgetia
2860 3109 3165 3183 exspecta
3228 3120 3403 3176 eam,
3483 3101 3635 3183 quia
3706 3099 3831 3166 cito
3896 3101 4118 3167 veniet
4179 3123 4388 3186 neque

2450 3206 2631 3251 mora
2678 3186 2824 3251 itur.

2621 3270 2722 3335 36.
2797 3271 2963 3353 Quia
3017 3270 3336 3336 iudicabit.
3427 3269 3809 3336 contexunt
3866 3269 4129 3353 quidam
4186 3273 4387 3339 inter-

2450 3364 2667 3440 pretes
2715 3356 2885 3422 hanc
2941 3355 3332 3421 sententiam
3399 3376 3546 3422 cum
3614 3356 3977 3439 superiore:
4045 3365 4240 3441 atque
4296 3359 4387 3424 ita

2448 3441 2736 3509 iudicare
2781 3441 3110 3524 accipiunt
3154 3461 3271 3524 pro
3315 3441 3562 3524 punire.
3629 3443 3727 3507 Ac
3770 3463 3850 3506 su
4024 3442 4120 3507 ari
4163 3463 4381 3509 eorum

2447 3527 2815 3594 sententiae
2846 3525 3110 3593 videtur
3145 3526 3468 3610 apostolus
3502 3527 3570 3590 in
3616 3526 3891 3609 epistola
3928 3548 3967 3592 a
4047 3527 4386 3594 Hebraeos

2446 3612 2578 3700 (10,
2625 3612 2733 3699 31)
2779 3613 2890 3697 qni
2934 3613 3058 3678 hoc
3101 3612 3474 3677 testimonio
3518 3612 3775 3694 probat,
3836 3633 4030 3696 qnam
4078 3613 4385 3680 horribile

2446 3701 2534 3766 sit
2590 3699 2874 3765 incidere
2917 3698 2987 3762 in
3044 3716 3281 3763 manus
3326 3697 3453 3762 Dei
3508 3697 3818 3763 viventis.
3909 3698 4158 3764 Verum
4218 3701 4384 3765 nihil

2445 3783 2659 3851 obstat
2701 3785 3049 3868 quominus
3108 3783 3437 3867 apostolus
3481 3783 3790 3849 iudicium
3838 3782 4008 3867 quod
4053 3785 4119 3849 in
4166 3805 4386 3852 conso-

2444 3870 2759 3936 lationem
2819 3871 3076 3955 piorum
3136 3891 3174 3934 a
3231 3869 3420 3934 Mose
3485 3869 3887 3952 propositum
3952 3875 4126 3950 erat,
4191 3871 4381 3936 simul

2446 3955 2801 4021 transferat
2841 3957 2912 4020 in
2953 3954 3286 4020 diversum
3331 3975 3541 4033 usum,
3565 3952 3654 4020 ‘iit
3696 3955 3907 4039 magis
3951 3954 4207 4021 solliciti
4253 3956 4384 4022 sint

2443 4042 2701 4119 fideles,
2760 4061 2889 4124 qno
2941 4041 3208 4123 propius
3266 4040 3449 4105 Deus
3506 4062 3577 4106 88
3654 4039 3931 4105 iudicem
3989 4041 4058 4105 in
4112 4042 4382 4107 ecclesia

2444 4127 2755 4194 ostendit:
2798 4127 2925 4192 11181
2959 4125 3126 4191 forte
3160 4125 3253 4191 sic
3276 4125 3601 4191 resolvere
3635 4126 3888 4209 placeat
3914 4125 4117 4192 Mosis
4152 4128 4381 4194 verba:

2446 4213 2767 4294 Quamvis
2829 4210 3012 4278 Deus
3078 4210 3321 4277 iudicet
3384 4211 3694 4294 populum
3758 4232 3983 4291 81111111,
4048 4211 4381 4295 placabilis

2445 4298 2707 4378 demum
2751 4297 2892 4376 8111,
2939 4295 3048 4362 vel
3081 4296 3484 4380 poenitentia
3527 4305 3849 4381 tangetur,
3894 4317 4021 4380 quo
4049 4298 4186 4363 irae
4221 4318 4378 4365 suae

2443 4383 2928 4451 vehementiam
2973 4391 3307 4464 temperet.
3386 4381 3657 4448 Utrovis
3694 4381 3882 4447 modo
3916 4382 4376 4468 intelligamuS,

2444 4470 2526 4536 ad
2584 4488 2908 4536 summam
2968 4467 3062 4532 rei
3116 4488 3345 4549 parum
3407 4469 3698 4533 interest.
3787 4468 4146 4551 Postquam
4201 4472 4374 4534 enim

2442 4555 2573 4621 Dei
2616 4553 3170 4637 contemptoribus
3213 4561 3281 4618 81
3324 4556 3666 4636 apostatis,
3724 4554 3835 4638 qui
3893 4554 4200 4620 ecclesiae
4249 4554 4372 4620 Dei

2443 4641 2780 4706 domestici
2824 4640 3073 4705 censeri
3117 4639 3377 4718 volunt,
3423 4639 3714 4706 minatus
3759 4648 3858 4705 881
3900 4640 4146 4718 Μ8888,
4202 4661 4376 4707 1111118

2442 4747 2511 4794 88
2572 4726 2654 4792 811
2714 4734 2968 4791 exteros
3025 4725 3350 4790 convertit
3400 4743 3475 4790 ac
3533 4722 3881 4791 denunciat
3924 4745 4055 4789 non
4109 4725 4374 4808 impune

2442 4833 2639 4897 quam
2704 4810 3115 4878 exercuerint
3177 4810 3515 4876 saevitiam
3567 4819 3793 4876 contra
3850 4809 4187 4876 Israelitas
4245 4810 4373 4875 illis

2441 4918 2769 4965 cessuram
2815 4915 2989 4963 esse:
3079 4896 3190 4960 uia
3234 4895 3496 4960 tandem
3538 4894 3724 4961 Deus
3767 4894 4048 4961 foederis
4091 4895 4194 4960 sni
4237 4916 4374 4960 me·

2439 5005 2612 5064 mor,
2667 4983 2687 5047 i
2740 4991 2958 5048 noscet
3013 5002 3049 5046 e
3076 4990 3217 5047 ecto
3262 4982 3518 5064 populo.
3609 4981 3686 5048 Si
3741 4980 4039 5047 Iudicare
4097 4979 4375 5064 accipias

2441 5089 2559 5153 pro
2599 5089 2690 5153 gu
2773 5087 2967 5132 rnare
3008 5067 3116 5131 vel
3152 5087 3416 5132 causam
3453 5069 3780 5152 suscipere
3814 5066 4130 5149 particula
4166 5079 4227 5133 '2
4261 5067 4372 5132 ad-

2444 5154 2762 5219 versative
2817 5150 3133 5218 vertenda
3175 5152 3341 5217 erit:
3396 5152 3579 5236 qnasi
3635 5152 3881 5218 dictum
3923 5160 4122 5217 esset:
4183 5154 4373 5218 Atta-

2440 5260 2624 5319 men,
2671 5238 2774 5304 vel
2821 5237 3166 5304 Caeterum
3204 5238 3391 5303 Deus
3431 5258 3767 5303 servorum
3816 5237 3940 5301 erit
3981 5235 4263 5303 vindex:
4317 5240 4374 5305 si

2441 5346 2599 5392 vero
2641 5344 2990 5408 sequamur
3045 5324 3321 5389 alterum
3368 5342 3662 5402 sensum,
3706 5320 4089 5387 tantundem
4132 5323 4376 5390 valebit

3861 5421 3963 5475 24*
