5017 6142
445 497 574 565 505

444 687 674 753 tinuae
716 686 1059 766 victoriae,
1102 693 1169 752 et
1211 692 1349 751 tam
1392 685 1617 752 faciles
1659 694 1745 754 et·
1771 684 2118 769 expeditae
2161 685 2395 752 buma-

448 794 610 840 num
655 771 926 839 modum
965 778 1300 856 superant.
1389 769 1612 852 Quare
1664 794 1801 840 non
1858 771 1975 838 abs
2033 791 2107 838 re
2148 772 2219 837 in
2261 773 2395 837 fine

447 858 682 944 capitis
722 879 844 926 suo
886 858 1095 942 elogio
1160 855 1530 923 celebratur
1570 858 1701 927 Dei
1744 857 1991 944 gratia,
2044 856 2220 940 quod
2278 878 2393 940 pa-

448 946 581 1012 lam
636 944 880 1012 factum
937 944 1056 1025 sit,
1110 963 1228 1026 pro
1291 942 1539 1009 Israele
1780 965 1926 1021 are,
1984 941 2138 1008 dum
2196 942 2392 1009 simul

448 1040 550 1097 tot
590 1050 780 1115 reges
822 1050 972 1096 cum
1016 1049 1245 1094 eorum
1289 1026 1534 1095 ditione
1568 1040 1744 1115 cepit
1775 1029 1986 1108 Iesus,
2034 1029 2188 1111 quia
2223 1050 2392 1094 nun-

448 1136 651 1202 quam
688 1117 785 1182 ita
826 1115 1214 1181 festinanter
1255 1114 1442 1196 quasi
1483 1115 1869 1199 inspiciendi
1912 1134 2128 1192 causa,
2173 1123 2392 1180 trans-

449 1206 633 1270 iisset
702 1200 785 1268 ab
838 1200 999 1266 urbe
1055 1202 1123 1264 in
1191 1199 1419 1265 urbem
1437 1250 1453 1278 ,
1519 1203 1647 1267 nisi
1712 1199 2071 1267 obstaculis
2126 1200 2392 1265 remotis

446 1287 848 1374 patefactum
928 1285 1247 1351 divinitus
1318 1285 1555 1352 fuisset
1629 1288 1776 1354 iter.
1885 1285 2112 1352 Crevit
2189 1286 2389 1350 etiam

447 1373 872 1452 miraculum,
927 1372 1096 1455 quod
1141 1392 1260 1436 rex
1305 1370 1549 1452 Geoer,
1605 1375 1717 1457 qui
1761 1374 1829 1437 in
1875 1371 2153 1438 aliorum
2198 1371 2388 1437 auxi-

446 1462 608 1527 lium
656 1456 832 1526 band
878 1456 1071 1523 dubie
1114 1477 1247 1523 non
1288 1457 1435 1524 sine
1476 1459 1717 1526 fiducia
1758 1466 2052 1537 venerat,
2098 1464 2388 1540 repente,

446 1547 756 1630 nulloque
799 1545 1062 1629 negotio
1104 1544 1490 1627 profligatus
1532 1543 1690 1624 fuit,
1758 1565 1877 1611 000
1932 1549 2231 1609 moratus
2286 1548 2392 1608 081

444 1633 830 1701 continuum
871 1627 1187 1714 pergendi
1233 1637 1547 1696 tenorem.
1612 1631 1820 1696 Porro
1860 1630 1974 1713 qui
2008 1630 2080 1694 in
2116 1626 2387 1695 urbibus

444 1721 716 1786 fuerunt
770 1715 1126 1795 interfecti,
1182 1715 1368 1799 quasi
1424 1717 1494 1782 in
1551 1738 1585 1784 8
1772 1737 1814 1781 0
1857 1736 1966 1781 008
2009 1734 2390 1797 repraesen-

442 1815 622 1882 tant,
674 1822 949 1887 quorum
1008 1820 1282 1884 poenam
1326 1821 1569 1885 suspen
1616 1803 1671 1868 it
1713 1803 1899 1869 Deus
1941 1800 2055 1867 ubi
2110 1802 2182 1864 in
2224 1799 2388 1866 alios

444 1890 755 1958 vindicat.
865 1887 1040 1953 Nam
1102 1888 1226 1952 etsi
1292 1886 1530 1953 modici
1593 1887 1906 1971 temporis
1983 1885 2386 1955 relaxatione

443 1976 573 2044 sibi
628 1974 981 2059 plandunt,
1037 1971 1322 2038 deterior
1379 1983 1600 2038 tamen
1654 1982 1755 2040 est
1812 1993 2037 2039 eorum
2081 1971 2389 2052 conditio,

442 2082 642 2146 quam
699 2061 757 2127 81
822 2079 975 2125 mox
1039 2058 1123 2124 ad
1188 2065 1470 2124 mortem
1536 2058 1973 2126 traherentur.
2061 2057 2384 2123 Miserum

439 2148 677 2214 fuisset
716 2147 789 2212 in
831 2147 971 2213 aeis
1017 2144 1418 2211 occumbere.
1504 2145 1753 2229 Elapsi,
1796 2144 2055 2211 urbium
2098 2164 2170 2208 80
2208 2163 2385 2209 moe·

441 2234 634 2300 nibus
677 2240 968 2299 tuentur.
1014 2231 1220 2314 Atqui
1263 2229 1401 2295 11110
1438 2230 1613 2314 quod
1656 2232 1851 2314 longe
1882 2227 2177 2295 acerbius
2220 2237 2382 2306 erat,

441 2341 684 2387 uxores
724 2327 793 2384 et
834 2316 1022 2383 liberi
1065 2315 1140 2381 in
1181 2336 1406 2382 eorum
1451 2325 1807 2400 conspectu
1850 2314 2265 2399 iugulantur:
2313 2323 2383 2380 et

441 2426 619 2472 mors
682 2404 814 2469 11118
879 2402 1088 2488 magis
1151 2401 1623 2468 contumeliosa
1678 2421 1872 2485 quam
1922 2401 1983 2466 81
2024 2400 2381 2485 pugnando

440 2491 721 2559 fuissent
761 2489 977 2555 occisi.
1064 2487 1217 2553 Non
1254 2495 1355 2553 est
1391 2489 1611 2572 itaque
1661 2506 1782 2554 cur
1820 2486 2235 2553 invideamus
2276 2506 2380 2550 re-

440 2578 661 2662 probis
725 2576 956 2641 breves
998 2573 1296 2641 inducias
1347 2576 1734 2658 quantisper
1773 2573 1951 2656 ipsos
1994 2573 2178 2637 Deus
2221 2571 2381 2637 tole-

441 2672 547 2730 rat
562 2714 581 2744 ,
639 2662 789 2746 qnia
832 2660 945 2727 ubi
1001 2661 1418 2726 securitatem
1458 2659 1586 2726 sibi
1628 2658 2051 2743 promiserint
2064 2707 2081 2739 ,
2146 2678 2381 2741 repen-

441 2751 623 2815 tinus
664 2747 1086 2831 superveniet
1125 2745 1453 2812 interitus.
1540 2745 1806 2811 Interea
1860 2743 2185 2811 discamus
2250 2763 2381 2809 non

438 2836 621 2901 abuti
645 2834 771 2899 Dei
803 2831 1121 2917 patientia
1156 2831 1535 2915 quantisper
1567 2830 1880 2897 iudicium
1911 2850 2107 2896 suum
2130 2828 2381 2895 differt:

441 2941 516 2988 ac
559 2920 620 2986 si
662 2918 921 3003 quando
964 2915 1335 2983 videbimur
1375 2917 1668 3000 periculo
1710 2937 1846 2982 000
1888 2914 2217 2995 defuncti,
2276 2915 2384 2981 vel

439 3009 493 3072 si
539 3005 623 3072 ad
666 3025 789 3071 nos
832 3003 1265 3088 pmtogondos
1306 3024 1379 3068 se
1402 3003 1702 3081 ‚offerant
1744 3002 2055 3082 latebrae,
2108 3021 2192 3066 ne
2235 3000 2381 3067 ideo

437 3094 628 3159 nobie
668 3091 1058 3175 placeamus,
1124 3089 1284 3174 quin
1325 3090 1539 3171 potius
1583 3088 1769 3155 nobis
1813 3088 2040 3155 veniat
2080 3087 2151 3153 in
2194 3106 2382 3152 men·

440 3190 574 3244 tem
617 3175 781 3244 illud
823 3176 1142 3242 Ieremias
1186 3173 1340 3261 (Ier.
1386 3174 1490 3255 24,
1531 3173 1573 3240 3
1617 3172 1771 3324 “³⁶3²
1832 3175 1996 3240 ficus
2038 3191 2383 3257 praecoces

440 3265 676 3333 saltem
742 3262 984 3328 habere
1036 3260 1283 3345 aliquid
1342 3262 1622 3344 saporis,
1681 3280 1721 3324 a
1746 3261 1844 3326 ias
1897 3280 2059 3325 vero
2113 3266 2384 3342 propter

438 3347 947 3416 amaritudinem
993 3346 1197 3415 reiici.

611 3436 717 3501 40.
810 3433 1128 3500 Percussit
1209 3452 1449 3500 0001001
1522 3437 1776 3498 terrum.
1908 3429 2041 3495 Hic
2119 3450 2383 3497 rursum

438 3520 883 3606 interponitur
948 3518 1079 3585 Dei
1142 3518 1489 3598 autoritas,
1565 3538 1735 3600 quae
1797 3516 1991 3583 108110
2056 3517 2139 3583 ab
2204 3517 2386 3581 omni

439 3606 845 3676 crudelitatis
906 3615 1067 3670 nota
1131 3605 1449 3671 absolvat.
1538 3601 1614 3671 Si
1680 3602 1858 3669 enim
1923 3623 2045 3668 suo
2109 3602 2385 3669 arbitrio

440 3694 805 3779 promiscue
866 3691 1211 3758 saeviisset
1264 3691 1334 3755 in
1400 3690 1707 3756 mulieres
1763 3698 1832 3755 et
1873 3709 2140 3773 pueros,
2197 3687 2386 3754 nulla

443 3780 811 3856 excusatio,
867 3778 1023 3861 quin
1071 3775 1475 3843 detestabilis
1517 3782 1689 3841 esset
1729 3775 2136 3855 immanitas,
2196 3775 2383 3840 cuius

442 3888 527 3933 ne
569 3867 637 3931 in
681 3864 837 3930 feris
880 3863 1140 3946 quidem
1177 3874 1245 3927 et
1273 3882 1474 3946 prope
1496 3860 1801 3928 belluinis
1845 3861 2148 3945 gentibus
2172 3861 2385 3926 simile

442 3951 797 4038 quidquam
842 3949 1104 4034 legitur.
1192 3947 1435 4014 Verum
1474 3946 1648 4031 quod
1690 3968 1919 4014 omnes
1962 3946 2201 4031 alioqui
2236 3946 2385 4012 hor-

440 4050 665 4104 rerent
722 4035 1025 4119 amplecti
1084 4042 1462 4100 reverenter
1514 4033 1851 4113 convenit,
1916 4033 2070 4117 quia
2141 4054 2180 4099 a
2238 4034 2383 4099 Deo

440 4125 820 4209 profectum.
932 4121 1173 4187 Merito
1233 4120 1410 4185 inter
1475 4120 1757 4186 virtutes
1822 4118 2169 4202 praecipue
2239 4119 2382 4185 lau·

442 4210 637 4276 datur
682 4208 1060 4275 clementia:
1106 4228 1342 4289 nempe
1386 4205 1500 4272 ubi
1542 4226 1698 4272 suae
1740 4204 2120 4271 iracundiae
2164 4204 2383 4271 mode-

442 4304 677 4363 rantur
710 4294 821 4378 qui
858 4293 1019 4359 laesi
1063 4303 1235 4369 sunt,
1278 4300 1346 4357 st
1390 4291 1626 4375 quibus
1702 4291 1963 4359 rivatim
1998 4292 2172 4356 iusta
2211 4299 2386 4357 esset

440 4382 692 4450 occasio
734 4378 1050 4446 fundendi
1094 4379 1447 4463 sanguinis.
1536 4376 1628 4444 Se
1716 4377 1873 4460 quia
1915 4377 2098 4443 Deus
2131 4377 2384 4462 gladios

441 4468 663 4553 populi
708 4468 813 4532 sui
872 4466 1316 4532 destinaverat
1371 4463 1846 4529 interficiendis
1902 4462 2383 4544 Acmon-bacis,

442 4576 571 4620 non
630 4550 814 4618 aliud
870 4552 1085 4635 potuit
1137 4550 1333 4616 Iosue
1391 4570 1584 4634 quam
1629 4569 1861 4632 parere
1904 4549 2045 4614 eius
2087 4550 2382 4631 imperio.

442 4641 678 4724 Itaque
735 4637 860 4705 hac
922 4657 1079 4703 voce
1138 4656 1268 4701 non
1319 4644 1575 4700 tantum
1618 4634 2047 4701 obstruuntur
2089 4635 2384 4700 omnium

442 4745 594 4793 ora:
650 4723 763 4791 sed
814 4733 1065 4789 mentes
1116 4723 1309 4787 etiam
1370 4734 1784 4799 coercentur,
1844 4741 1928 4785 ne
1991 4719 2073 4786 ad
2118 4720 2387 4787 sinistra

438 4810 688 4879 iudicia
751 4808 1108 4893 prosiliant.
1223 4804 1299 4874 Si
1363 4806 1511 4891 quis
1576 4805 1824 4886 audiat,
1887 4805 2080 4872 Iesus
2144 4806 2386 4890 absque

442 4897 820 4965 discrimine
862 4895 1091 4960 obvios
1132 4914 1361 4961 omnes
1401 4894 1832 4971 interfecisse,
1890 4894 2188 4975 quamvis
2230 4914 2384 4975 sup-

441 4985 647 5069 plices
690 4982 957 5049 abiectis
1001 4982 1202 5047 armis
1246 4999 1473 5063 pacem
1519 4988 1840 5061 peterent,
1902 4976 2190 5062 placidos
2248 4980 2387 5044 ani-

444 5092 586 5136 mos
628 5068 927 5135 turbaret
968 5066 1147 5131 nuda
1187 5076 1253 5132 et
1292 5064 1572 5147 simplex
1617 5063 1936 5129 narratio:
2005 5064 2117 5130 sed
2183 5085 2384 5148 quum

443 5155 726 5233 additur,
768 5152 961 5220 sicuti
1006 5153 1189 5218 Deus
1233 5161 1667 5235 praeceperat,
1713 5149 1922 5215 nihilo
1966 5151 2176 5234 magis
2210 5150 2386 5216 oblo-

444 5244 555 5326 qui
600 5241 701 5306 188
743 5249 874 5319 081,
930 5260 1125 5322 quam
1170 5237 1283 5302 ubi
1328 5237 1409 5302 de
1451 5235 1785 5303 sceleratis
1828 5256 2043 5319 poena
2076 5236 2383 5320 exigitur.

444 5328 595 5394 Etsi
640 5333 858 5391 autem
917 5336 1142 5391 nostro
1197 5323 1437 5389 iudicio
1495 5321 1681 5406 pueri
1740 5322 1976 5388 saltem
2022 5340 2097 5387 ac
2140 5321 2388 5389 multae

446 5432 704 5498 quoque
747 5410 1055 5477 mulieres
1087 5417 1307 5477 essent
1342 5416 1531 5475 extra
1573 5406 1855 5492 culpam,
1896 5407 2387 5474 meminerimus

1627 494 2373 565 COMMENTARIUS
2417 498 2519 564 IN
2559 497 2840 567 IOSUE
2887 499 3085 567 OAP.
3130 500 3256 568 XI.

4312 508 4440 575 506

2503 687 2748 755 nostris
2824 687 3081 773 legibus
3159 689 3436 757 coeleste
3493 690 3781 758 tribunal
3851 692 4123 762 minime
4191 696 4438 764 subiici.

2501 771 2683 854 Quin
2728 774 2948 856 potius
2990 775 3102 840 ubi
3146 776 3241 842 sic
3283 776 3585 843 videmus
3629 777 3862 845 ardere
3881 780 4130 847 virides
4164 782 4441 866 plantas,

2501 880 2621 924 1108
2678 859 2793 942 qui
2836 860 3088 943 lignum
3134 861 3390 927 aridum
3425 884 3683 945 sumus,
3742 865 3926 931 nobis
3971 868 4342 935 metuamus
4401 890 4442 936 a

2497 945 2801 1028 graviore
2840 947 3132 1013 interitu.
3200 947 3289 1012 Et
3331 958 3510 1014 certe
3552 951 3608 1013 81
3651 970 3724 1014 80
3766 952 4039 1035 quisque
4082 955 4282 1037 probe
4324 976 4440 1021 ex-

2494 1030 2720 1107 cutiat,
2764 1040 3028 1097 centum
3073 1032 3397 1100 mortibus
3433 1035 3704 1119 dignum
3742 1043 4042 1120 reperiet.
4131 1039 4272 1106 Our
4305 1062 4439 1106 non

2497 1116 2720 1199 itaque
2756 1117 2938 1183 Deus
2979 1118 3320 1184 materiam
3360 1122 3555 1186 unius
3591 1122 3821 1188 mortis
3855 1124 4093 1189 iustam
4131 1135 4438 1209 agnoscet

2496 1203 2569 1266 in
2624 1204 2801 1268 foetu
2859 1202 3134 1268 vixdum
3189 1208 3420 1271 matris
3463 1216 3724 1272 uterum
3777 1210 4088 1293 egresso?
4155 1212 4440 1279 Frustra

2496 1287 2757 1370 quidem
2804 1287 3198 1373 obstreperis
3238 1291 3528 1374 querelis
3565 1294 4079 1377 exagitabimus‚
4124 1298 4295 1380 quod
4340 1319 4441 1364 so-

2495 1373 2710 1439 bolem
2752 1394 3009 1458 quoque
3052 1375 3267 1457 gentis
3310 1377 3693 1445 maledictae
3738 1380 3808 1444 in
3851 1380 4128 1447 eundem
4161 1384 4441 1450 ¹coniecit

2495 1459 2872 1559 interitum:
2933 1461 3085 1543 quia
3127 1462 3331 1545 figulo
3373 1463 3805 1531 nihilominus
3849 1467 3918 1532 in
3964 1488 4086 1533 sua
4129 1490 4290 1534 vasa
4332 1469 4440 1536 vel

2494 1552 2713 1628 potius
2778 1566 2846 1610 10
2911 1544 3124 1611 lutum
3144 1595 3161 1625 ,
3225 1569 3486 1614 summa
3544 1549 3676 1616 erit
3739 1560 4045 1634 potestas.
4147 1553 4436 1621 Ultimus

2494 1651 2727 1697 versus
2770 1631 3118 1697 confirmat
3160 1632 3333 1715 quod
3377 1643 3531 1701 ante
3574 1635 3729 1713 dixi,
3789 1637 3992 1704 fuisse
4035 1640 4157 1705 toti
4199 1641 4437 1723 populo

2490 1716 2846 1783 stationem
2911 1716 2980 1781 in
3047 1717 3300 1803 Gilgalz
3383 1741 3460 1785 ac
3534 1722 3778 1788 milites
3847 1725 3958 1807 qui
4036 1724 4120 1790 ad
4188 1727 4435 1792 bellum

2492 1803 2793 1868 exierant
2862 1801 3020 1869 illuc
3083 1825 3411 1886 reversos,
3475 1816 3616 1872 tum
3681 1817 3757 1873 at
3819 1830 3891 1875 se
3955 1830 3994 1875 a
4053 1811 4436 1879 lassitudine

2490 1890 2866 1967 reficerent,
2936 1896 3076 1954 tum
3157 1896 3231 1954 ut
3306 1892 3580 1973 praedas
3659 1893 4064 1977 deponerent
4133 1897 4201 1962 in
4273 1906 4433 1965 tuto·

2488 1974 2719 2058 Neque
2779 1975 2959 2040 enim
3019 1983 3529 2043 consentaneum
3597 1977 3831 2046 fnisset
3896 1982 4159 2067 longius
4214 1985 4436 2068 spargi

2489 2059 2697 2125 donec
2756 2061 3011 2126 sortitio
3068 2070 3501 2130 monstrasset
3556 2063 3668 2129 ubi
3711 2066 3990 2151 singulis
4031 2070 4435 2136 manendum

2489 2157 2678 2211 esset.

3222 2488 3530 2557 CAPUT
3571 2489 3697 2556 XI.

2665 2663 2723 2727 1.
2810 2660 3016 2743 Qum
3092 2664 3299 2726 autem
3376 2661 3658 2727 audisset
3720 2661 3934 2729 Iabim
4007 2684 4123 2731 rex
4200 2667 4435 2752 Hacor,

2486 2747 2664 2814 misit
2706 2746 2794 2813 ad
2838 2745 3031 2812 Iobab
3073 2766 3278 2830 reyem
3322 2746 3610 2825 Modum,
3655 2753 3712 2813 01
3755 2750 3842 2815 ad
3883 2762 4084 2835 ream
4129 2752 4433 2836 Simeroa,

2487 2840 2548 2899 et
2589 2834 2675 2900 ad
2714 2852 2917 2917 reyem
2961 2831 3280 2914 Achsaph.
3367 2833 3429 2899 2.
3467 2832 3579 2899 Ad
3612 2854 3783 2918 reyes
3831 2856 4072 2920 quoque
4109 2840 4223 2921 qui
4263 2839 4437 2907 habi-

2488 2919 2708 2986 tabant
2758 2917 2840 2984 ab
2889 2918 3186 3000 aquilone
3241 2919 3314 2985 in
3368 2921 3710 2997 0100101118,
3794 2926 3849 2985 et
3912 2923 3982 2986 in
4026 2922 4295 3005 planitie
4350 2926 4436 2992 ad

2487 3006 2812 3071 01οήᾱὲωο
2859 3003 3162 3084 (Haeo-oth,
3218 3010 3274 3070 et
3314 3005 3386 3070 ia
3416 3004 3696 3088 planitie
3734 3006 3807 3072 in
3851 3007 4313 3091 Naphoth-Dor
4355 3011 4435 3077 ab

2490 3092 2808 3158 occidente.
2919 3090 2981 3155 3.
3050 3090 3163 3156 Ad
3230 3088 3677 3157 chananaeum
3746 3092 4436 3163 oboriente-atomi-

2490 3179 2686 3254 deute,
2743 3182 2799 3241 01
2840 3176 3319 3256 Amori-haema,
3375 3180 3429 3240 et
3472 3176 3855 3258 Himtaeum,
3899 3183 3957 3244 et
3999 3179 4434 3264 Pherieaeum,

2489 3269 2547 3329 et
2590 3262 2959 3329 leba-caeam
3013 3264 3086 3328 in
3127 3263 3468 3343 montonis,
3524 3267 3579 3327 et
3622 3262 3958 3331 Hivaeum.
3993 3266 4109 3332 sub
4151 3267 4436 3336 Hermon

2489 3352 2564 3416 in
2602 3354 2776 3415 terra
2817 3347 3125 3431 Miepath.
3205 3349 3267 3414 4.
3315 3346 3406 3413 Et
3460 3349 3692 3431 eqo-essi
3744 3354 3894 3416 sunt
3933 3350 4083 3432 ipsi,
4128 3359 4186 3419 et
4226 3375 4437 3421 001008

2490 3436 2799 3502 exercitus
2837 3454 3052 3501 eorum
3091 3453 3234 3500 cum
3274 3433 3469 3516 10818,
3515 3434 3793 3517 populus
3846 3436 4083 3502 nucem
4138 3443 4435 3522 tanquam

2488 3541 2686 3588 arma
2725 3541 2887 3603 quae
2927 3526 3014 3587 081
3046 3520 3230 3586 itata
3261 3521 3440 3586 littus
3473 3520 3693 3599 maxi-9,
3731 3541 3892 3602 prae
3921 3523 4336 3605 multitudine,
4381 3532 4438 3591 et

2490 3607 2654 3690 equi,
2719 3609 2778 3672 et
2817 3625 3045 3672 currus
3084 3605 3269 3672 multi
3308 3604 3505 3671 valde.
3593 3605 3655 3671 5.
3708 3605 4072 3692 Couqreyati
4113 3616 4263 3676 814οι
4304 3632 4435 3677 om-

2488 3712 2602 3758 008
2653 3712 2829 3776 reyes
2880 3693 3024 3772 isti,
3075 3696 3133 3758 et
3172 3692 3476 3757 venientes
3528 3695 3949 3758 commati
4000 3700 4151 3760 sunt
4187 3698 4439 3780 pao-iter

2490 3780 2577 3845 ad
2619 3798 2821 3860 091408
2858 3777 3116 3858 Mer-om,
3157 3783 3230 3843 ut
3248 3782 3611 3861 puynarent
3649 3797 3790 3843 cum
3835 3779 4089 3845 Israele.
4148 3782 4207 3847 6.
4244 3781 4438 3849 Dixit

2490 3868 2697 3933 autem
2742 3863 2974 3930 Iehova
3014 3865 3104 3931 ad
3145 3864 3445 3929 Iosuam:
3500 3863 3601 3928 Ne
3642 3864 3862 3930 timeas
3904 3886 3949 3930 a
3985 3865 4153 3948 facie
4191 3888 4435 3933 eorum.-

2486 3969 2636 4017 cras
2686 3950 2853 4015 enim
2908 3949 3019 4017 hoe
3074 3954 3342 4031 tempore
3397 3948 3653 4014 tradam
3707 3969 3915 4016 000108
3982 3953 4140 4017 istos
4211 3956 4438 4020 0001808

2487 4056 2699 4103 coram
2752 4036 3022 4117 1810010,
3077 4056 3260 4118 091408
3326 4054 3539 4100 eorum
3599 4034 4028 4116 subnervabis,
4096 4042 4152 4104 et
4206 4059 4436 4105 cumas

2487 4142 2706 4189 eorum
2737 4122 3049 4188 combures
3088 4121 3244 4206 iqui.
3336 4121 3395 4185 7.
3446 4118 3626 4185 Venit
3665 4122 3876 4203 ’1109140
3911 4121 4115 4204 108140,
4161 4129 4218 4191 et
4249 4145 4433 4192 cunc·

2488 4212 2591 4274 tus
2623 4209 2908 4291 populus
2948 4207 3203 4274 bellator
3243 4225 3386 4272 cum
3417 4225 3487 4270 00
3519 4206 3823 4273 adversus
3863 4208 4041 4290 ipsos
4078 4211 4168 4276 ad
4197 4231 4434 4294 aquam

2490 4292 2737 4360 Merom
2788 4299 3058 4375 repente,
3113 4298 3171 4359 et
3224 4292 3548 4358 irruerunt
3602 4293 3673 4357 in
3731 4312 3847 4359 008.
3939 4294 3998 4359 8.
4043 4294 4134 4360 Et
4173 4297 4434 4363 tradidit

2489 4399 2592 4446 008
2636 4378 2868 4446 Ιο11000
2921 4380 2994 4445 in
3044 4398 3307 4445 mamm
3351 4376 3651 4455 Israeus,
3703 4387 4264 4464 percusseruntque
4314 4402 4430 4461 008,

2491 4465 3580 4548 etperseqautisuntuequead
3646 4462 3941 4531 Sidonem
4001 4474 4434 4550 maynam,et

2489 4569 2684 4632 usque
2748 4553 2834 4617 ad
2894 4551 3170 4634 fervores
3224 4569 3570 4634 squamas,
3637 4555 3695 4615 et
3745 4570 3941 4634 usque
3991 4553 4079 4619 ad
4140 4571 4434 4634 campum

2493 4636 3219 4720 Mispeadorientm:
3284 4637 4434 4717 acpercussenmeosdonecnon

2489 4722 3400 4805 reziqwenteiesuperctitem.
3466 4720 3526 4787 9.
3564 4720 4435 4805 Foeaqueeislosuequem-

2490 4809 2831 4875 admodum
2893 4808 3142 4874 dixerat
3203 4809 3262 4873 ei
3328 4807 3558 4874 10110υο
3578 4858 3595 4887 ,
3668 4828 3852 4890 equos
3912 4827 4123 4874 comm
4185 4808 4434 4874 subner-

2490 4895 2680 4973 vavit,
2716 4899 2773 4959 et
2803 4914 3031 4962 carme
3062 4914 3276 4961 eorum
3306 4892 3639 4961 combussit
3668 4894 3821 4976 iqui.
3892 4893 3992 4959 10.
4029 4892 4118 4959 Et
4150 4913 4433 4959 reversus

2494 4979 2686 5047 losue
2727 4981 2931 5046 codem
2971 4986 3242 5063 tempore
3282 4979 3439 5063 cepit
3481 4979 3727 5057 Haeor,
3783 4985 3837 5044 et
3876 4999 4078 5063 reyem
4119 4980 4257 5045 eius
4286 5000 4431 5061 per-

2492 5066 2690 5133 cussit
2725 5066 2954 5150 plodio,
2999 5067 3217 5133 Hasor
3259 5067 3421 5132 01100
3465 5069 3646 5131 antea
3684 5065 3899 5147 fuerat
3930 5069 4116 5146 caput
4157 5065 4434 5132 omnium

2492 5153 2758 5219 istorum
2808 5173 3152 5237 reynerum.
3258 5153 3359 5217 11.
3411 5152 3859 5218 percusserunt
3908 5170 4143 5232 quoque
4198 5171 4436 5217 omnem

2493 5238 2777 5303 00101001
2832 5259 2989 5321 quae
3041 5239 3174 5305 iude
3236 5243 3399 5317 crat,
3470 5236 3602 5302 acie
3659 5235 3864 5318 yladii
3912 5237 4256 5319 perdendo.-
4310 5257 4437 5304 1100

2494 5325 2799 5389 remansit
2873 5325 3012 5392 ulla
3099 5325 3352 5390 anima.-
3449 5328 3504 5389 et
3580 5319 3796 5387 Haeor
3871 5322 4204 5391 combussit
4281 5324 4435 5407 iyni.

2500 5409 2601 5475 12.
2654 5409 2881 5476 Omnes
2933 5411 3115 5477 urbes
3168 5430 3382 5494 requm
3435 5409 3700 5475 istorum
3716 5458 3734 5491 ,
3796 5414 3852 5475 et
3903 5411 4228 5477 00100808
4265 5428 4439 5495 reyes
