5017 6142
2162 1610 2639 1710 IOSUE.

1174 1912 1480 1980 CAPUT
1524 1914 1579 1979 Ι.

574 2083 632 2148 1.
700 2081 859 2148 Fuit
915 2090 1121 2150 autem
1162 2090 1316 2164 post
1378 2090 1627 2151 mortem
1686 2085 1926 2170 Masis,
1990 2092 2061 2152 ut
2116 2085 2348 2152 Iehova

395 2167 815 2250 alloqueretur
870 2168 1085 2254 Iosue,
1140 2170 1433 2236 dicendo.-
1512 2171 1573 2236 2.
1632 2170 1844 2238 Moses
1897 2192 2121 2238 servus
2176 2192 2351 2238 meus

394 2260 682 2320 mortuus
724 2260 842 2320 est.-
892 2275 1057 2322 nunc
1098 2275 1204 2339 eyo
1245 2275 1463 2339 surge,
1516 2258 1739 2323 traiice
1782 2255 2117 2324 Iordanem
2158 2258 2350 2324 istum

395 2344 484 2416 tu,
529 2345 585 2405 et
617 2340 819 2407 omnis
850 2339 952 2407 hic
971 2341 1269 2424 populus,
1313 2342 1400 2407 ad
1440 2346 1675 2408 terram
1718 2363 1909 2424 quam
1943 2364 2049 2428 eqo
2081 2345 2161 2410 do
2191 2343 2347 2423 alis,

392 2445 616 2507 neutpe
663 2425 823 2507 filiis
876 2425 1102 2491 Israel.
1192 2427 1253 2491 3.
1329 2426 1586 2493 Omnem
1645 2429 1849 2494 locum
1909 2449 2091 2511 quem
2153 2428 2350 2496 calca·

391 2512 558 2577 verit
601 2510 832 2592 planta
874 2513 1064 2593 pedis
1125 2513 1316 2578 vestri
1367 2513 1540 2579 vobis
1601 2514 1778 2580 dedi.-
1837 2515 2350 2597 quemadmodum

396 2598 894 2679 loquumsum
960 2597 1150 2664 Mosi.
1235 2599 1847 2667 4.Adesertoet
1921 2600 2348 2668 Libanoisto

395 2702 597 2765 usque
648 2682 735 2748 ad
779 2683 1014 2762 flumen
1076 2703 1370 2767 maynum
1384 2733 1401 2764 ,
1459 2685 1694 2763 flumen
1749 2685 2163 2769 Euphratern,
2223 2691 2348 2752 tota

394 2774 573 2833 terra
603 2767 1037 2834 Hitthaeorum
1069 2789 1267 2850 usque
1294 2771 1380 2836 ad
1412 2790 1585 2836 mare
1617 2790 1914 2856 maynum
1945 2773 2033 2838 ad
2067 2792 2349 2839 occasum

395 2853 570 2933 solie,
615 2855 735 2919 erit
774 2856 1077 2921 termt‘nus
1106 2860 1322 2921 vester.

577 3024 633 3089 1.
699 3022 857 3091 Fuit
899 3030 1123 3092 autem.
1207 3026 1432 3093 Primo
1480 3028 1584 3095 hic
1627 3027 1992 3094 ostenditur
2034 3027 2163 3092 Dei
2208 3048 2351 3110 per-

398 3111 770 3176 severantia
812 3112 885 3176 in
942 3111 1220 3177 fovendo
1276 3113 1542 3196 popule,
1597 3113 2018 3198 curandaque
2061 3115 2201 3179 eius
2245 3133 2350 3180 sa-

398 3197 559 3262 lute.
659 3195 853 3277 Quod
918 3198 1093 3262 enim
1158 3197 1350 3264 Iosue
1426 3220 1673 3265 novum
1741 3198 1973 3266 ducem
2052 3199 2349 3282 repetitis

398 3280 730 3347 mandatis
773 3284 1140 3360 confirmat,
1184 3286 1469 3367 pertinet
1511 3284 1592 3351 ad
1637 3285 2155 3352 continuandum
2198 3305 2352 3369 gra-

401 3366 537 3433 tiae
596 3388 893 3448 cursum,
950 3391 1033 3433 ne
1078 3369 1281 3435 Mosis
1324 3369 1506 3436 obitu
1549 3392 1618 3437 se
1663 3371 2007 3438 derelictos
2050 3392 2194 3437 esse
2234 3391 2352 3454 pn-

401 3463 568 3520 tent.
656 3453 799 3517 Iam
843 3453 1105 3538 quidem
1149 3455 1396 3522 electus
1431 3470 1572 3522 erat
1614 3456 1807 3523 Iosue
1849 3456 1931 3522 ad
1975 3457 2348 3541 gubernan-

403 3538 564 3605 dum
609 3540 956 3624 populum,
1016 3562 1227 3623 neque
1285 3563 1526 3609 munus
1582 3543 1953 3609 iniunctum
2010 3543 2349 3622 duntaxat,

404 3624 520 3691 sed
571 3625 1021 3710 spiritualibus
1068 3647 1322 3710 quoque
1366 3626 1555 3694 donis
1612 3628 1753 3711 ipse
1795 3630 2011 3694 fuerat
2065 3629 2350 3694 instruc-

402 3721 525 3777 tus.
625 3712 871 3776 Verum
951 3714 1106 3794 quia
1179 3713 1515 3779 fortissimi
1579 3715 1779 3779 etiam
1846 3714 2114 3798 quique,
2199 3714 2352 3781 licet

403 3796 604 3880 prebe
647 3800 1023 3881 comparati,
1067 3799 1177 3864 ubi
1215 3797 1297 3864 ad
1332 3821 1471 3864 rem
1506 3810 1782 3866 ventum
1818 3811 1935 3881 est,
1971 3800 2076 3866 vel
2111 3800 2350 3867 subsis-

403 3893 589 3960 tunt,
656 3883 763 3948 vel
824 3883 1171 3952 vacillant:
1239 3885 1511 3951 minime
1557 3906 1966 3969 supervacua
2006 3885 2135 3951 fuit
2188 3885 2351 3952 haec

402 3969 792 4046 exhortatio,
839 3978 914 4034 ut
956 3970 1147 4036 Iosue
1181 3991 1336 4036 mox
1372 3971 1454 4037 ad
1499 3970 1976 4055 expeditionem
2023 3991 2094 4036 se
2138 3972 2349 4037 accin-

401 4063 608 4140 geret.
698 4054 1092 4138 Quanquam
1150 4077 1285 4122 non
1343 4065 1601 4123 tantum
1660 4058 1801 4123 eius
1857 4077 2057 4124 eausa
2110 4058 2350 4123 iterum

403 4141 698 4207 sancitur
740 4141 882 4206 eius
926 4142 1207 4208 vocatio:
1268 4142 1383 4208 sed
1428 4154 1502 4208 ut
1542 4143 1822 4226 populus
1876 4143 2164 4210 collectis
2207 4144 2348 4208 ani-

403 4227 533 4293 mis
576 4247 727 4292 eum
771 4227 955 4310 sequi
1001 4227 1232 4292 ducem
1276 4249 1409 4293 non
1447 4228 1730 4313 dubitet,
1775 4249 1969 4312 quem
2014 4228 2194 4294 videt
2238 4249 2348 4312 pe-

404 4310 552 4379 dem
597 4332 727 4378 non
762 4333 1028 4379 movere
1070 4313 1199 4380 nisi
1242 4324 1601 4396 praeeunte
1643 4314 1806 4380 Dee.

578 4398 639 4463 2.
690 4397 923 4464 Servus
963 4420 1138 4465 meus
1162 4399 1389 4467 Moses.
1452 4400 1719 4483 Duplex
1762 4399 1907 4466 elici
1950 4406 2167 4483 potest
2208 4421 2352 4466 sen-

404 4503 556 4551 sus:
613 4483 790 4567 prior
833 4486 987 4550 erit:
1046 4485 1569 4569 quandoquidem
1614 4486 1833 4552 Moses
1892 4495 1993 4552 est
2039 4492 2352 4564 mortuus,

404 4590 584 4636 nnnc
640 4590 805 4635 onus
862 4570 929 4635 in
991 4579 1057 4634 te
1116 4568 1496 4637 devolutum
1541 4582 1659 4638 est.
1750 4573 1849 4638 'ru
1904 4592 2062 4656 ergo
2117 4572 2352 4639 subeas

403 4656 475 4720 in
513 4656 655 4722 eius
689 4655 918 4735 vicem,
963 4655 1068 4722 cui
1103 4654 1294 4721 datus
1329 4679 1399 4722 es
1432 4678 1785 4724 successor.
1845 4657 2059 4723 Alter:
2107 4656 2348 4738 Quam-

404 4740 509 4807 vis
552 4740 881 4807 interierit
915 4742 1154 4820 Moses,
1200 4762 1282 4807 ne
1321 4752 1542 4808 tamen
1579 4742 1869 4822 desistas,
1915 4743 2029 4809 sed
2075 4741 2351 4809 ulterius

407 4847 628 4910 perge.
700 4825 953 4892 Verum
996 4828 1203 4892 illatio
1248 4830 1459 4910 magis
1502 4828 1665 4894 mihi
1713 4828 2040 4912 probatur,
2086 4836 2163 4893 ut
2205 4849 2352 4911 pro-

407 4912 690 4979 vinciam
711 4961 726 4989 ,
790 4935 873 4978 ex
936 4934 1066 4996 qua
1130 4912 1495 4979 decesserat
1538 4914 1792 4993 Moses,
1857 4915 1997 4999 ipse
2040 4914 2352 4996 suscipiat

408 4999 836 5065 successionis
912 4999 1077 5065 inre.
1208 4999 1561 5082 Epitheton
1654 5000 1835 5067 Servi
1919 5001 2090 5084 quod
2178 5000 2352 5066 Mosi

408 5082 830 5159 adscribitur,
891 5084 1433 5170 gubernationem
1488 5086 1714 5170 populi
1766 5086 2065 5170 respicit,
2121 5104 2197 5152 ac
2245 5105 2353 5150 res

408 5169 551 5235 eius
594 5182 838 5255 gestas:
883 5172 1034 5253 quia
1075 5170 1544 5237 accommodari
1567 5171 1758 5237 debet
1793 5171 1875 5236 ad
1920 5173 2351 5238 circumstan-

411 5256 569 5320 tiam
616 5256 760 5322 loci.
849 5256 1075 5340 Neque
1116 5256 1291 5322 enim
1329 5257 1409 5323 de
1449 5255 1597 5342 lege
1654 5257 1764 5322 hic
1806 5258 2058 5341 agitur:
2119 5256 2236 5322 sed
2272 5255 2352 5323 de

409 5341 849 5424 praefectura,
912 5364 1076 5425 quae
1133 5363 1209 5407 eo
1262 5354 1524 5408 mortuo
1589 5343 1944 5409 transierat
2000 5342 2083 5408 ad
2139 5342 2351 5408 Iosue.

414 5432 509 5493 Ac
554 5429 733 5493 Deus
782 5428 1045 5510 quidem
1088 5449 1219 5494 non
1264 5439 1400 5494 tam
1444 5438 1519 5493 ut
1551 5429 1784 5495 Mosen
1830 5427 2085 5505 laudet,
2123 5429 2352 5494 minis-

2450 1925 2630 1983 trum
2676 1936 2867 1982 suum
2916 1917 3246 2000 agnoscit,
3301 1936 3495 1999 quam
3555 1926 3629 1980 ut
3671 1913 4043 1980 stabiliatur
4084 1915 4399 1982 autoritas

2451 2003 2679 2083 Iosue,
2759 2003 2870 2086 qni
2948 2001 3017 2067 in
3082 2001 3224 2069 eius
3299 2001 3516 2068 locum
3577 2001 3710 2067 iam
3774 2008 3919 2065 erat
3992 2000 4396 2085 subrogatus.

2451 2089 2662 2154 Porro
2719 2089 2876 2172 quia
2932 2090 3100 2154 forte
3142 2088 3210 2152 in
3266 2087 3448 2153 nudo
3505 2093 3847 2169 praecepto
3899 2107 4030 2151 non
4089 2087 4248 2152 satis
4293 2105 4399 2151 ac·

2450 2175 2804 2258 quievisset
2859 2173 3175 2258 populus:
3243 2173 3358 2240 ubi
3422 2172 3616 2239 iussit
3671 2169 4021 2237 Iordanem
4079 2172 4399 2255 traiicere,

2452 2260 2779 2344 promittit
2820 2271 3086 2343 pacatos
3128 2260 3268 2324 fore
3312 2258 3609 2325 dominos
3651 2257 3853 2323 totins
3894 2258 4198 2342 regionis,
4243 2279 4400 2341 quo-

2450 2366 2707 2429 cunque
2782 2345 3014 2428 pedem
3095 2344 3460 2411 intulerint.
3547 2343 3720 2409 Nam
3784 2342 3975 2408 sicuti
4041 2342 4209 2408 nihil
4283 2364 4403 2409 nes

2451 2432 2664 2516 magis
2713 2431 2990 2515 ignavos
3048 2438 3116 2496 et
3172 2430 3440 2495 inutiles
3492 2428 3706 2494 reddit
3758 2448 3953 2511 qnam
4001 2426 4400 2494 diffidentia:

2451 2518 2550 2582 ita
2607 2517 2719 2582 ubi
2773 2515 3028 2582 felicem
3086 2525 3395 2582 eventum
3446 2515 3634 2581 nobis
3687 2515 3997 2597 proponit
4038 2515 4221 2580 Deus
4238 2564 4254 2591 ,
4308 2515 4400 2579 vi-

2452 2623 2677 2688 gorem
2700 2602 2781 2667 ad
2818 2601 3079 2686 quidvis
3114 2601 3628 2685 aggrediendum
3666 2601 3943 2682 inspirat
3976 2598 4156 2665 fides.
4208 2598 4399 2666 Adde

2452 2688 2627 2772 qnod
2683 2708 2814 2754 non
2881 2688 3115 2770 incipit
3177 2707 3355 2754 nunc
3420 2686 3686 2752 demum
3754 2686 4182 2768 promissione
4245 2694 4399 2750 ante

2452 2774 2753 2839 inaudita
2786 2793 3016 2839 eorum
3061 2774 3318 2838 animos
3350 2771 3433 2838 ad
3466 2772 3634 2837 bene
3677 2769 4071 2854 sperandum
4113 2771 4400 2854 erigere:

2453 2859 2570 2926 sed
2630 2861 2699 2924 in
2767 2870 3054 2925 mentem
3119 2867 3415 2938 revocat,
3480 2856 3649 2942 quod
3713 2864 3867 2922 ante
3931 2856 4061 2922 illis
4127 2866 4400 2921 testatus

2454 2946 2672 3011 fuerat
2715 2945 2950 3011 Moses.
3040 2943 3222 3012 Dicit
3262 2964 3419 3028 ergo
3462 2944 3593 3009 iam
3638 2944 3896 3008 venisse
3934 2952 4228 3026 tempus,
4273 2962 4400 3024 quo

2453 3039 2746 3115 praestet
2799 3041 2993 3114 atque
3035 3030 3345 3097 exhibeat
3385 3029 3560 3113 quod
3607 3039 3760 3095 ante
3815 3027 4146 3111 pollicitus
4189 3028 4402 3092 fuerat

2454 3117 2649 3184 Mosi.
2741 3114 2813 3183 Si
2857 3115 3008 3200 quis
3051 3115 3341 3193 obiiciat,
3383 3114 3694 3180 Abrahae
3735 3114 3928 3197 longe
3972 3121 4126 3179 ante
4169 3124 4398 3178 natum

2454 3203 2687 3270 Mosen
2742 3201 2810 3266 id
2875 3202 3075 3268 fuisse
3139 3200 3420 3268 dictum:
3487 3201 3616 3265 imo
3677 3200 3940 3282 proprie
3995 3220 4035 3263 a
4089 3207 4400 3281 perpetuo

2453 3288 2747 3368 foedere,
2835 3286 3007 3371 quod
3096 3307 3295 3371 penes
3372 3284 3709 3351 Abraham
3788 3284 4151 3367 depositum
4241 3292 4400 3363 erat,

2453 3375 2727 3440 fluxisse
2770 3371 3080 3457 quidquid
3125 3383 3405 3455 quatuor
3447 3381 3596 3456 post
3638 3370 3914 3436 saeculis
3958 3370 4216 3435 audivit
4253 3370 4399 3435 Mo-

2455 3479 2598 3525 ses:
2656 3458 3020 3543 respondeo
3040 3510 3054 3536 ,
3098 3458 3521 3542 praeteritam
3566 3477 3709 3522 esse
3754 3464 4080 3521 vetustam
4125 3457 4399 3538 promis-

2455 3547 2739 3625 sionem,
2795 3565 2961 3628 quae
3003 3545 3250 3627 passim
3296 3554 3452 3609 nota
3495 3550 3637 3608 erat
3678 3561 3754 3607 ac
3810 3540 4117 3607 celebris.-
4165 3541 4399 3606 Mosen

2457 3651 2613 3696 vero
2647 3641 2880 3696 testem
2940 3629 3242 3713 produci,
3286 3630 3472 3696 cuius
3517 3629 3840 3694 recentior
3883 3637 4025 3691 erat
4067 3626 4401 3703 memoria,

2454 3725 2522 3781 et
2562 3716 2753 3783 cuius
2796 3726 3006 3781 morte
3063 3717 3433 3798 qnatefacta
3475 3717 3705 3779 fuisset
3761 3712 3981 3796 populi
4026 3710 4221 3791 fides,
4272 3713 4401 3776 nisi

2452 3803 2953 3884 pronunciasset
2998 3802 3181 3867 Deus
3224 3799 3518 3867 omnium
3575 3819 3743 3883 quae
3795 3799 4051 3864 dixerat
4094 3798 4396 3864 effectum

2453 3898 2713 3972 praesto
2752 3908 2913 3953 esse.
3199 3950 3202 3955 .

2625 3974 2684 4039 4.
2747 3974 2815 4039 Δ
2869 3974 3103 4039 deserto
3142 3978 3200 4038 et
3241 3971 3501 4036 Libano.
3592 3969 3934 4051 Quomodo
3990 3968 4187 4034 huius
4244 3988 4391 4050 pro·

2452 4059 2785 4126 missionis
2836 4057 3082 4124 veritas
3127 4067 3192 4122 et
3234 4058 3504 4123 effectus
3560 4056 3897 4121 emerserit
3939 4075 4141 4138 supra
4180 4054 4394 4119 obsta-

2452 4144 2600 4212 cula
2643 4144 2930 4210 malitiae
2972 4143 3217 4226 populi,
3262 4163 3471 4226 neque
3515 4151 3734 4206 tamen
3777 4142 3917 4224 ipse
3961 4140 4182 4206 statim
4225 4140 4398 4222 poti-

2452 4240 2566 4296 tus
2600 4229 2798 4297 fuerit
2831 4240 2968 4295 tam
3002 4230 3222 4312 ampla
3256 4228 3519 4305 ditione,
3561 4228 3630 4292 in
3677 4226 4077 4311 praefatione
4110 4225 4396 4308 exposui.

2453 4317 2683 4400 Neque
2747 4316 2924 4383 enim
2994 4315 3049 4381 si
3121 4313 3633 4380 inaestimabiles
3700 4333 3855 4379 suae
3930 4310 4394 4377 beneficentiae

2455 4402 2800 4469 thesauros
2858 4400 3263 4484 explicuerat
3304 4401 3488 4465 Deus
3508 4451 3522 4476 ,
3589 4418 3700 4464 eos
3753 4395 4204 4463 constituendo
4262 4405 4393 4461 ter-

2453 4508 2567 4553 rae
2611 4487 2924 4565 dominos,
2967 4485 3113 4552 ideo
3155 4505 3288 4550 non
3328 4484 3706 4569 castiganda
3743 4485 3870 4549 fuit
3911 4503 4132 4550 eorum
4180 4483 4395 4565 segni-

2453 4575 2600 4640 ties.
2663 4573 2809 4638 Imo
2851 4571 3022 4656 quod
3066 4571 3199 4638 illis
3239 4572 3577 4637 minitatus
3621 4571 3834 4636 fuerat
3876 4569 4095 4636 Moses
4136 4565 4396 4650 impleri

2454 4659 2770 4742 oportuit,
2832 4658 2963 4724 nisi
3005 4668 3235 4742 gentes
3292 4658 3492 4722 exitio
3535 4654 3828 4723 addictas
3886 4653 4205 4730 delerent,
4259 4652 4397 4717 fore

2452 4746 2587 4811 illis
2630 4744 2854 4829 spinas
2897 4753 2965 4809 et
3005 4743 3280 4822 aculeos,
3324 4741 3559 4826 quibus
3601 4741 3810 4807 latera
3850 4751 3917 4806 et
3958 4739 4127 4806 oculi
4170 4757 4394 4803 eorum

2454 4832 2961 4915 configerentur.
3049 4827 3431 4908 Caeterum,
3511 4838 3585 4892 nt
3645 4847 3902 4893 remora
3964 4822 4397 4908 quadraginta

2455 4937 2811 4996 annorum,
2877 4915 3115 4998 quibus
3178 4913 3600 4980 circumducti
3659 4927 3816 4979 sunt
3868 4931 3986 4995 per
4047 4909 4397 4987 desertum,

2455 5004 2726 5069 minime
2770 5021 2956 5066 cassa
2996 5002 3124 5067 fnit
3167 5000 3271 5066 vel
3308 5000 3495 5065 irrita
3530 4997 3906 5082 promissio:
3944 4997 4039 5060 ita
4073 4994 4396 5078 possessio

2453 5090 2717 5172 integra
2769 5087 3068 5170 quamvis
3124 5085 3235 5151 diu
3291 5106 3612 5168 suspensa
3660 5083 3889 5162 fuerit,
3934 5079 4099 5145 nihil
4145 5079 4226 5145 de
4270 5078 4397 5145 fide

2457 5173 2731 5250 decreti,
2776 5193 2903 5256 quo
2939 5171 3307 5239 adiudicata
3349 5171 3595 5248 fuerat,
3642 5170 3940 5235 mutavit.
4013 5166 4240 5234 Licuit
4281 5185 4397 5248 po—

2452 5259 2608 5342 pulo
2665 5258 2749 5323 ad
2806 5259 3236 5342 praescriptos
3295 5257 3534 5322 limites
3599 5253 3989 5338 tempestive
4057 5252 4398 5336 progredi:

2455 5344 2682 5411 noluit.
2773 5345 3036 5428 Dignus
3078 5354 3252 5411 certe
3310 5342 3437 5409 fnit
3479 5340 3589 5425 qui
3634 5360 3900 5423 prorsus
3943 5337 4398 5421 expelleretur.

2457 5430 2663 5513 Atqui
2706 5431 2833 5495 Dei
2877 5429 3290 5514 indulgentia
3343 5446 3650 5495 concessa
3691 5435 3792 5492 est
3833 5426 4044 5509 regio,
4103 5444 4271 5507 quae
4314 5422 4397 5487 ad
