<?xml version="1.0" encoding="UTF-8"?>
<!DOCTYPE html PUBLIC "-//W3C//DTD XHTML 1.0 Transitional//EN"
    "http://www.w3.org/TR/xhtml1/DTD/xhtml1-transitional.dtd">
<html xmlns="http://www.w3.org/1999/xhtml" xml:lang="en" lang="en">
 <head>
  <title>
</title>
<meta http-equiv="Content-Type" content="text/html;charset=utf-8" />
  <meta name='ocr-system' content='tesseract 3.04.00' />
  <meta name='ocr-capabilities' content='ocr_page ocr_carea ocr_par ocr_line ocrx_word'/>
</head>
<body>
  <div class='ocr_page' id='page_1' title='image "./ioanniscalvinio06unkngoog_0198.png"; bbox 0 0 5017 6142; ppageno 0'>
   <div class='ocr_carea' id='block_1_1' title="bbox 568 451 4561 529">
    <p class='ocr_par' dir='ltr' id='par_1_1' title="bbox 568 451 4561 529">
     <span class='ocr_line' id='line_1_1' title="bbox 568 451 4561 529; baseline -0.003 -1"><span class='ocrx_word' id='word_1_1' title='bbox 568 463 696 529; x_wconf 84' lang='grc'><strong><em>371</em></strong></span> <span class='ocrx_word' id='word_1_2' title='bbox 1973 452 2376 523; x_wconf 75' lang='lat' dir='ltr'><strong><em>REDIOE&#39;US</em></strong></span> <span class='ocrx_word' id='word_1_3' title='bbox 2422 452 2555 521; x_wconf 81' lang='lat' dir='ltr'><strong><em>AD</em></strong></span> <span class='ocrx_word' id='word_1_4' title='bbox 2598 451 3142 521; x_wconf 74' lang='lat' dir='ltr'><strong>HISTORIAM.</strong></span> <span class='ocrx_word' id='word_1_5' title='bbox 4425 451 4561 518; x_wconf 79' lang='lat'><strong><em>372</em></strong></span> 
     </span>
    </p>
   </div>
   <div class='ocr_carea' id='block_1_2' title="bbox 558 641 2517 1757">
    <p class='ocr_par' dir='ltr' id='par_1_2' title="bbox 558 641 2517 1757">
     <span class='ocr_line' id='line_1_2' title="bbox 568 641 2500 723; baseline -0.006 -5"><span class='ocrx_word' id='word_1_6' title='bbox 568 652 728 718; x_wconf 86' lang='lat' dir='ltr'><strong><em>deus</em></strong></span> <span class='ocrx_word' id='word_1_7' title='bbox 769 667 980 714; x_wconf 85' lang='lat' dir='ltr'><strong><em>eorum</em></strong></span> <span class='ocrx_word' id='word_1_8' title='bbox 1022 646 1398 715; x_wconf 78' lang='lat' dir='ltr'><strong><em>vendidisset</em></strong></span> <span class='ocrx_word' id='word_1_9' title='bbox 1439 665 1557 723; x_wconf 88' lang='lat' dir='ltr'><strong><em>eos,</em></strong></span> <span class='ocrx_word' id='word_1_10' title='bbox 1594 649 1649 710; x_wconf 85' lang='lat' dir='ltr'><strong><em>et</em></strong></span> <span class='ocrx_word' id='word_1_11' title='bbox 1683 642 1914 710; x_wconf 76' lang='lat' dir='ltr'><strong><em>Iehova</em></strong></span> <span class='ocrx_word' id='word_1_12' title='bbox 1954 643 2315 709; x_wconf 77' lang='lat' dir='ltr'><strong><em>tradidisset</em></strong></span> <span class='ocrx_word' id='word_1_13' title='bbox 2351 661 2449 708; x_wconf 86' lang='lat' dir='ltr'><strong><em>eos</em></strong></span> <span class='ocrx_word' id='word_1_14' title='bbox 2464 641 2500 707; x_wconf 71' lang='grc' dir='ltr'><em>ἓ</em></span> 
     </span>
     <span class='ocr_line' id='line_1_3' title="bbox 572 728 2506 809; baseline -0.004 -8"><span class='ocrx_word' id='word_1_15' title='bbox 572 737 673 801; x_wconf 87' lang='lat'><strong><em>31.</em></strong></span> <span class='ocrx_word' id='word_1_16' title='bbox 748 733 921 799; x_wconf 87' lang='lat' dir='ltr'><strong><em>Nam</em></strong></span> <span class='ocrx_word' id='word_1_17' title='bbox 973 753 1094 798; x_wconf 83' lang='lat' dir='ltr'><strong><em>non</em></strong></span> <span class='ocrx_word' id='word_1_18' title='bbox 1145 737 1236 798; x_wconf 85' lang='lat' dir='ltr'><strong><em>est</em></strong></span> <span class='ocrx_word' id='word_1_19' title='bbox 1284 732 1445 797; x_wconf 85' lang='lat' dir='ltr'><strong><em>sicut</em></strong></span> <span class='ocrx_word' id='word_1_20' title='bbox 1485 729 1666 797; x_wconf 88' lang='lat' dir='ltr'><strong><em>Deus</em></strong></span> <span class='ocrx_word' id='word_1_21' title='bbox 1718 734 1949 809; x_wconf 77' lang='lat' dir='ltr'><strong><em>noster,</em></strong></span> <span class='ocrx_word' id='word_1_22' title='bbox 2015 730 2170 795; x_wconf 85' lang='lat' dir='ltr'><strong><em>deus</em></strong></span> <span class='ocrx_word' id='word_1_23' title='bbox 2222 728 2506 795; x_wconf 61' lang='lat' dir='ltr'><strong><em>illorum.-</em></strong></span> 
     </span>
     <span class='ocr_line' id='line_1_4' title="bbox 569 813 2507 887; baseline -0.005 0"><span class='ocrx_word' id='word_1_24' title='bbox 569 827 627 887; x_wconf 87' lang='lat' dir='ltr'><strong><em>et</em></strong></span> <span class='ocrx_word' id='word_1_25' title='bbox 689 819 935 885; x_wconf 83' lang='lat' dir='ltr'><strong><em>inimici</em></strong></span> <span class='ocrx_word' id='word_1_26' title='bbox 995 819 1192 885; x_wconf 77' lang='lat' dir='ltr'><strong><em>nostri</em></strong></span> <span class='ocrx_word' id='word_1_27' title='bbox 1255 823 1400 883; x_wconf 78' lang='lat' dir='ltr'><strong><em>sunt</em></strong></span> <span class='ocrx_word' id='word_1_28' title='bbox 1462 816 1717 882; x_wconf 83' lang='lat' dir='ltr'><strong><em>iudices.</em></strong></span> <span class='ocrx_word' id='word_1_29' title='bbox 1820 815 1923 881; x_wconf 83' lang='lat'><strong><em>32.</em></strong></span> <span class='ocrx_word' id='word_1_30' title='bbox 1987 813 2098 880; x_wconf 75' lang='lat' dir='ltr'><strong><em>Ex</em></strong></span> <span class='ocrx_word' id='word_1_31' title='bbox 2159 814 2279 879; x_wconf 86' lang='lat' dir='ltr'><strong><em>vite</em></strong></span> <span class='ocrx_word' id='word_1_32' title='bbox 2342 815 2507 879; x_wconf 83' lang='lat' dir='ltr'><strong><em>enim</em></strong></span> 
     </span>
     <span class='ocr_line' id='line_1_5' title="bbox 574 898 2509 980; baseline -0.005 -7"><span class='ocrx_word' id='word_1_33' title='bbox 574 905 800 973; x_wconf 82' lang='lat' dir='ltr'><strong><em>Sedom</em></strong></span> <span class='ocrx_word' id='word_1_34' title='bbox 854 910 942 971; x_wconf 82' lang='lat' dir='ltr'><strong><em>est</em></strong></span> <span class='ocrx_word' id='word_1_35' title='bbox 989 905 1139 969; x_wconf 82' lang='lat' dir='ltr'><strong><em>vitis</em></strong></span> <span class='ocrx_word' id='word_1_36' title='bbox 1180 922 1421 980; x_wconf 84' lang='lat' dir='ltr'><strong><em>eorum,</em></strong></span> <span class='ocrx_word' id='word_1_37' title='bbox 1482 907 1536 967; x_wconf 86' lang='lat' dir='ltr'><strong><em>et</em></strong></span> <span class='ocrx_word' id='word_1_38' title='bbox 1576 923 1654 968; x_wconf 76' lang='lat' dir='ltr'><strong><em>ex</em></strong></span> <span class='ocrx_word' id='word_1_39' title='bbox 1706 899 1940 966; x_wconf 80' lang='lat' dir='ltr'><strong><em>vitibus</em></strong></span> <span class='ocrx_word' id='word_1_40' title='bbox 1981 898 2509 965; x_wconf 77' lang='lat' dir='ltr'><strong><em>Emorrhaeorum</em></strong></span> 
     </span>
     <span class='ocr_line' id='line_1_6' title="bbox 568 986 2503 1067; baseline -0.004 -10"><span class='ocrx_word' id='word_1_41' title='bbox 568 1013 727 1058; x_wconf 82' lang='lat' dir='ltr'><strong><em>uvae</em></strong></span> <span class='ocrx_word' id='word_1_42' title='bbox 766 1010 977 1056; x_wconf 83' lang='lat' dir='ltr'><strong><em>eorum</em></strong></span> <span class='ocrx_word' id='word_1_43' title='bbox 1007 1010 1167 1055; x_wconf 85' lang='lat' dir='ltr'><strong><em>uvae</em></strong></span> <span class='ocrx_word' id='word_1_44' title='bbox 1205 988 1433 1067; x_wconf 78' lang='lat' dir='ltr'><strong><em>veneni,</em></strong></span> <span class='ocrx_word' id='word_1_45' title='bbox 1476 987 1634 1054; x_wconf 81' lang='lat' dir='ltr'><strong><em>botri</em></strong></span> <span class='ocrx_word' id='word_1_46' title='bbox 1667 986 2164 1052; x_wconf 76' lang='lat' dir='ltr'><strong><em>amaritudinum</em></strong></span> <span class='ocrx_word' id='word_1_47' title='bbox 2204 990 2352 1051; x_wconf 80' lang='lat' dir='ltr'><strong><em>sumt</em></strong></span> <span class='ocrx_word' id='word_1_48' title='bbox 2393 986 2503 1051; x_wconf 82' lang='lat' dir='ltr'><strong><em>eis.</em></strong></span> 
     </span>
     <span class='ocr_line' id='line_1_7' title="bbox 571 1073 2510 1151; baseline -0.005 -8"><span class='ocrx_word' id='word_1_49' title='bbox 571 1077 673 1143; x_wconf 87' lang='lat'><strong><em>33.</em></strong></span> <span class='ocrx_word' id='word_1_50' title='bbox 757 1075 1069 1142; x_wconf 80' lang='lat' dir='ltr'><strong><em>Venenum</em></strong></span> <span class='ocrx_word' id='word_1_51' title='bbox 1122 1075 1486 1151; x_wconf 80' lang='lat' dir='ltr'><strong><em>draconum,</em></strong></span> <span class='ocrx_word' id='word_1_52' title='bbox 1554 1073 1768 1138; x_wconf 80' lang='lat' dir='ltr'><strong><em>vinum</em></strong></span> <span class='ocrx_word' id='word_1_53' title='bbox 1814 1092 2054 1138; x_wconf 82' lang='lat' dir='ltr'><strong><em>eorum:</em></strong></span> <span class='ocrx_word' id='word_1_54' title='bbox 2105 1076 2161 1137; x_wconf 88' lang='lat' dir='ltr'><strong><em>et</em></strong></span> <span class='ocrx_word' id='word_1_55' title='bbox 2214 1089 2510 1137; x_wconf 76' lang='lat' dir='ltr'><strong><em>venenum</em></strong></span> 
     </span>
     <span class='ocr_line' id='line_1_8' title="bbox 571 1155 2511 1245; baseline -0.004 -17"><span class='ocrx_word' id='word_1_56' title='bbox 571 1163 867 1245; x_wconf 77' lang='lat' dir='ltr'><strong><em>aspidum</em></strong></span> <span class='ocrx_word' id='word_1_57' title='bbox 930 1160 1189 1226; x_wconf 79' lang='lat' dir='ltr'><strong><em>crudele.</em></strong></span> <span class='ocrx_word' id='word_1_58' title='bbox 1278 1159 1381 1225; x_wconf 88' lang='lat'><strong><em>34.</em></strong></span> <span class='ocrx_word' id='word_1_59' title='bbox 1453 1158 1676 1224; x_wconf 80' lang='lat' dir='ltr'><strong><em>Nonne</em></strong></span> <span class='ocrx_word' id='word_1_60' title='bbox 1739 1162 1829 1223; x_wconf 90' lang='lat' dir='ltr'><strong><em>est</em></strong></span> <span class='ocrx_word' id='word_1_61' title='bbox 1901 1157 2277 1222; x_wconf 81' lang='lat' dir='ltr'><strong><em>reconditum</em></strong></span> <span class='ocrx_word' id='word_1_62' title='bbox 2338 1155 2511 1238; x_wconf 77' lang='lat' dir='ltr'><strong><em>apud</em></strong></span> 
     </span>
     <span class='ocr_line' id='line_1_9' title="bbox 570 1241 2512 1330; baseline -0.004 -17"><span class='ocrx_word' id='word_1_63' title='bbox 570 1268 666 1313; x_wconf 84' lang='lat' dir='ltr'><strong><em>me</em></strong></span> <span class='ocrx_word' id='word_1_64' title='bbox 688 1298 704 1326; x_wconf 91' lang='lat'><em>‚</em></span> <span class='ocrx_word' id='word_1_65' title='bbox 749 1246 1132 1330; x_wconf 73' lang='lat' dir='ltr'><strong><em>obsiynatum</em></strong></span> <span class='ocrx_word' id='word_1_66' title='bbox 1169 1247 1239 1310; x_wconf 81' lang='lat' dir='ltr'><strong><em>iu</em></strong></span> <span class='ocrx_word' id='word_1_67' title='bbox 1284 1245 1595 1311; x_wconf 76' lang='lat' dir='ltr'><strong><em>thesauris</em></strong></span> <span class='ocrx_word' id='word_1_68' title='bbox 1636 1242 1844 1308; x_wconf 78' lang='lat' dir='ltr'><strong><em>meis?</em></strong></span> <span class='ocrx_word' id='word_1_69' title='bbox 1931 1241 2035 1309; x_wconf 85' lang='lat'><strong><em>35.</em></strong></span> <span class='ocrx_word' id='word_1_70' title='bbox 2097 1242 2248 1308; x_wconf 88' lang='lat' dir='ltr'><strong><em>Mea</em></strong></span> <span class='ocrx_word' id='word_1_71' title='bbox 2290 1247 2379 1307; x_wconf 89' lang='lat' dir='ltr'><strong><em>est</em></strong></span> <span class='ocrx_word' id='word_1_72' title='bbox 2417 1241 2512 1306; x_wconf 83' lang='lat' dir='ltr'><strong><em>ul-</em></strong></span> 
     </span>
     <span class='ocr_line' id='line_1_10' title="bbox 569 1328 2515 1413; baseline -0.004 -15"><span class='ocrx_word' id='word_1_73' title='bbox 569 1335 677 1410; x_wconf 86' lang='lat' dir='ltr'><strong><em>tio,</em></strong></span> <span class='ocrx_word' id='word_1_74' title='bbox 714 1337 769 1398; x_wconf 81' lang='lat' dir='ltr'><strong><em>et</em></strong></span> <span class='ocrx_word' id='word_1_75' title='bbox 799 1331 1134 1413; x_wconf 79' lang='lat' dir='ltr'><strong><em>retributiO,</em></strong></span> <span class='ocrx_word' id='word_1_76' title='bbox 1179 1336 1441 1412; x_wconf 79' lang='lat' dir='ltr'><strong><em>tempore</em></strong></span> <span class='ocrx_word' id='word_1_77' title='bbox 1482 1328 1725 1395; x_wconf 80' lang='lat' dir='ltr'><strong><em>nutabit</em></strong></span> <span class='ocrx_word' id='word_1_78' title='bbox 1744 1348 1865 1411; x_wconf 72' lang='lat' dir='ltr'><strong><em>pes</em></strong></span> <span class='ocrx_word' id='word_1_79' title='bbox 1899 1348 2139 1395; x_wconf 83' lang='lat' dir='ltr'><strong><em>eorum.-</em></strong></span> <span class='ocrx_word' id='word_1_80' title='bbox 2177 1328 2330 1410; x_wconf 78' lang='lat' dir='ltr'><strong><em>quia</em></strong></span> <span class='ocrx_word' id='word_1_81' title='bbox 2361 1346 2515 1408; x_wconf 76' lang='lat' dir='ltr'><strong><em>pro-</em></strong></span> 
     </span>
     <span class='ocr_line' id='line_1_11' title="bbox 558 1413 2510 1500; baseline -0.004 -16"><span class='ocrx_word' id='word_1_82' title='bbox 558 1420 842 1500; x_wconf 77' lang='lat' dir='ltr'><strong><em>pinquus</em></strong></span> <span class='ocrx_word' id='word_1_83' title='bbox 863 1421 954 1483; x_wconf 89' lang='lat' dir='ltr'><strong><em>est</em></strong></span> <span class='ocrx_word' id='word_1_84' title='bbox 984 1417 1121 1483; x_wconf 86' lang='lat' dir='ltr'><strong><em>dies</em></strong></span> <span class='ocrx_word' id='word_1_85' title='bbox 1153 1416 1516 1496; x_wconf 79' lang='lat' dir='ltr'><strong><em>afflictionis</em></strong></span> <span class='ocrx_word' id='word_1_86' title='bbox 1549 1434 1777 1494; x_wconf 84' lang='lat' dir='ltr'><strong><em>eorum,</em></strong></span> <span class='ocrx_word' id='word_1_87' title='bbox 1809 1419 1864 1478; x_wconf 86' lang='lat' dir='ltr'><strong><em>et</em></strong></span> <span class='ocrx_word' id='word_1_88' title='bbox 1893 1414 2189 1496; x_wconf 77' lang='lat' dir='ltr'><strong><em>festinant</em></strong></span> <span class='ocrx_word' id='word_1_89' title='bbox 2220 1433 2377 1495; x_wconf 76' lang='lat' dir='ltr'><strong><em>quae</em></strong></span> <span class='ocrx_word' id='word_1_90' title='bbox 2406 1413 2510 1495; x_wconf 84' lang='lat' dir='ltr'><strong><em>fu·</em></strong></span> 
     </span>
     <span class='ocr_line' id='line_1_12' title="bbox 569 1498 2514 1583; baseline -0.003 -16"><span class='ocrx_word' id='word_1_91' title='bbox 569 1509 717 1570; x_wconf 88' lang='lat' dir='ltr'><strong><em>tura</em></strong></span> <span class='ocrx_word' id='word_1_92' title='bbox 767 1509 915 1568; x_wconf 81' lang='lat' dir='ltr'><strong><em>suut</em></strong></span> <span class='ocrx_word' id='word_1_93' title='bbox 968 1504 1078 1568; x_wconf 85' lang='lat' dir='ltr'><strong><em>eis.</em></strong></span> <span class='ocrx_word' id='word_1_94' title='bbox 1166 1502 1270 1567; x_wconf 83' lang='lat'><strong><em>36.</em></strong></span> <span class='ocrx_word' id='word_1_95' title='bbox 1344 1502 1512 1583; x_wconf 81' lang='lat' dir='ltr'><strong><em>Quia</em></strong></span> <span class='ocrx_word' id='word_1_96' title='bbox 1569 1499 1869 1565; x_wconf 82' lang='lat' dir='ltr'><strong><em>iudicabit</em></strong></span> <span class='ocrx_word' id='word_1_97' title='bbox 1928 1498 2159 1565; x_wconf 77' lang='lat' dir='ltr'><strong><em>Iehova</em></strong></span> <span class='ocrx_word' id='word_1_98' title='bbox 2209 1498 2514 1580; x_wconf 77' lang='lat' dir='ltr'><strong><em>populum</em></strong></span> 
     </span>
     <span class='ocr_line' id='line_1_13' title="bbox 573 1583 2517 1671; baseline -0.004 -15"><span class='ocrx_word' id='word_1_99' title='bbox 573 1608 777 1669; x_wconf 85' lang='lat' dir='ltr'><strong><em>suum,</em></strong></span> <span class='ocrx_word' id='word_1_100' title='bbox 809 1595 866 1654; x_wconf 89' lang='lat' dir='ltr'><strong><em>et</em></strong></span> <span class='ocrx_word' id='word_1_101' title='bbox 884 1607 1075 1671; x_wconf 78' lang='lat' dir='ltr'><strong><em>super</em></strong></span> <span class='ocrx_word' id='word_1_102' title='bbox 1095 1607 1302 1654; x_wconf 83' lang='lat' dir='ltr'><strong><em>servos</em></strong></span> <span class='ocrx_word' id='word_1_103' title='bbox 1324 1606 1473 1652; x_wconf 87' lang='lat' dir='ltr'><strong><em>suos</em></strong></span> <span class='ocrx_word' id='word_1_104' title='bbox 1483 1585 1814 1666; x_wconf 78' lang='lat' dir='ltr'><strong><em>poenitebit</em></strong></span> <span class='ocrx_word' id='word_1_105' title='bbox 1832 1585 2058 1667; x_wconf 68' lang='lat' dir='ltr'><strong><em>ipsium,</em></strong></span> <span class='ocrx_word' id='word_1_106' title='bbox 2082 1604 2274 1667; x_wconf 80' lang='lat' dir='ltr'><strong><em>quum</em></strong></span> <span class='ocrx_word' id='word_1_107' title='bbox 2292 1583 2517 1648; x_wconf 79' lang='lat' dir='ltr'><strong><em>videbit</em></strong></span> 
     </span>
     <span class='ocr_line' id='line_1_14' title="bbox 577 1669 2509 1757; baseline -0.005 -16"><span class='ocrx_word' id='word_1_108' title='bbox 577 1676 738 1757; x_wconf 80' lang='lat' dir='ltr'><strong><em>quod</em></strong></span> <span class='ocrx_word' id='word_1_109' title='bbox 792 1674 1018 1740; x_wconf 84' lang='lat' dir='ltr'><strong><em>abierit</em></strong></span> <span class='ocrx_word' id='word_1_110' title='bbox 1066 1693 1296 1738; x_wconf 83' lang='lat' dir='ltr'><strong><em>manus</em></strong></span> <span class='ocrx_word' id='word_1_111' title='bbox 1314 1722 1328 1749; x_wconf 97' lang='lat'><strong><em>,</em></strong></span> <span class='ocrx_word' id='word_1_112' title='bbox 1389 1677 1445 1737; x_wconf 88' lang='lat' dir='ltr'><strong><em>et</em></strong></span> <span class='ocrx_word' id='word_1_113' title='bbox 1486 1692 1609 1737; x_wconf 80' lang='lat' dir='ltr'><strong><em>nou</em></strong></span> <span class='ocrx_word' id='word_1_114' title='bbox 1650 1670 1733 1737; x_wconf 80' lang='lat' dir='ltr'><strong><em>sit</em></strong></span> <span class='ocrx_word' id='word_1_115' title='bbox 1772 1670 2024 1737; x_wconf 81' lang='lat' dir='ltr'><strong><em>clausus</em></strong></span> <span class='ocrx_word' id='word_1_116' title='bbox 2064 1676 2121 1736; x_wconf 86' lang='lat' dir='ltr'><strong><em>et</em></strong></span> <span class='ocrx_word' id='word_1_117' title='bbox 2161 1669 2509 1737; x_wconf 82' lang='lat' dir='ltr'><strong><em>derelictus.</em></strong></span> 
     </span>
    </p>
   </div>
   <div class='ocr_carea' id='block_1_3' title="bbox 573 1841 2518 5437">
    <p class='ocr_par' dir='ltr' id='par_1_3' title="bbox 573 1841 2518 4064">
     <span class='ocr_line' id='line_1_15' title="bbox 748 1841 2516 1926; baseline -0.003 -17"><span class='ocrx_word' id='word_1_118' title='bbox 748 1844 850 1911; x_wconf 89' lang='grc'><strong><em>28.</em></strong></span> <span class='ocrx_word' id='word_1_119' title='bbox 925 1844 1096 1909; x_wconf 79' lang='lat' dir='ltr'><strong><em>Gens</em></strong></span> <span class='ocrx_word' id='word_1_120' title='bbox 1171 1844 1334 1909; x_wconf 80' lang='lat' dir='ltr'><strong><em>enim</em></strong></span> <span class='ocrx_word' id='word_1_121' title='bbox 1390 1843 1657 1926; x_wconf 73' lang='lat' dir='ltr'><strong><em>perdita.</em></strong></span> <span class='ocrx_word' id='word_1_122' title='bbox 1746 1841 2071 1907; x_wconf 83' lang='lat' dir='ltr'><strong><em>Redditur</em></strong></span> <span class='ocrx_word' id='word_1_123' title='bbox 2139 1861 2334 1907; x_wconf 90' lang='lat' dir='ltr'><strong><em>causa</em></strong></span> <span class='ocrx_word' id='word_1_124' title='bbox 2397 1860 2516 1905; x_wconf 90' lang='lat' dir='ltr'><strong><em>cur</em></strong></span> 
     </span>
     <span class='ocr_line' id='line_1_16' title="bbox 577 1926 2516 2014; baseline -0.003 -19"><span class='ocrx_word' id='word_1_125' title='bbox 577 1951 812 2014; x_wconf 90' lang='lat' dir='ltr'><strong><em>parum</em></strong></span> <span class='ocrx_word' id='word_1_126' title='bbox 863 1930 1141 1995; x_wconf 86' lang='lat' dir='ltr'><strong><em>abfuerit</em></strong></span> <span class='ocrx_word' id='word_1_127' title='bbox 1198 1929 1354 2011; x_wconf 90' lang='lat' dir='ltr'><strong><em>quin</em></strong></span> <span class='ocrx_word' id='word_1_128' title='bbox 1400 1930 1580 1994; x_wconf 88' lang='lat' dir='ltr'><strong><em>Deus</em></strong></span> <span class='ocrx_word' id='word_1_129' title='bbox 1638 1927 1858 2011; x_wconf 90' lang='lat' dir='ltr'><strong><em>populi</em></strong></span> <span class='ocrx_word' id='word_1_130' title='bbox 1912 1927 2290 1992; x_wconf 81' lang='lat' dir='ltr'><strong><em>memoriam</em></strong></span> <span class='ocrx_word' id='word_1_131' title='bbox 2334 1926 2516 2007; x_wconf 90' lang='lat' dir='ltr'><strong><em>peni-</em></strong></span> 
     </span>
     <span class='ocr_line' id='line_1_17' title="bbox 579 2011 2515 2099; baseline -0.003 -20"><span class='ocrx_word' id='word_1_132' title='bbox 579 2028 689 2080; x_wconf 85' lang='lat' dir='ltr'><strong><em>tus</em></strong></span> <span class='ocrx_word' id='word_1_133' title='bbox 725 2016 1201 2099; x_wconf 78' lang='lat' dir='ltr'><strong><em>exstingueret:</em></strong></span> <span class='ocrx_word' id='word_1_134' title='bbox 1247 2034 1478 2097; x_wconf 80' lang='lat' dir='ltr'><strong>nempe</strong></span> <span class='ocrx_word' id='word_1_135' title='bbox 1516 2013 1667 2097; x_wconf 90' lang='lat' dir='ltr'><strong><em>quia</em></strong></span> <span class='ocrx_word' id='word_1_136' title='bbox 1702 2011 2076 2078; x_wconf 86' lang='lat' dir='ltr'><strong><em>incurabilis</em></strong></span> <span class='ocrx_word' id='word_1_137' title='bbox 2111 2019 2254 2076; x_wconf 86' lang='lat' dir='ltr'><strong><em>erat</em></strong></span> <span class='ocrx_word' id='word_1_138' title='bbox 2292 2031 2515 2075; x_wconf 89' lang='lat' dir='ltr'><strong><em>eorum</em></strong></span> 
     </span>
     <span class='ocr_line' id='line_1_18' title="bbox 573 2095 2518 2183; baseline -0.002 -19"><span class='ocrx_word' id='word_1_139' title='bbox 573 2101 874 2166; x_wconf 87' lang='lat' dir='ltr'><strong><em>amentia.</em></strong></span> <span class='ocrx_word' id='word_1_140' title='bbox 964 2100 1189 2183; x_wconf 90' lang='lat' dir='ltr'><strong><em>Neque</em></strong></span> <span class='ocrx_word' id='word_1_141' title='bbox 1246 2099 1421 2165; x_wconf 92' lang='lat' dir='ltr'><strong><em>enim</em></strong></span> <span class='ocrx_word' id='word_1_142' title='bbox 1465 2108 1723 2164; x_wconf 89' lang='lat' dir='ltr'><strong><em>tantum</em></strong></span> <span class='ocrx_word' id='word_1_143' title='bbox 1776 2099 2101 2182; x_wconf 88' lang='lat' dir='ltr'><strong><em>significat</em></strong></span> <span class='ocrx_word' id='word_1_144' title='bbox 2149 2095 2518 2163; x_wconf 88' lang='lat' dir='ltr'><strong><em>inconside-</em></strong></span> 
     </span>
     <span class='ocr_line' id='line_1_19' title="bbox 575 2181 2515 2268; baseline -0.001 -19"><span class='ocrx_word' id='word_1_145' title='bbox 575 2196 714 2250; x_wconf 88' lang='lat' dir='ltr'><strong><em>rate</em></strong></span> <span class='ocrx_word' id='word_1_146' title='bbox 760 2207 868 2251; x_wconf 90' lang='lat' dir='ltr'><strong><em>eos</em></strong></span> <span class='ocrx_word' id='word_1_147' title='bbox 911 2206 1130 2264; x_wconf 88' lang='lat' dir='ltr'><strong><em>ruere,</em></strong></span> <span class='ocrx_word' id='word_1_148' title='bbox 1190 2186 1342 2268; x_wconf 93' lang='lat' dir='ltr'><strong><em>quia</em></strong></span> <span class='ocrx_word' id='word_1_149' title='bbox 1401 2186 1652 2250; x_wconf 89' lang='lat' dir='ltr'><strong><em>ratione</em></strong></span> <span class='ocrx_word' id='word_1_150' title='bbox 1697 2198 1764 2250; x_wconf 80' lang='lat' dir='ltr'><strong><em>et</em></strong></span> <span class='ocrx_word' id='word_1_151' title='bbox 1813 2183 2052 2250; x_wconf 91' lang='lat' dir='ltr'><strong><em>iudicio</em></strong></span> <span class='ocrx_word' id='word_1_152' title='bbox 2091 2192 2337 2249; x_wconf 80' lang='lat' dir='ltr'><strong><em>carent:</em></strong></span> <span class='ocrx_word' id='word_1_153' title='bbox 2400 2181 2515 2249; x_wconf 88' lang='lat' dir='ltr'><strong><em>sed</em></strong></span> 
     </span>
     <span class='ocr_line' id='line_1_20' title="bbox 578 2268 2514 2353; baseline -0.002 -19"><span class='ocrx_word' id='word_1_154' title='bbox 578 2270 759 2335; x_wconf 89' lang='lat' dir='ltr'><strong><em>nullo</em></strong></span> <span class='ocrx_word' id='word_1_155' title='bbox 815 2271 1006 2336; x_wconf 91' lang='lat' dir='ltr'><strong><em>modo</em></strong></span> <span class='ocrx_word' id='word_1_156' title='bbox 1062 2291 1250 2353; x_wconf 87' lang='lat' dir='ltr'><strong><em>posse</em></strong></span> <span class='ocrx_word' id='word_1_157' title='bbox 1293 2270 1515 2336; x_wconf 89' lang='lat' dir='ltr'><strong><em>reduci</em></strong></span> <span class='ocrx_word' id='word_1_158' title='bbox 1559 2269 1641 2335; x_wconf 88' lang='lat' dir='ltr'><strong><em>ad</em></strong></span> <span class='ocrx_word' id='word_1_159' title='bbox 1684 2289 1910 2335; x_wconf 87' lang='lat' dir='ltr'><strong><em>sanam</em></strong></span> <span class='ocrx_word' id='word_1_160' title='bbox 1956 2277 2273 2346; x_wconf 85' lang='lat' dir='ltr'><strong><em>mentem,</em></strong></span> <span class='ocrx_word' id='word_1_161' title='bbox 2333 2268 2514 2334; x_wconf 91' lang='lat' dir='ltr'><strong><em>deni-</em></strong></span> 
     </span>
     <span class='ocr_line' id='line_1_21' title="bbox 579 2355 2511 2440; baseline -0.001 -20"><span class='ocrx_word' id='word_1_162' title='bbox 579 2377 706 2439; x_wconf 92' lang='lat' dir='ltr'><strong><em>que</em></strong></span> <span class='ocrx_word' id='word_1_163' title='bbox 771 2355 1018 2421; x_wconf 90' lang='lat' dir='ltr'><strong><em>nullam</em></strong></span> <span class='ocrx_word' id='word_1_164' title='bbox 1081 2355 1149 2421; x_wconf 91' lang='lat' dir='ltr'><strong><em>in</em></strong></span> <span class='ocrx_word' id='word_1_165' title='bbox 1215 2357 1372 2440; x_wconf 88' lang='lat' dir='ltr'><strong><em>ipsis</em></strong></span> <span class='ocrx_word' id='word_1_166' title='bbox 1434 2356 1722 2422; x_wconf 90' lang='lat' dir='ltr'><strong><em>residere</em></strong></span> <span class='ocrx_word' id='word_1_167' title='bbox 1786 2355 2174 2439; x_wconf 81' lang='lat' dir='ltr'><strong><em>prudentiae</em></strong></span> <span class='ocrx_word' id='word_1_168' title='bbox 2239 2362 2511 2439; x_wconf 90' lang='lat' dir='ltr'><strong><em>guttam.</em></strong></span> 
     </span>
     <span class='ocr_line' id='line_1_22' title="bbox 578 2440 2511 2525; baseline -0.002 -17"><span class='ocrx_word' id='word_1_169' title='bbox 578 2441 894 2523; x_wconf 84' lang='lat' dir='ltr'><strong><em>Sequitur</em></strong></span> <span class='ocrx_word' id='word_1_170' title='bbox 958 2443 1263 2508; x_wconf 89' lang='lat' dir='ltr'><strong><em>continuo</em></strong></span> <span class='ocrx_word' id='word_1_171' title='bbox 1327 2450 1475 2525; x_wconf 88' lang='lat' dir='ltr'><strong><em>post</em></strong></span> <span class='ocrx_word' id='word_1_172' title='bbox 1539 2441 1832 2525; x_wconf 88' lang='lat' dir='ltr'><strong><em>probatio</em></strong></span> <span class='ocrx_word' id='word_1_173' title='bbox 1853 2491 1867 2519; x_wconf 94' lang='lat'><strong><em>,</em></strong></span> <span class='ocrx_word' id='word_1_174' title='bbox 1948 2440 2224 2508; x_wconf 87' lang='lat' dir='ltr'><strong><em>clariora</em></strong></span> <span class='ocrx_word' id='word_1_175' title='bbox 2289 2460 2511 2506; x_wconf 91' lang='lat' dir='ltr'><strong><em>eorum</em></strong></span> 
     </span>
     <span class='ocr_line' id='line_1_23' title="bbox 575 2525 2517 2609; baseline -0.002 -16"><span class='ocrx_word' id='word_1_176' title='bbox 575 2527 778 2593; x_wconf 87' lang='lat' dir='ltr'><strong><em>oculis</em></strong></span> <span class='ocrx_word' id='word_1_177' title='bbox 832 2547 1170 2593; x_wconf 89' lang='lat' dir='ltr'><strong><em>occurrere</em></strong></span> <span class='ocrx_word' id='word_1_178' title='bbox 1231 2526 1617 2594; x_wconf 83' lang='lat' dir='ltr'><strong><em>documenta</em></strong></span> <span class='ocrx_word' id='word_1_179' title='bbox 1662 2529 1797 2593; x_wconf 84' lang='lat' dir='ltr'><strong><em>irae</em></strong></span> <span class='ocrx_word' id='word_1_180' title='bbox 1843 2525 2000 2606; x_wconf 91' lang='lat' dir='ltr'><strong><em>Dei,</em></strong></span> <span class='ocrx_word' id='word_1_181' title='bbox 2052 2546 2245 2609; x_wconf 89' lang='lat' dir='ltr'><strong><em>quam</em></strong></span> <span class='ocrx_word' id='word_1_182' title='bbox 2290 2533 2368 2590; x_wconf 91' lang='lat' dir='ltr'><strong><em>ut</em></strong></span> <span class='ocrx_word' id='word_1_183' title='bbox 2404 2545 2517 2590; x_wconf 90' lang='lat' dir='ltr'><strong><em>eos</em></strong></span> 
     </span>
     <span class='ocr_line' id='line_1_24' title="bbox 577 2609 2511 2697; baseline 0.001 -22"><span class='ocrx_word' id='word_1_184' title='bbox 577 2613 779 2677; x_wconf 88' lang='lat' dir='ltr'><strong><em>latere</em></strong></span> <span class='ocrx_word' id='word_1_185' title='bbox 833 2622 1107 2696; x_wconf 82' lang='lat' dir='ltr'><strong><em>queant,</em></strong></span> <span class='ocrx_word' id='word_1_186' title='bbox 1166 2614 1291 2678; x_wconf 91' lang='lat' dir='ltr'><strong><em>nisi</em></strong></span> <span class='ocrx_word' id='word_1_187' title='bbox 1335 2633 1602 2697; x_wconf 90' lang='lat' dir='ltr'><strong><em>prorsus</em></strong></span> <span class='ocrx_word' id='word_1_188' title='bbox 1659 2621 1878 2679; x_wconf 78' lang='lat' dir='ltr'><strong><em>essent</em></strong></span> <span class='ocrx_word' id='word_1_189' title='bbox 1920 2614 2093 2678; x_wconf 89' lang='lat' dir='ltr'><strong><em>caeci</em></strong></span> <span class='ocrx_word' id='word_1_190' title='bbox 2138 2619 2202 2677; x_wconf 92' lang='lat' dir='ltr'><strong><em>et</em></strong></span> <span class='ocrx_word' id='word_1_191' title='bbox 2249 2609 2511 2694; x_wconf 84' lang='lat' dir='ltr'><strong><em>stupidi.</em></strong></span> 
     </span>
     <span class='ocr_line' id='line_1_25' title="bbox 578 2682 2512 2781; baseline 0.001 -22"><span class='ocrx_word' id='word_1_192' title='bbox 578 2697 729 2763; x_wconf 87' lang='lat' dir='ltr'><strong><em>Vox</em></strong></span> <span class='ocrx_word' id='word_1_193' title='bbox 778 2682 865 2777; x_wconf 72' lang='lat'><strong><em>7¹7,</em></strong></span> <span class='ocrx_word' id='word_1_194' title='bbox 932 2719 1127 2781; x_wconf 87' lang='lat' dir='ltr'><strong><em>quam</em></strong></span> <span class='ocrx_word' id='word_1_195' title='bbox 1188 2707 1455 2764; x_wconf 81' lang='lat' dir='ltr'><strong><em>vertunt-</em></strong></span> <span class='ocrx_word' id='word_1_196' title='bbox 1510 2698 1819 2777; x_wconf 89' lang='lat' dir='ltr'><strong><em>Utinam,</em></strong></span> <span class='ocrx_word' id='word_1_197' title='bbox 1884 2697 2512 2764; x_wconf 81' lang='lat' dir='ltr'><strong><em>commiserationem</em></strong></span> 
     </span>
     <span class='ocr_line' id='line_1_26' title="bbox 578 2782 2515 2867; baseline -0.001 -20"><span class='ocrx_word' id='word_1_198' title='bbox 578 2794 763 2848; x_wconf 86' lang='lat' dir='ltr'><strong><em>notat</em></strong></span> <span class='ocrx_word' id='word_1_199' title='bbox 806 2784 1020 2867; x_wconf 89' lang='lat' dir='ltr'><strong><em>potius</em></strong></span> <span class='ocrx_word' id='word_1_200' title='bbox 1065 2804 1256 2866; x_wconf 89' lang='lat' dir='ltr'><strong><em>quam</em></strong></span> <span class='ocrx_word' id='word_1_201' title='bbox 1304 2794 1564 2850; x_wconf 84' lang='lat' dir='ltr'><strong><em>votum:</em></strong></span> <span class='ocrx_word' id='word_1_202' title='bbox 1616 2783 1758 2850; x_wconf 91' lang='lat' dir='ltr'><strong><em>ideo</em></strong></span> <span class='ocrx_word' id='word_1_203' title='bbox 1802 2782 2135 2849; x_wconf 91' lang='lat' dir='ltr'><strong><em>commode</em></strong></span> <span class='ocrx_word' id='word_1_204' title='bbox 2179 2783 2270 2848; x_wconf 91' lang='lat' dir='ltr'><strong><em>sic</em></strong></span> <span class='ocrx_word' id='word_1_205' title='bbox 2315 2802 2515 2864; x_wconf 90' lang='lat' dir='ltr'><strong><em>expo-</em></strong></span> 
     </span>
     <span class='ocr_line' id='line_1_27' title="bbox 575 2868 2514 2954; baseline 0 -22"><span class='ocrx_word' id='word_1_206' title='bbox 575 2889 731 2934; x_wconf 85' lang='lat' dir='ltr'><strong><em>nere</em></strong></span> <span class='ocrx_word' id='word_1_207' title='bbox 797 2868 1046 2935; x_wconf 82' lang='lat' dir='ltr'><strong><em>licebit:</em></strong></span> <span class='ocrx_word' id='word_1_208' title='bbox 1113 2868 1174 2934; x_wconf 85' lang='lat'>0</span> <span class='ocrx_word' id='word_1_209' title='bbox 1240 2869 1296 2934; x_wconf 90' lang='lat' dir='ltr'><strong><em>si</em></strong></span> <span class='ocrx_word' id='word_1_210' title='bbox 1371 2870 1847 2954; x_wconf 86' lang='lat' dir='ltr'><strong><em>intelligerentl</em></strong></span> <span class='ocrx_word' id='word_1_211' title='bbox 1938 2870 2069 2934; x_wconf 91' lang='lat' dir='ltr'><strong><em>Per</em></strong></span> <span class='ocrx_word' id='word_1_212' title='bbox 2142 2877 2514 2934; x_wconf 90' lang='lat' dir='ltr'><strong><em>extremum</em></strong></span> 
     </span>
     <span class='ocr_line' id='line_1_28' title="bbox 576 2952 2515 3039; baseline 0.001 -21"><span class='ocrx_word' id='word_1_213' title='bbox 576 2974 763 3032; x_wconf 85' lang='lat' dir='ltr'><strong><em>vere,</em></strong></span> <span class='ocrx_word' id='word_1_214' title='bbox 846 2964 1283 3039; x_wconf 82' lang='lat' dir='ltr'><strong><em>exaggeratur</em></strong></span> <span class='ocrx_word' id='word_1_215' title='bbox 1354 2955 1676 3022; x_wconf 90' lang='lat' dir='ltr'><strong><em>socordia:</em></strong></span> <span class='ocrx_word' id='word_1_216' title='bbox 1763 2956 2066 3038; x_wconf 89' lang='lat' dir='ltr'><strong><em>quoniam</em></strong></span> <span class='ocrx_word' id='word_1_217' title='bbox 2143 2975 2227 3018; x_wconf 91' lang='lat' dir='ltr'><strong><em>ne</em></strong></span> <span class='ocrx_word' id='word_1_218' title='bbox 2287 2952 2515 3019; x_wconf 90' lang='lat' dir='ltr'><strong><em>multis</em></strong></span> 
     </span>
     <span class='ocr_line' id='line_1_29' title="bbox 574 3039 2515 3125; baseline -0.001 -20"><span class='ocrx_word' id='word_1_219' title='bbox 574 3039 832 3122; x_wconf 91' lang='lat' dir='ltr'><strong><em>quidem</em></strong></span> <span class='ocrx_word' id='word_1_220' title='bbox 878 3052 945 3104; x_wconf 93' lang='lat' dir='ltr'><strong><em>et</em></strong></span> <span class='ocrx_word' id='word_1_221' title='bbox 986 3041 1199 3123; x_wconf 87' lang='lat' dir='ltr'><strong><em>longis</em></strong></span> <span class='ocrx_word' id='word_1_222' title='bbox 1259 3042 1723 3124; x_wconf 83' lang='lat' dir='ltr'><strong><em>experimentis</em></strong></span> <span class='ocrx_word' id='word_1_223' title='bbox 1778 3041 2215 3125; x_wconf 85' lang='lat' dir='ltr'><strong><em>expergefacti</em></strong></span> <span class='ocrx_word' id='word_1_224' title='bbox 2269 3040 2515 3105; x_wconf 87' lang='lat' dir='ltr'><strong><em>fuerint</em></strong></span> 
     </span>
     <span class='ocr_line' id='line_1_30' title="bbox 575 3124 2512 3209; baseline 0.001 -21"><span class='ocrx_word' id='word_1_225' title='bbox 575 3124 656 3189; x_wconf 85' lang='lat' dir='ltr'><strong><em>ad</em></strong></span> <span class='ocrx_word' id='word_1_226' title='bbox 698 3125 1096 3209; x_wconf 87' lang='lat' dir='ltr'><strong><em>reputandas</em></strong></span> <span class='ocrx_word' id='word_1_227' title='bbox 1140 3126 1422 3193; x_wconf 88' lang='lat' dir='ltr'><strong><em>cladium</em></strong></span> <span class='ocrx_word' id='word_1_228' title='bbox 1466 3146 1729 3192; x_wconf 86' lang='lat' dir='ltr'><strong><em>suarum</em></strong></span> <span class='ocrx_word' id='word_1_229' title='bbox 1776 3145 2033 3203; x_wconf 86' lang='lat' dir='ltr'><strong><em>causas,</em></strong></span> <span class='ocrx_word' id='word_1_230' title='bbox 2079 3145 2232 3190; x_wconf 91' lang='lat' dir='ltr'><strong><em>nam</em></strong></span> <span class='ocrx_word' id='word_1_231' title='bbox 2277 3124 2512 3189; x_wconf 87' lang='lat' dir='ltr'><strong><em>tardis-</em></strong></span> 
     </span>
     <span class='ocr_line' id='line_1_31' title="bbox 576 3210 2511 3296; baseline 0 -22"><span class='ocrx_word' id='word_1_232' title='bbox 576 3211 758 3276; x_wconf 85' lang='lat' dir='ltr'><strong><em>simis</em></strong></span> <span class='ocrx_word' id='word_1_233' title='bbox 814 3212 1008 3277; x_wconf 88' lang='lat' dir='ltr'><strong><em>etiam</em></strong></span> <span class='ocrx_word' id='word_1_234' title='bbox 1069 3212 1427 3296; x_wconf 88' lang='lat' dir='ltr'><strong><em>quibusque</em></strong></span> <span class='ocrx_word' id='word_1_235' title='bbox 1485 3221 1551 3277; x_wconf 90' lang='lat' dir='ltr'><strong><em>et</em></strong></span> <span class='ocrx_word' id='word_1_236' title='bbox 1591 3214 1727 3277; x_wconf 89' lang='lat' dir='ltr'><strong><em>fere</em></strong></span> <span class='ocrx_word' id='word_1_237' title='bbox 1772 3211 2025 3291; x_wconf 88' lang='lat' dir='ltr'><strong><em>bardis,</em></strong></span> <span class='ocrx_word' id='word_1_238' title='bbox 2081 3231 2347 3277; x_wconf 88' lang='lat' dir='ltr'><strong><em>sensum</em></strong></span> <span class='ocrx_word' id='word_1_239' title='bbox 2393 3210 2511 3275; x_wconf 88' lang='lat' dir='ltr'><strong><em>ali·</em></strong></span> 
     </span>
     <span class='ocr_line' id='line_1_32' title="bbox 574 3294 2511 3381; baseline 0.001 -21"><span class='ocrx_word' id='word_1_240' title='bbox 574 3317 769 3378; x_wconf 90' lang='lat' dir='ltr'><strong><em>quem</em></strong></span> <span class='ocrx_word' id='word_1_241' title='bbox 814 3297 1077 3361; x_wconf 90' lang='lat' dir='ltr'><strong><em>tandem</em></strong></span> <span class='ocrx_word' id='word_1_242' title='bbox 1114 3306 1456 3380; x_wconf 86' lang='lat' dir='ltr'><strong><em>extorquet</em></strong></span> <span class='ocrx_word' id='word_1_243' title='bbox 1499 3298 1807 3381; x_wconf 88' lang='lat' dir='ltr'><strong><em>temporis</em></strong></span> <span class='ocrx_word' id='word_1_244' title='bbox 1859 3296 2270 3363; x_wconf 87' lang='lat' dir='ltr'><strong><em>diuturnitas.</em></strong></span> <span class='ocrx_word' id='word_1_245' title='bbox 2362 3294 2511 3381; x_wconf 83' lang='lat' dir='ltr'><strong><em>Sig-</em></strong></span> 
     </span>
     <span class='ocr_line' id='line_1_33' title="bbox 578 3381 2511 3467; baseline 0.001 -22"><span class='ocrx_word' id='word_1_246' title='bbox 578 3401 736 3446; x_wconf 88' lang='lat' dir='ltr'><strong><em>num</em></strong></span> <span class='ocrx_word' id='word_1_247' title='bbox 801 3402 957 3466; x_wconf 89' lang='lat' dir='ltr'><strong><em>ergo</em></strong></span> <span class='ocrx_word' id='word_1_248' title='bbox 1023 3381 1344 3466; x_wconf 88' lang='lat' dir='ltr'><strong><em>desperati</em></strong></span> <span class='ocrx_word' id='word_1_249' title='bbox 1405 3384 1718 3467; x_wconf 89' lang='lat' dir='ltr'><strong><em>stuporis,</em></strong></span> <span class='ocrx_word' id='word_1_250' title='bbox 1790 3393 1937 3467; x_wconf 88' lang='lat' dir='ltr'><strong><em>post</em></strong></span> <span class='ocrx_word' id='word_1_251' title='bbox 2000 3383 2242 3448; x_wconf 90' lang='lat' dir='ltr'><strong><em>multos</em></strong></span> <span class='ocrx_word' id='word_1_252' title='bbox 2307 3401 2511 3447; x_wconf 87' lang='lat' dir='ltr'><strong><em>annos</em></strong></span> 
     </span>
     <span class='ocr_line' id='line_1_34' title="bbox 577 3466 2514 3553; baseline 0.001 -22"><span class='ocrx_word' id='word_1_253' title='bbox 577 3466 741 3531; x_wconf 87' lang='lat' dir='ltr'><strong><em>nihil</em></strong></span> <span class='ocrx_word' id='word_1_254' title='bbox 799 3469 1072 3534; x_wconf 89' lang='lat' dir='ltr'><strong><em>sentire:</em></strong></span> <span class='ocrx_word' id='word_1_255' title='bbox 1133 3489 1205 3535; x_wconf 89' lang='lat' dir='ltr'><strong><em>ac</em></strong></span> <span class='ocrx_word' id='word_1_256' title='bbox 1251 3470 1305 3534; x_wconf 89' lang='lat' dir='ltr'><strong><em>si</em></strong></span> <span class='ocrx_word' id='word_1_257' title='bbox 1350 3491 1475 3535; x_wconf 91' lang='lat' dir='ltr'><strong><em>usu</em></strong></span> <span class='ocrx_word' id='word_1_258' title='bbox 1517 3474 1657 3553; x_wconf 89' lang='lat' dir='ltr'><strong><em>ipso</em></strong></span> <span class='ocrx_word' id='word_1_259' title='bbox 1699 3468 2201 3536; x_wconf 88' lang='lat' dir='ltr'><strong><em>occallescerent</em></strong></span> <span class='ocrx_word' id='word_1_260' title='bbox 2243 3469 2355 3550; x_wconf 90' lang='lat' dir='ltr'><strong><em>qui</em></strong></span> <span class='ocrx_word' id='word_1_261' title='bbox 2400 3467 2514 3533; x_wconf 89' lang='lat' dir='ltr'><strong><em>de·</em></strong></span> 
     </span>
     <span class='ocr_line' id='line_1_35' title="bbox 579 3552 2512 3640; baseline 0.001 -23"><span class='ocrx_word' id='word_1_262' title='bbox 579 3552 852 3618; x_wconf 87' lang='lat' dir='ltr'><strong><em>buerant</em></strong></span> <span class='ocrx_word' id='word_1_263' title='bbox 895 3574 1169 3619; x_wconf 90' lang='lat' dir='ltr'><strong><em>excusso</em></strong></span> <span class='ocrx_word' id='word_1_264' title='bbox 1212 3563 1480 3620; x_wconf 85' lang='lat' dir='ltr'><strong><em>veterno</em></strong></span> <span class='ocrx_word' id='word_1_265' title='bbox 1525 3576 1595 3621; x_wconf 90' lang='lat' dir='ltr'><strong><em>se</em></strong></span> <span class='ocrx_word' id='word_1_266' title='bbox 1641 3556 1814 3640; x_wconf 87' lang='lat' dir='ltr'><strong><em>ipsos</em></strong></span> <span class='ocrx_word' id='word_1_267' title='bbox 1872 3554 2176 3638; x_wconf 81' lang='lat' dir='ltr'><strong><em>colligere</em></strong></span> <span class='ocrx_word' id='word_1_268' title='bbox 2233 3554 2317 3619; x_wconf 88' lang='lat' dir='ltr'><strong><em>ad</em></strong></span> <span class='ocrx_word' id='word_1_269' title='bbox 2372 3564 2512 3620; x_wconf 87' lang='lat' dir='ltr'><strong><em>stu-</em></strong></span> 
     </span>
     <span class='ocr_line' id='line_1_36' title="bbox 579 3637 2512 3724; baseline 0.002 -22"><span class='ocrx_word' id='word_1_270' title='bbox 579 3637 760 3703; x_wconf 86' lang='lat' dir='ltr'><strong><em>dium</em></strong></span> <span class='ocrx_word' id='word_1_271' title='bbox 816 3639 1202 3721; x_wconf 90' lang='lat' dir='ltr'><strong><em>inquirendi.</em></strong></span> <span class='ocrx_word' id='word_1_272' title='bbox 1291 3641 1530 3705; x_wconf 87' lang='lat' dir='ltr'><strong><em>Merito</em></strong></span> <span class='ocrx_word' id='word_1_273' title='bbox 1588 3652 1806 3707; x_wconf 89' lang='lat' dir='ltr'><strong><em>autem</em></strong></span> <span class='ocrx_word' id='word_1_274' title='bbox 1864 3640 2214 3724; x_wconf 82' lang='lat' dir='ltr'><strong><em>exprobrat</em></strong></span> <span class='ocrx_word' id='word_1_275' title='bbox 2274 3640 2512 3718; x_wconf 89' lang='lat' dir='ltr'><strong><em>Moses,</em></strong></span> 
     </span>
     <span class='ocr_line' id='line_1_37' title="bbox 580 3722 2514 3809; baseline 0.003 -23"><span class='ocrx_word' id='word_1_276' title='bbox 580 3744 663 3789; x_wconf 89' lang='lat' dir='ltr'><strong><em>ne</em></strong></span> <span class='ocrx_word' id='word_1_277' title='bbox 728 3722 809 3789; x_wconf 87' lang='lat' dir='ltr'><strong><em>ad</em></strong></span> <span class='ocrx_word' id='word_1_278' title='bbox 868 3734 1233 3790; x_wconf 89' lang='lat' dir='ltr'><strong><em>extremum</em></strong></span> <span class='ocrx_word' id='word_1_279' title='bbox 1299 3725 1559 3809; x_wconf 90' lang='lat' dir='ltr'><strong><em>quidem</em></strong></span> <span class='ocrx_word' id='word_1_280' title='bbox 1625 3726 2101 3797; x_wconf 86' lang='lat' dir='ltr'><strong><em>considerasse:</em></strong></span> <span class='ocrx_word' id='word_1_281' title='bbox 2169 3726 2320 3808; x_wconf 89' lang='lat' dir='ltr'><strong><em>quia</em></strong></span> <span class='ocrx_word' id='word_1_282' title='bbox 2381 3746 2514 3791; x_wconf 91' lang='lat' dir='ltr'><strong><em>non</em></strong></span> 
     </span>
     <span class='ocr_line' id='line_1_38' title="bbox 578 3808 2515 3895; baseline 0.002 -22"><span class='ocrx_word' id='word_1_283' title='bbox 578 3808 783 3875; x_wconf 91' lang='lat' dir='ltr'><strong><em>semel</em></strong></span> <span class='ocrx_word' id='word_1_284' title='bbox 854 3831 976 3876; x_wconf 89' lang='lat' dir='ltr'><strong><em>nec</em></strong></span> <span class='ocrx_word' id='word_1_285' title='bbox 1055 3831 1187 3875; x_wconf 90' lang='lat' dir='ltr'><strong><em>uno</em></strong></span> <span class='ocrx_word' id='word_1_286' title='bbox 1269 3832 1475 3895; x_wconf 77' lang='lat' dir='ltr'><strong><em>anm,</em></strong></span> <span class='ocrx_word' id='word_1_287' title='bbox 1555 3811 1669 3876; x_wconf 91' lang='lat' dir='ltr'><strong><em>sed</em></strong></span> <span class='ocrx_word' id='word_1_288' title='bbox 1750 3812 2077 3878; x_wconf 91' lang='lat' dir='ltr'><strong><em>continuis</em></strong></span> <span class='ocrx_word' id='word_1_289' title='bbox 2155 3831 2515 3894; x_wconf 91' lang='lat' dir='ltr'><strong><em>poenarum</em></strong></span> 
     </span>
     <span class='ocr_line' id='line_1_39' title="bbox 576 3894 2518 3981; baseline 0.001 -22"><span class='ocrx_word' id='word_1_290' title='bbox 576 3896 891 3979; x_wconf 90' lang='lat' dir='ltr'><strong><em>exemplis</em></strong></span> <span class='ocrx_word' id='word_1_291' title='bbox 924 3916 1041 3978; x_wconf 90' lang='lat' dir='ltr'><strong><em>per</em></strong></span> <span class='ocrx_word' id='word_1_292' title='bbox 1074 3894 1341 3981; x_wconf 88' lang='lat' dir='ltr'><strong><em>longam</em></strong></span> <span class='ocrx_word' id='word_1_293' title='bbox 1386 3918 1710 3963; x_wconf 90' lang='lat' dir='ltr'><strong><em>annorum</em></strong></span> <span class='ocrx_word' id='word_1_294' title='bbox 1756 3898 1990 3964; x_wconf 90' lang='lat' dir='ltr'><strong><em>seriem</em></strong></span> <span class='ocrx_word' id='word_1_295' title='bbox 2027 3896 2237 3962; x_wconf 90' lang='lat' dir='ltr'><strong><em>edocti</em></strong></span> <span class='ocrx_word' id='word_1_296' title='bbox 2269 3897 2518 3963; x_wconf 89' lang='lat' dir='ltr'><strong><em>fuerint</em></strong></span> 
     </span>
     <span class='ocr_line' id='line_1_40' title="bbox 573 3980 1067 4064; baseline -0.004 -18"><span class='ocrx_word' id='word_1_297' title='bbox 573 3981 714 4047; x_wconf 90' lang='lat' dir='ltr'><strong><em>sine</em></strong></span> <span class='ocrx_word' id='word_1_298' title='bbox 757 3980 1067 4064; x_wconf 84' lang='lat' dir='ltr'><strong><em>profectu.</em></strong></span> 
     </span>
    </p>

    <p class='ocr_par' dir='ltr' id='par_1_4' title="bbox 573 4066 2517 5437">
     <span class='ocr_line' id='line_1_41' title="bbox 748 4066 2516 4151; baseline 0.001 -20"><span class='ocrx_word' id='word_1_299' title='bbox 748 4067 850 4133; x_wconf 86' lang='lat'><strong><em>30.</em></strong></span> <span class='ocrx_word' id='word_1_300' title='bbox 926 4066 1243 4148; x_wconf 76' lang='lat' dir='ltr'><strong><em>Quomodo</em></strong></span> <span class='ocrx_word' id='word_1_301' title='bbox 1312 4073 1726 4151; x_wconf 77' lang='lat' dir='ltr'><strong><em>persequutus</em></strong></span> <span class='ocrx_word' id='word_1_302' title='bbox 1787 4068 2026 4149; x_wconf 78' lang='lat' dir='ltr'><strong><em>fuisset.</em></strong></span> <span class='ocrx_word' id='word_1_303' title='bbox 2115 4068 2223 4133; x_wconf 88' lang='lat' dir='ltr'><strong><em>Ex</em></strong></span> <span class='ocrx_word' id='word_1_304' title='bbox 2288 4067 2516 4133; x_wconf 90' lang='lat' dir='ltr'><strong><em>multis</em></strong></span> 
     </span>
     <span class='ocr_line' id='line_1_42' title="bbox 576 4150 2511 4238; baseline 0.001 -22"><span class='ocrx_word' id='word_1_305' title='bbox 576 4150 903 4218; x_wconf 88' lang='lat' dir='ltr'><strong><em>vindictae</em></strong></span> <span class='ocrx_word' id='word_1_306' title='bbox 934 4153 1062 4218; x_wconf 88' lang='lat' dir='ltr'><strong><em>Dei</em></strong></span> <span class='ocrx_word' id='word_1_307' title='bbox 1096 4153 1302 4237; x_wconf 88' lang='lat' dir='ltr'><strong><em>signis</em></strong></span> <span class='ocrx_word' id='word_1_308' title='bbox 1337 4174 1542 4220; x_wconf 87' lang='lat' dir='ltr'><strong><em>unum</em></strong></span> <span class='ocrx_word' id='word_1_309' title='bbox 1574 4153 1816 4238; x_wconf 89' lang='lat' dir='ltr'><strong><em>delegit</em></strong></span> <span class='ocrx_word' id='word_1_310' title='bbox 1859 4174 2014 4237; x_wconf 88' lang='lat' dir='ltr'><strong><em>prae</em></strong></span> <span class='ocrx_word' id='word_1_311' title='bbox 2051 4154 2198 4219; x_wconf 86' lang='lat' dir='ltr'><strong><em>aliis</em></strong></span> <span class='ocrx_word' id='word_1_312' title='bbox 2236 4153 2511 4237; x_wconf 83' lang='lat' dir='ltr'><strong><em>insigne.</em></strong></span> 
     </span>
     <span class='ocr_line' id='line_1_43' title="bbox 574 4237 2517 4323; baseline 0.002 -22"><span class='ocrx_word' id='word_1_313' title='bbox 574 4237 915 4318; x_wconf 75' lang='lat' dir='ltr'><strong><em>Quamdiu</em></strong></span> <span class='ocrx_word' id='word_1_314' title='bbox 959 4238 1134 4302; x_wconf 90' lang='lat' dir='ltr'><strong><em>enim</em></strong></span> <span class='ocrx_word' id='word_1_315' title='bbox 1180 4239 1259 4304; x_wconf 88' lang='lat' dir='ltr'><strong><em>ab</em></strong></span> <span class='ocrx_word' id='word_1_316' title='bbox 1304 4259 1530 4305; x_wconf 90' lang='lat' dir='ltr'><strong><em>eorum</em></strong></span> <span class='ocrx_word' id='word_1_317' title='bbox 1573 4249 1756 4323; x_wconf 87' lang='lat' dir='ltr'><strong><em>parte</em></strong></span> <span class='ocrx_word' id='word_1_318' title='bbox 1801 4248 2069 4306; x_wconf 87' lang='lat' dir='ltr'><strong><em>steterat</em></strong></span> <span class='ocrx_word' id='word_1_319' title='bbox 2105 4240 2286 4305; x_wconf 90' lang='lat' dir='ltr'><strong><em>Deus</em></strong></span> <span class='ocrx_word' id='word_1_320' title='bbox 2328 4240 2517 4323; x_wconf 90' lang='lat' dir='ltr'><strong><em>fuga-</em></strong></span> 
     </span>
     <span class='ocr_line' id='line_1_44' title="bbox 574 4324 2516 4407; baseline -0.001 -17"><span class='ocrx_word' id='word_1_321' title='bbox 574 4334 811 4390; x_wconf 84' lang='lat' dir='ltr'><strong><em>verant</em></strong></span> <span class='ocrx_word' id='word_1_322' title='bbox 863 4325 1164 4407; x_wconf 88' lang='lat' dir='ltr'><strong><em>ingentes</em></strong></span> <span class='ocrx_word' id='word_1_323' title='bbox 1217 4327 1572 4404; x_wconf 83' lang='lat' dir='ltr'><strong><em>exercitus‚</em></strong></span> <span class='ocrx_word' id='word_1_324' title='bbox 1631 4344 1752 4391; x_wconf 88' lang='lat' dir='ltr'><strong><em>nec</em></strong></span> <span class='ocrx_word' id='word_1_325' title='bbox 1810 4326 1948 4391; x_wconf 90' lang='lat' dir='ltr'><strong><em>ulla</em></strong></span> <span class='ocrx_word' id='word_1_326' title='bbox 2004 4345 2116 4391; x_wconf 88' lang='lat' dir='ltr'><strong><em>eos</em></strong></span> <span class='ocrx_word' id='word_1_327' title='bbox 2158 4324 2516 4390; x_wconf 89' lang='lat' dir='ltr'><strong><em>multitudo</em></strong></span> 
     </span>
     <span class='ocr_line' id='line_1_45' title="bbox 578 4409 2514 4495; baseline 0.001 -21"><span class='ocrx_word' id='word_1_328' title='bbox 578 4410 1013 4475; x_wconf 87' lang='lat' dir='ltr'><strong><em>sustinuerat:</em></strong></span> <span class='ocrx_word' id='word_1_329' title='bbox 1060 4429 1234 4474; x_wconf 91' lang='lat' dir='ltr'><strong><em>nunc</em></strong></span> <span class='ocrx_word' id='word_1_330' title='bbox 1279 4409 1435 4475; x_wconf 91' lang='lat' dir='ltr'><strong><em>dum</em></strong></span> <span class='ocrx_word' id='word_1_331' title='bbox 1477 4411 1746 4495; x_wconf 89' lang='lat' dir='ltr'><strong><em>plurimi</em></strong></span> <span class='ocrx_word' id='word_1_332' title='bbox 1789 4432 1828 4476; x_wconf 91' lang='lat' dir='ltr'><strong><em>a</em></strong></span> <span class='ocrx_word' id='word_1_333' title='bbox 1870 4413 2093 4495; x_wconf 85' lang='lat' dir='ltr'><strong><em>paucis</em></strong></span> <span class='ocrx_word' id='word_1_334' title='bbox 2136 4410 2514 4489; x_wconf 84' lang='lat' dir='ltr'><strong><em>vincuntur,</em></strong></span> 
     </span>
     <span class='ocr_line' id='line_1_46' title="bbox 576 4493 2514 4580; baseline 0.001 -21"><span class='ocrx_word' id='word_1_335' title='bbox 576 4495 792 4579; x_wconf 86' lang='lat' dir='ltr'><strong><em>palam</em></strong></span> <span class='ocrx_word' id='word_1_336' title='bbox 835 4493 1121 4560; x_wconf 89' lang='lat' dir='ltr'><strong><em>ostendit</em></strong></span> <span class='ocrx_word' id='word_1_337' title='bbox 1163 4496 1436 4561; x_wconf 91' lang='lat' dir='ltr'><strong><em>mutatio</em></strong></span> <span class='ocrx_word' id='word_1_338' title='bbox 1478 4497 1610 4575; x_wconf 85' lang='lat' dir='ltr'><strong><em>illa,</em></strong></span> <span class='ocrx_word' id='word_1_339' title='bbox 1653 4497 1932 4564; x_wconf 89' lang='lat' dir='ltr'><strong><em>nudatos</em></strong></span> <span class='ocrx_word' id='word_1_340' title='bbox 1976 4516 2118 4563; x_wconf 89' lang='lat' dir='ltr'><strong><em>esse</em></strong></span> <span class='ocrx_word' id='word_1_341' title='bbox 2152 4495 2282 4563; x_wconf 90' lang='lat' dir='ltr'><strong><em>Dei</em></strong></span> <span class='ocrx_word' id='word_1_342' title='bbox 2327 4517 2514 4580; x_wconf 88' lang='lat' dir='ltr'><strong><em>prae-</em></strong></span> 
     </span>
     <span class='ocr_line' id='line_1_47' title="bbox 574 4580 2516 4664; baseline 0.001 -19"><span class='ocrx_word' id='word_1_343' title='bbox 574 4580 770 4657; x_wconf 79' lang='lat' dir='ltr'><strong><em>sidio,</em></strong></span> <span class='ocrx_word' id='word_1_344' title='bbox 843 4581 1225 4663; x_wconf 86' lang='lat' dir='ltr'><strong><em>praesertim</em></strong></span> <span class='ocrx_word' id='word_1_345' title='bbox 1292 4602 1491 4664; x_wconf 89' lang='lat' dir='ltr'><strong><em>quum</em></strong></span> <span class='ocrx_word' id='word_1_346' title='bbox 1559 4582 1779 4648; x_wconf 87' lang='lat' dir='ltr'><strong><em>decem</em></strong></span> <span class='ocrx_word' id='word_1_347' title='bbox 1848 4581 2215 4649; x_wconf 89' lang='lat' dir='ltr'><strong><em>hominibus</em></strong></span> <span class='ocrx_word' id='word_1_348' title='bbox 2278 4582 2516 4648; x_wconf 89' lang='lat' dir='ltr'><strong><em>cedant</em></strong></span> 
     </span>
     <span class='ocr_line' id='line_1_48' title="bbox 574 4665 2514 4751; baseline 0.001 -19"><span class='ocrx_word' id='word_1_349' title='bbox 574 4667 785 4745; x_wconf 91' lang='lat' dir='ltr'><strong><em>mille,</em></strong></span> <span class='ocrx_word' id='word_1_350' title='bbox 844 4665 958 4749; x_wconf 85' lang='lat' dir='ltr'><strong><em>qui</em></strong></span> <span class='ocrx_word' id='word_1_351' title='bbox 999 4667 1181 4748; x_wconf 89' lang='lat' dir='ltr'><strong><em>prius</em></strong></span> <span class='ocrx_word' id='word_1_352' title='bbox 1223 4669 1461 4751; x_wconf 89' lang='lat' dir='ltr'><strong><em>exigua</em></strong></span> <span class='ocrx_word' id='word_1_353' title='bbox 1511 4688 1715 4733; x_wconf 90' lang='lat' dir='ltr'><strong><em>manu</em></strong></span> <span class='ocrx_word' id='word_1_354' title='bbox 1758 4669 1935 4735; x_wconf 90' lang='lat' dir='ltr'><strong><em>soliti</em></strong></span> <span class='ocrx_word' id='word_1_355' title='bbox 1990 4669 2251 4733; x_wconf 88' lang='lat' dir='ltr'><strong><em>fuerant</em></strong></span> <span class='ocrx_word' id='word_1_356' title='bbox 2293 4668 2514 4751; x_wconf 87' lang='lat' dir='ltr'><strong><em>profli-</em></strong></span> 
     </span>
     <span class='ocr_line' id='line_1_49' title="bbox 574 4752 2516 4838; baseline 0.001 -21"><span class='ocrx_word' id='word_1_357' title='bbox 574 4773 729 4836; x_wconf 87' lang='lat' dir='ltr'><strong><em>gare</em></strong></span> <span class='ocrx_word' id='word_1_358' title='bbox 773 4752 1095 4816; x_wconf 88' lang='lat' dir='ltr'><strong><em>maximas</em></strong></span> <span class='ocrx_word' id='word_1_359' title='bbox 1153 4753 1390 4834; x_wconf 89' lang='lat' dir='ltr'><strong><em>copias.</em></strong></span> <span class='ocrx_word' id='word_1_360' title='bbox 1479 4752 1831 4837; x_wconf 81' lang='lat' dir='ltr'><strong><em>Stuporem</em></strong></span> <span class='ocrx_word' id='word_1_361' title='bbox 1875 4775 2031 4838; x_wconf 89' lang='lat' dir='ltr'><strong><em>ergo</em></strong></span> <span class='ocrx_word' id='word_1_362' title='bbox 2074 4754 2296 4838; x_wconf 88' lang='lat' dir='ltr'><strong><em>populi</em></strong></span> <span class='ocrx_word' id='word_1_363' title='bbox 2339 4773 2516 4820; x_wconf 90' lang='lat' dir='ltr'><strong><em>coar-</em></strong></span> 
     </span>
     <span class='ocr_line' id='line_1_50' title="bbox 574 4837 2514 4923; baseline 0.001 -20"><span class='ocrx_word' id='word_1_364' title='bbox 574 4839 719 4922; x_wconf 89' lang='lat' dir='ltr'><strong><em>guit</em></strong></span> <span class='ocrx_word' id='word_1_365' title='bbox 774 4838 1027 4918; x_wconf 85' lang='lat' dir='ltr'><strong><em>Moses,</em></strong></span> <span class='ocrx_word' id='word_1_366' title='bbox 1084 4837 1197 4903; x_wconf 92' lang='lat' dir='ltr'><strong><em>ubi</em></strong></span> <span class='ocrx_word' id='word_1_367' title='bbox 1253 4838 1321 4902; x_wconf 94' lang='lat' dir='ltr'><strong><em>in</em></strong></span> <span class='ocrx_word' id='word_1_368' title='bbox 1380 4850 1667 4904; x_wconf 92' lang='lat' dir='ltr'><strong><em>mentem</em></strong></span> <span class='ocrx_word' id='word_1_369' title='bbox 1723 4860 1853 4904; x_wconf 90' lang='lat' dir='ltr'><strong><em>non</em></strong></span> <span class='ocrx_word' id='word_1_370' title='bbox 1899 4839 2085 4905; x_wconf 83' lang='lat' dir='ltr'><strong><em>venit</em></strong></span> <span class='ocrx_word' id='word_1_371' title='bbox 2139 4839 2514 4923; x_wconf 90' lang='lat' dir='ltr'><strong><em>repudiatos</em></strong></span> 
     </span>
     <span class='ocr_line' id='line_1_51' title="bbox 574 4921 2511 5009; baseline 0.001 -20"><span class='ocrx_word' id='word_1_372' title='bbox 574 4945 714 4991; x_wconf 89' lang='lat' dir='ltr'><strong><em>esse</em></strong></span> <span class='ocrx_word' id='word_1_373' title='bbox 757 4944 796 4988; x_wconf 92' lang='lat' dir='ltr'><strong><em>a</em></strong></span> <span class='ocrx_word' id='word_1_374' title='bbox 838 4921 1012 5004; x_wconf 91' lang='lat' dir='ltr'><strong><em>Deo,</em></strong></span> <span class='ocrx_word' id='word_1_375' title='bbox 1071 4924 1181 5007; x_wconf 92' lang='lat' dir='ltr'><strong><em>qui</em></strong></span> <span class='ocrx_word' id='word_1_376' title='bbox 1239 4930 1374 4989; x_wconf 86' lang='lat' dir='ltr'><strong><em>tam</em></strong></span> <span class='ocrx_word' id='word_1_377' title='bbox 1433 4924 1617 4990; x_wconf 89' lang='lat' dir='ltr'><strong><em>facile</em></strong></span> <span class='ocrx_word' id='word_1_378' title='bbox 1662 4946 1702 4991; x_wconf 91' lang='lat' dir='ltr'><strong><em>a</em></strong></span> <span class='ocrx_word' id='word_1_379' title='bbox 1744 4926 1965 5008; x_wconf 86' lang='lat' dir='ltr'><strong><em>paucis</em></strong></span> <span class='ocrx_word' id='word_1_380' title='bbox 2023 4925 2319 4992; x_wconf 85' lang='lat' dir='ltr'><strong><em>hostibus</em></strong></span> <span class='ocrx_word' id='word_1_381' title='bbox 2362 4945 2511 5009; x_wconf 90' lang='lat' dir='ltr'><strong><em>pro-</em></strong></span> 
     </span>
     <span class='ocr_line' id='line_1_52' title="bbox 574 5009 2510 5095; baseline 0.001 -20"><span class='ocrx_word' id='word_1_382' title='bbox 574 5017 978 5088; x_wconf 90' lang='lat' dir='ltr'><strong><em>sternuntur,</em></strong></span> <span class='ocrx_word' id='word_1_383' title='bbox 1025 5030 1186 5093; x_wconf 88' lang='lat' dir='ltr'><strong><em>quos</em></strong></span> <span class='ocrx_word' id='word_1_384' title='bbox 1228 5030 1505 5075; x_wconf 90' lang='lat' dir='ltr'><strong><em>numero</em></strong></span> <span class='ocrx_word' id='word_1_385' title='bbox 1550 5009 1742 5093; x_wconf 89' lang='lat' dir='ltr'><strong><em>longe</em></strong></span> <span class='ocrx_word' id='word_1_386' title='bbox 1786 5019 2118 5095; x_wconf 89' lang='lat' dir='ltr'><strong><em>superant.</em></strong></span> <span class='ocrx_word' id='word_1_387' title='bbox 2209 5012 2372 5077; x_wconf 92' lang='lat' dir='ltr'><strong><em>Plus</em></strong></span> <span class='ocrx_word' id='word_1_388' title='bbox 2416 5019 2510 5077; x_wconf 86' lang='lat' dir='ltr'><strong><em>ta-</em></strong></span> 
     </span>
     <span class='ocr_line' id='line_1_53' title="bbox 577 5095 2509 5178; baseline 0.001 -19"><span class='ocrx_word' id='word_1_389' title='bbox 577 5116 727 5161; x_wconf 89' lang='lat' dir='ltr'><strong><em>men</em></strong></span> <span class='ocrx_word' id='word_1_390' title='bbox 780 5096 1090 5178; x_wconf 84' lang='lat' dir='ltr'><strong><em>exprimit</em></strong></span> <span class='ocrx_word' id='word_1_391' title='bbox 1132 5095 1384 5173; x_wconf 88' lang='lat' dir='ltr'><strong><em>Moses‚</em></strong></span> <span class='ocrx_word' id='word_1_392' title='bbox 1443 5095 1744 5162; x_wconf 78' lang='lat' dir='ltr'><strong><em>venditos</em></strong></span> <span class='ocrx_word' id='word_1_393' title='bbox 1801 5107 1867 5161; x_wconf 91' lang='lat' dir='ltr'><strong><em>et</em></strong></span> <span class='ocrx_word' id='word_1_394' title='bbox 1925 5095 2214 5164; x_wconf 87' lang='lat' dir='ltr'><strong><em>addictos</em></strong></span> <span class='ocrx_word' id='word_1_395' title='bbox 2272 5096 2509 5164; x_wconf 85' lang='lat' dir='ltr'><strong><em>fuisse:</em></strong></span> 
     </span>
     <span class='ocr_line' id='line_1_54' title="bbox 573 5179 2508 5266; baseline 0.002 -21"><span class='ocrx_word' id='word_1_396' title='bbox 573 5182 730 5262; x_wconf 88' lang='lat' dir='ltr'><strong><em>quia</em></strong></span> <span class='ocrx_word' id='word_1_397' title='bbox 760 5179 946 5246; x_wconf 88' lang='lat' dir='ltr'><strong><em>Deus</em></strong></span> <span class='ocrx_word' id='word_1_398' title='bbox 990 5202 1099 5247; x_wconf 91' lang='lat' dir='ltr'><strong><em>eos</em></strong></span> <span class='ocrx_word' id='word_1_399' title='bbox 1140 5180 1447 5265; x_wconf 87' lang='lat' dir='ltr'><strong><em>indignos</em></strong></span> <span class='ocrx_word' id='word_1_400' title='bbox 1490 5201 1610 5246; x_wconf 89' lang='lat' dir='ltr'><strong><em>suo</em></strong></span> <span class='ocrx_word' id='word_1_401' title='bbox 1653 5182 1898 5247; x_wconf 91' lang='lat' dir='ltr'><strong><em>auxilio</em></strong></span> <span class='ocrx_word' id='word_1_402' title='bbox 1941 5182 2134 5249; x_wconf 89' lang='lat' dir='ltr'><strong><em>toties</em></strong></span> <span class='ocrx_word' id='word_1_403' title='bbox 2178 5193 2508 5266; x_wconf 86' lang='lat' dir='ltr'><strong><em>expertus,</em></strong></span> 
     </span>
     <span class='ocr_line' id='line_1_55' title="bbox 575 5265 2507 5353; baseline 0.002 -23"><span class='ocrx_word' id='word_1_404' title='bbox 575 5286 703 5331; x_wconf 89' lang='lat' dir='ltr'><strong><em>non</em></strong></span> <span class='ocrx_word' id='word_1_405' title='bbox 743 5274 997 5331; x_wconf 89' lang='lat' dir='ltr'><strong><em>tantum</em></strong></span> <span class='ocrx_word' id='word_1_406' title='bbox 1041 5266 1355 5342; x_wconf 88' lang='lat' dir='ltr'><strong><em>deseruit,</em></strong></span> <span class='ocrx_word' id='word_1_407' title='bbox 1401 5265 1516 5332; x_wconf 89' lang='lat' dir='ltr'><strong><em>sed</em></strong></span> <span class='ocrx_word' id='word_1_408' title='bbox 1557 5267 1832 5335; x_wconf 88' lang='lat' dir='ltr'><strong><em>subiecit</em></strong></span> <span class='ocrx_word' id='word_1_409' title='bbox 1874 5287 1985 5334; x_wconf 91' lang='lat' dir='ltr'><strong><em>eos</em></strong></span> <span class='ocrx_word' id='word_1_410' title='bbox 2028 5266 2315 5351; x_wconf 83' lang='lat' dir='ltr'><strong><em>profanis</em></strong></span> <span class='ocrx_word' id='word_1_411' title='bbox 2356 5289 2507 5353; x_wconf 87' lang='lat' dir='ltr'><strong><em>gen-</em></strong></span> 
     </span>
     <span class='ocr_line' id='line_1_56' title="bbox 574 5351 2512 5437; baseline 0.002 -21"><span class='ocrx_word' id='word_1_412' title='bbox 574 5351 765 5427; x_wconf 89' lang='lat' dir='ltr'><strong><em>tibus,</em></strong></span> <span class='ocrx_word' id='word_1_413' title='bbox 812 5359 877 5416; x_wconf 92' lang='lat' dir='ltr'><strong><em>et</em></strong></span> <span class='ocrx_word' id='word_1_414' title='bbox 919 5351 1386 5435; x_wconf 90' lang='lat' dir='ltr'><strong><em>quodammodo</em></strong></span> <span class='ocrx_word' id='word_1_415' title='bbox 1429 5353 1846 5437; x_wconf 82' lang='lat' dir='ltr'><strong><em>mancipavit.</em></strong></span> <span class='ocrx_word' id='word_1_416' title='bbox 1938 5354 2122 5420; x_wconf 89' lang='lat' dir='ltr'><strong><em>Haec</em></strong></span> <span class='ocrx_word' id='word_1_417' title='bbox 2164 5357 2512 5421; x_wconf 90' lang='lat' dir='ltr'><strong><em>commina-</em></strong></span> 
     </span>
    </p>
   </div>
   <div class='ocr_carea' id='block_1_4' title="bbox 2563 676 2578 5438">
    <p class='ocr_par' dir='ltr' id='par_1_5' title="bbox 2563 676 2578 5438">
     <span class='ocr_line' id='line_1_57' title="bbox 2563 676 2578 5438; baseline 0 0"><span class='ocrx_word' id='word_1_418' title='bbox 2563 676 2578 5438; x_wconf 95' lang='lat' dir='ltr'><strong><em> </em></strong></span> 
     </span>
    </p>
   </div>
   <div class='ocr_carea' id='block_1_5' title="bbox 2610 638 4576 5444">
    <p class='ocr_par' dir='ltr' id='par_1_6' title="bbox 2610 638 4568 3706">
     <span class='ocr_line' id='line_1_58' title="bbox 2610 638 4562 727; baseline -0.001 -20"><span class='ocrx_word' id='word_1_419' title='bbox 2610 640 2700 707; x_wconf 87' lang='lat' dir='ltr'><strong><em>tio</em></strong></span> <span class='ocrx_word' id='word_1_420' title='bbox 2755 661 2950 724; x_wconf 88' lang='lat' dir='ltr'><strong><em>saepe</em></strong></span> <span class='ocrx_word' id='word_1_421' title='bbox 2986 661 3026 706; x_wconf 90' lang='lat' dir='ltr'><strong><em>a</em></strong></span> <span class='ocrx_word' id='word_1_422' title='bbox 3081 639 3417 725; x_wconf 88' lang='lat' dir='ltr'><strong><em>prophetis</em></strong></span> <span class='ocrx_word' id='word_1_423' title='bbox 3475 640 3810 725; x_wconf 86' lang='lat' dir='ltr'><strong><em>repetitur.</em></strong></span> <span class='ocrx_word' id='word_1_424' title='bbox 3900 639 3993 704; x_wconf 87' lang='lat' dir='ltr'><strong><em>Et</em></strong></span> <span class='ocrx_word' id='word_1_425' title='bbox 4035 639 4242 706; x_wconf 81' lang='lat' dir='ltr'><strong><em>Isaiae</em></strong></span> <span class='ocrx_word' id='word_1_426' title='bbox 4286 638 4396 727; x_wconf 82' lang='grc'><strong><em>(52</em></strong></span> <span class='ocrx_word' id='word_1_427' title='bbox 4412 690 4427 718; x_wconf 88' lang='grc'><em>,</em></span> <span class='ocrx_word' id='word_1_428' title='bbox 4486 639 4562 726; x_wconf 88' lang='grc'><strong><em>3)</em></strong></span> 
     </span>
     <span class='ocr_line' id='line_1_59' title="bbox 2610 723 4559 811; baseline -0.002 -18"><span class='ocrx_word' id='word_1_429' title='bbox 2610 747 2794 811; x_wconf 90' lang='lat' dir='ltr'><strong><em>spem</em></strong></span> <span class='ocrx_word' id='word_1_430' title='bbox 2836 725 3237 792; x_wconf 90' lang='lat' dir='ltr'><strong><em>liberationis</em></strong></span> <span class='ocrx_word' id='word_1_431' title='bbox 3282 726 3493 793; x_wconf 88' lang='lat' dir='ltr'><strong><em>facere</em></strong></span> <span class='ocrx_word' id='word_1_432' title='bbox 3534 726 3787 805; x_wconf 76' lang='lat' dir='ltr'><strong><em>volens,</em></strong></span> <span class='ocrx_word' id='word_1_433' title='bbox 3833 723 4050 791; x_wconf 89' lang='lat' dir='ltr'><strong><em>Deum</em></strong></span> <span class='ocrx_word' id='word_1_434' title='bbox 4095 724 4314 809; x_wconf 88' lang='lat' dir='ltr'><strong><em>populi</em></strong></span> <span class='ocrx_word' id='word_1_435' title='bbox 4358 745 4559 809; x_wconf 88' lang='lat' dir='ltr'><strong><em>quem</em></strong></span> 
     </span>
     <span class='ocr_line' id='line_1_60' title="bbox 2610 810 4555 896; baseline 0 -18"><span class='ocrx_word' id='word_1_436' title='bbox 2610 810 2924 891; x_wconf 83' lang='lat' dir='ltr'><strong><em>vendidit,</em></strong></span> <span class='ocrx_word' id='word_1_437' title='bbox 2990 811 3466 896; x_wconf 86' lang='lat' dir='ltr'><strong><em>redemptorem</em></strong></span> <span class='ocrx_word' id='word_1_438' title='bbox 3529 813 3668 877; x_wconf 90' lang='lat' dir='ltr'><strong><em>fore</em></strong></span> <span class='ocrx_word' id='word_1_439' title='bbox 3732 810 3935 877; x_wconf 91' lang='lat' dir='ltr'><strong><em>docet.</em></strong></span> <span class='ocrx_word' id='word_1_440' title='bbox 4023 811 4371 878; x_wconf 80' lang='lat' dir='ltr'><strong><em>Caeterum</em></strong></span> <span class='ocrx_word' id='word_1_441' title='bbox 4388 862 4406 891; x_wconf 88' lang='lat'>‚</span> <span class='ocrx_word' id='word_1_442' title='bbox 4466 832 4555 878; x_wconf 90' lang='lat' dir='ltr'><strong><em>ne</em></strong></span> 
     </span>
     <span class='ocr_line' id='line_1_61' title="bbox 2610 897 4560 981; baseline 0 -17"><span class='ocrx_word' id='word_1_443' title='bbox 2610 899 2936 981; x_wconf 87' lang='lat' dir='ltr'><strong><em>exciperet</em></strong></span> <span class='ocrx_word' id='word_1_444' title='bbox 2992 898 3315 981; x_wconf 90' lang='lat' dir='ltr'><strong><em>quispiam</em></strong></span> <span class='ocrx_word' id='word_1_445' title='bbox 3369 917 3502 962; x_wconf 89' lang='lat' dir='ltr'><strong><em>non</em></strong></span> <span class='ocrx_word' id='word_1_446' title='bbox 3567 917 3709 963; x_wconf 88' lang='lat' dir='ltr'><strong><em>esse</em></strong></span> <span class='ocrx_word' id='word_1_447' title='bbox 3771 897 4013 962; x_wconf 90' lang='lat' dir='ltr'><strong><em>mirum</em></strong></span> <span class='ocrx_word' id='word_1_448' title='bbox 4072 897 4130 963; x_wconf 89' lang='lat' dir='ltr'><strong><em>si</em></strong></span> <span class='ocrx_word' id='word_1_449' title='bbox 4190 897 4560 964; x_wconf 90' lang='lat' dir='ltr'><strong><em>communis</em></strong></span> 
     </span>
     <span class='ocr_line' id='line_1_62' title="bbox 2613 982 4558 1069; baseline -0.001 -20"><span class='ocrx_word' id='word_1_450' title='bbox 2613 982 2927 1049; x_wconf 89' lang='lat' dir='ltr'><strong><em>bellorum</em></strong></span> <span class='ocrx_word' id='word_1_451' title='bbox 2972 983 3116 1048; x_wconf 90' lang='lat' dir='ltr'><strong><em>alea</em></strong></span> <span class='ocrx_word' id='word_1_452' title='bbox 3158 983 3496 1050; x_wconf 79' lang='lat' dir='ltr'><strong><em>victoriam</em></strong></span> <span class='ocrx_word' id='word_1_453' title='bbox 3556 984 3686 1048; x_wconf 87' lang='lat' dir='ltr'><strong><em>alio</em></strong></span> <span class='ocrx_word' id='word_1_454' title='bbox 3750 983 4169 1063; x_wconf 84' lang='lat' dir='ltr'><strong><em>transferret,</em></strong></span> <span class='ocrx_word' id='word_1_455' title='bbox 4232 1002 4400 1067; x_wconf 89' lang='lat' dir='ltr'><strong><em>quae</em></strong></span> <span class='ocrx_word' id='word_1_456' title='bbox 4453 982 4558 1069; x_wconf 86' lang='lat' dir='ltr'><strong><em>(ut</em></strong></span> 
     </span>
     <span class='ocr_line' id='line_1_63' title="bbox 2610 1067 4559 1154; baseline -0.001 -19"><span class='ocrx_word' id='word_1_457' title='bbox 2610 1068 2901 1152; x_wconf 90' lang='lat' dir='ltr'><strong><em>loquitur</em></strong></span> <span class='ocrx_word' id='word_1_458' title='bbox 2944 1069 3255 1152; x_wconf 88' lang='lat' dir='ltr'><strong><em>profanus</em></strong></span> <span class='ocrx_word' id='word_1_459' title='bbox 3277 1067 3492 1154; x_wconf 89' lang='lat' dir='ltr'><strong><em>poeta)</em></strong></span> <span class='ocrx_word' id='word_1_460' title='bbox 3538 1067 3751 1134; x_wconf 89' lang='lat' dir='ltr'><strong><em>dubiis</em></strong></span> <span class='ocrx_word' id='word_1_461' title='bbox 3792 1068 3967 1134; x_wconf 90' lang='lat' dir='ltr'><strong><em>inter</em></strong></span> <span class='ocrx_word' id='word_1_462' title='bbox 4010 1080 4363 1152; x_wconf 87' lang='lat' dir='ltr'><strong><em>utrumque</em></strong></span> <span class='ocrx_word' id='word_1_463' title='bbox 4398 1088 4559 1152; x_wconf 88' lang='lat' dir='ltr'><strong><em>pen·</em></strong></span> 
     </span>
     <span class='ocr_line' id='line_1_64' title="bbox 2613 1153 4557 1234; baseline -0.001 -15"><span class='ocrx_word' id='word_1_464' title='bbox 2613 1154 2718 1219; x_wconf 89' lang='lat' dir='ltr'><strong><em>nis</em></strong></span> <span class='ocrx_word' id='word_1_465' title='bbox 2774 1154 2953 1219; x_wconf 83' lang='lat' dir='ltr'><strong><em>volat</em></strong></span> <span class='ocrx_word' id='word_1_466' title='bbox 2969 1205 2986 1234; x_wconf 92' lang='lat'><strong><em>,</em></strong></span> <span class='ocrx_word' id='word_1_467' title='bbox 3052 1161 3333 1221; x_wconf 89' lang='lat' dir='ltr'><strong><em>occurrit</em></strong></span> <span class='ocrx_word' id='word_1_468' title='bbox 3387 1155 3639 1234; x_wconf 86' lang='lat' dir='ltr'><strong><em>Moses,</em></strong></span> <span class='ocrx_word' id='word_1_469' title='bbox 3698 1153 3825 1220; x_wconf 90' lang='lat' dir='ltr'><strong><em>nisi</em></strong></span> <span class='ocrx_word' id='word_1_470' title='bbox 3867 1153 3996 1219; x_wconf 92' lang='lat' dir='ltr'><strong><em>Dei</em></strong></span> <span class='ocrx_word' id='word_1_471' title='bbox 4050 1154 4294 1220; x_wconf 87' lang='lat' dir='ltr'><strong><em>auxilio</em></strong></span> <span class='ocrx_word' id='word_1_472' title='bbox 4354 1154 4557 1221; x_wconf 87' lang='lat' dir='ltr'><strong><em>desti-</em></strong></span> 
     </span>
     <span class='ocr_line' id='line_1_65' title="bbox 2613 1238 4558 1325; baseline -0.001 -20"><span class='ocrx_word' id='word_1_473' title='bbox 2613 1248 2905 1306; x_wconf 89' lang='lat' dir='ltr'><strong><em>tueretur</em></strong></span> <span class='ocrx_word' id='word_1_474' title='bbox 2947 1242 3241 1325; x_wconf 88' lang='lat' dir='ltr'><strong><em>populus,</em></strong></span> <span class='ocrx_word' id='word_1_475' title='bbox 3290 1241 3433 1306; x_wconf 90' lang='lat' dir='ltr'><strong><em>fieri</em></strong></span> <span class='ocrx_word' id='word_1_476' title='bbox 3476 1261 3608 1305; x_wconf 92' lang='lat' dir='ltr'><strong><em>non</em></strong></span> <span class='ocrx_word' id='word_1_477' title='bbox 3652 1259 3838 1323; x_wconf 87' lang='lat' dir='ltr'><strong><em>posse</em></strong></span> <span class='ocrx_word' id='word_1_478' title='bbox 3886 1247 3960 1305; x_wconf 88' lang='lat' dir='ltr'><strong><em>ut</em></strong></span> <span class='ocrx_word' id='word_1_479' title='bbox 4007 1238 4354 1306; x_wconf 87' lang='lat' dir='ltr'><strong><em>infeliciter</em></strong></span> <span class='ocrx_word' id='word_1_480' title='bbox 4394 1261 4558 1325; x_wconf 84' lang='lat' dir='ltr'><strong><em>pug-</em></strong></span> 
     </span>
     <span class='ocr_line' id='line_1_66' title="bbox 2616 1323 4557 1410; baseline 0 -20"><span class='ocrx_word' id='word_1_481' title='bbox 2616 1334 2867 1390; x_wconf 87' lang='lat' dir='ltr'><strong><em>narent.</em></strong></span> <span class='ocrx_word' id='word_1_482' title='bbox 2957 1325 3408 1409; x_wconf 90' lang='lat' dir='ltr'><strong><em>Interponitur</em></strong></span> <span class='ocrx_word' id='word_1_483' title='bbox 3484 1345 3641 1410; x_wconf 91' lang='lat' dir='ltr'><strong><em>ergo</em></strong></span> <span class='ocrx_word' id='word_1_484' title='bbox 3704 1325 3851 1390; x_wconf 76' lang='lat' dir='ltr'><strong><em>veri</em></strong></span> <span class='ocrx_word' id='word_1_485' title='bbox 3915 1323 4043 1391; x_wconf 92' lang='lat' dir='ltr'><strong><em>Dei</em></strong></span> <span class='ocrx_word' id='word_1_486' title='bbox 4110 1333 4178 1390; x_wconf 90' lang='lat' dir='ltr'><strong><em>et</em></strong></span> <span class='ocrx_word' id='word_1_487' title='bbox 4240 1325 4557 1392; x_wconf 87' lang='lat' dir='ltr'><strong><em>falsorum</em></strong></span> 
     </span>
     <span class='ocr_line' id='line_1_67' title="bbox 2614 1409 4563 1494; baseline 0.001 -17"><span class='ocrx_word' id='word_1_488' title='bbox 2614 1412 3008 1494; x_wconf 88' lang='lat' dir='ltr'><strong><em>comparatio</em></strong></span> <span class='ocrx_word' id='word_1_489' title='bbox 3025 1459 3041 1490; x_wconf 94' lang='lat'><strong><em>,</em></strong></span> <span class='ocrx_word' id='word_1_490' title='bbox 3100 1432 3175 1478; x_wconf 91' lang='lat' dir='ltr'><strong><em>ac</em></strong></span> <span class='ocrx_word' id='word_1_491' title='bbox 3217 1412 3273 1478; x_wconf 91' lang='lat' dir='ltr'><strong><em>si</em></strong></span> <span class='ocrx_word' id='word_1_492' title='bbox 3317 1412 3558 1478; x_wconf 90' lang='lat' dir='ltr'><strong><em>diceret</em></strong></span> <span class='ocrx_word' id='word_1_493' title='bbox 3599 1410 3818 1477; x_wconf 85' lang='lat' dir='ltr'><strong><em>Moses</em></strong></span> <span class='ocrx_word' id='word_1_494' title='bbox 3834 1461 3850 1491; x_wconf 93' lang='lat'><strong><em>,</em></strong></span> <span class='ocrx_word' id='word_1_495' title='bbox 3908 1409 4023 1477; x_wconf 89' lang='lat' dir='ltr'><strong><em>ubi</em></strong></span> <span class='ocrx_word' id='word_1_496' title='bbox 4070 1419 4331 1493; x_wconf 90' lang='lat' dir='ltr'><strong><em>praeest</em></strong></span> <span class='ocrx_word' id='word_1_497' title='bbox 4369 1412 4563 1478; x_wconf 88' lang='lat' dir='ltr'><strong><em>Deus</em></strong></span> 
     </span>
     <span class='ocr_line' id='line_1_68' title="bbox 2617 1496 4559 1581; baseline 0 -20"><span class='ocrx_word' id='word_1_498' title='bbox 2617 1498 3051 1576; x_wconf 87' lang='lat' dir='ltr'><strong><em>exercituum,</em></strong></span> <span class='ocrx_word' id='word_1_499' title='bbox 3098 1518 3432 1581; x_wconf 89' lang='lat' dir='ltr'><strong><em>nunquam</em></strong></span> <span class='ocrx_word' id='word_1_500' title='bbox 3477 1517 3552 1561; x_wconf 91' lang='lat' dir='ltr'><strong><em>eo</em></strong></span> <span class='ocrx_word' id='word_1_501' title='bbox 3589 1496 3752 1562; x_wconf 90' lang='lat' dir='ltr'><strong><em>duce</em></strong></span> <span class='ocrx_word' id='word_1_502' title='bbox 3793 1496 4117 1561; x_wconf 89' lang='lat' dir='ltr'><strong><em>incertum</em></strong></span> <span class='ocrx_word' id='word_1_503' title='bbox 4159 1496 4311 1561; x_wconf 91' lang='lat' dir='ltr'><strong><em>belli</em></strong></span> <span class='ocrx_word' id='word_1_504' title='bbox 4353 1518 4559 1563; x_wconf 78' lang='lat' dir='ltr'><strong><em>even-</em></strong></span> 
     </span>
     <span class='ocr_line' id='line_1_69' title="bbox 2617 1582 4559 1667; baseline 0.001 -21"><span class='ocrx_word' id='word_1_505' title='bbox 2617 1589 2756 1646; x_wconf 89' lang='lat' dir='ltr'><strong><em>tum</em></strong></span> <span class='ocrx_word' id='word_1_506' title='bbox 2820 1583 2975 1647; x_wconf 93' lang='lat' dir='ltr'><strong><em>fore.</em></strong></span> <span class='ocrx_word' id='word_1_507' title='bbox 3085 1583 3280 1650; x_wconf 88' lang='lat' dir='ltr'><strong><em>Unde</em></strong></span> <span class='ocrx_word' id='word_1_508' title='bbox 3344 1582 3666 1667; x_wconf 88' lang='lat' dir='ltr'><strong><em>sequitur,</em></strong></span> <span class='ocrx_word' id='word_1_509' title='bbox 3747 1601 3788 1646; x_wconf 88' lang='lat' dir='ltr'><strong><em>a</em></strong></span> <span class='ocrx_word' id='word_1_510' title='bbox 3850 1582 4179 1646; x_wconf 83' lang='lat' dir='ltr'><strong><em>communi</em></strong></span> <span class='ocrx_word' id='word_1_511' title='bbox 4258 1584 4559 1665; x_wconf 89' lang='lat' dir='ltr'><strong><em>gentium</em></strong></span> 
     </span>
     <span class='ocr_line' id='line_1_70' title="bbox 2619 1667 4555 1751; baseline 0.001 -19"><span class='ocrx_word' id='word_1_512' title='bbox 2619 1677 2794 1733; x_wconf 90' lang='lat' dir='ltr'><strong><em>sorte</em></strong></span> <span class='ocrx_word' id='word_1_513' title='bbox 2858 1668 3060 1732; x_wconf 87' lang='lat' dir='ltr'><strong><em>eximi</em></strong></span> <span class='ocrx_word' id='word_1_514' title='bbox 3130 1668 3411 1735; x_wconf 89' lang='lat' dir='ltr'><strong><em>electum</em></strong></span> <span class='ocrx_word' id='word_1_515' title='bbox 3478 1677 3545 1733; x_wconf 89' lang='lat' dir='ltr'><strong><em>et</em></strong></span> <span class='ocrx_word' id='word_1_516' title='bbox 3600 1667 3988 1751; x_wconf 89' lang='lat' dir='ltr'><strong><em>peculiarem</em></strong></span> <span class='ocrx_word' id='word_1_517' title='bbox 4044 1668 4174 1732; x_wconf 90' lang='lat' dir='ltr'><strong><em>Dei</em></strong></span> <span class='ocrx_word' id='word_1_518' title='bbox 4237 1669 4555 1751; x_wconf 87' lang='lat' dir='ltr'><strong><em>populum</em></strong></span> 
     </span>
     <span class='ocr_line' id='line_1_71' title="bbox 2619 1752 4558 1838; baseline 0.002 -21"><span class='ocrx_word' id='word_1_519' title='bbox 2619 1753 2747 1818; x_wconf 90' lang='lat' dir='ltr'><strong><em>nisi</em></strong></span> <span class='ocrx_word' id='word_1_520' title='bbox 2792 1761 3111 1837; x_wconf 87' lang='lat' dir='ltr'><strong><em>quatenus</em></strong></span> <span class='ocrx_word' id='word_1_521' title='bbox 3153 1774 3272 1820; x_wconf 88' lang='lat' dir='ltr'><strong><em>sua</em></strong></span> <span class='ocrx_word' id='word_1_522' title='bbox 3304 1752 3775 1838; x_wconf 81' lang='lat' dir='ltr'><strong><em>ingratitudine</em></strong></span> <span class='ocrx_word' id='word_1_523' title='bbox 3809 1752 3992 1818; x_wconf 88' lang='lat' dir='ltr'><strong><em>reiici</em></strong></span> <span class='ocrx_word' id='word_1_524' title='bbox 4028 1760 4331 1820; x_wconf 85' lang='lat' dir='ltr'><strong><em>meretur.</em></strong></span> <span class='ocrx_word' id='word_1_525' title='bbox 4388 1755 4558 1821; x_wconf 85' lang='lat' dir='ltr'><strong><em>Eius</em></strong></span> 
     </span>
     <span class='ocr_line' id='line_1_72' title="bbox 2621 1837 4562 1923; baseline 0.001 -19"><span class='ocrx_word' id='word_1_526' title='bbox 2621 1839 2716 1904; x_wconf 90' lang='lat' dir='ltr'><strong><em>rei</em></strong></span> <span class='ocrx_word' id='word_1_527' title='bbox 2759 1847 2963 1905; x_wconf 86' lang='lat' dir='ltr'><strong><em>testes</em></strong></span> <span class='ocrx_word' id='word_1_528' title='bbox 3008 1849 3201 1923; x_wconf 89' lang='lat' dir='ltr'><strong><em>atque</em></strong></span> <span class='ocrx_word' id='word_1_529' title='bbox 3245 1841 3526 1907; x_wconf 89' lang='lat' dir='ltr'><strong><em>arbitros</em></strong></span> <span class='ocrx_word' id='word_1_530' title='bbox 3567 1839 3725 1904; x_wconf 84' lang='lat' dir='ltr'><strong><em>facit</em></strong></span> <span class='ocrx_word' id='word_1_531' title='bbox 3765 1837 4168 1918; x_wconf 90' lang='lat' dir='ltr'><strong><em>incredulos,</em></strong></span> <span class='ocrx_word' id='word_1_532' title='bbox 4211 1841 4321 1922; x_wconf 90' lang='lat' dir='ltr'><strong><em>qui</em></strong></span> <span class='ocrx_word' id='word_1_533' title='bbox 4362 1859 4562 1923; x_wconf 86' lang='lat' dir='ltr'><strong><em>saepe</em></strong></span> 
     </span>
     <span class='ocr_line' id='line_1_73' title="bbox 2620 1924 4561 2007; baseline 0.002 -19"><span class='ocrx_word' id='word_1_534' title='bbox 2620 1924 2872 2007; x_wconf 90' lang='lat' dir='ltr'><strong><em>experti</em></strong></span> <span class='ocrx_word' id='word_1_535' title='bbox 2927 1924 3397 1991; x_wconf 87' lang='lat' dir='ltr'><strong><em>formidabilem</em></strong></span> <span class='ocrx_word' id='word_1_536' title='bbox 3446 1925 3570 1991; x_wconf 92' lang='lat' dir='ltr'><strong><em>Dei</em></strong></span> <span class='ocrx_word' id='word_1_537' title='bbox 3613 1924 3969 2007; x_wconf 87' lang='lat' dir='ltr'><strong><em>potentiam</em></strong></span> <span class='ocrx_word' id='word_1_538' title='bbox 3986 1974 4001 2002; x_wconf 92' lang='lat'><strong><em>,</em></strong></span> <span class='ocrx_word' id='word_1_539' title='bbox 4045 1935 4222 1990; x_wconf 87' lang='lat' dir='ltr'><strong><em>certo</em></strong></span> <span class='ocrx_word' id='word_1_540' title='bbox 4264 1926 4561 1991; x_wconf 90' lang='lat' dir='ltr'><strong><em>sciebant</em></strong></span> 
     </span>
     <span class='ocr_line' id='line_1_74' title="bbox 2621 2009 4562 2077; baseline 0.001 -3"><span class='ocrx_word' id='word_1_541' title='bbox 2621 2009 2842 2074; x_wconf 91' lang='lat' dir='ltr'><strong><em>Deum</em></strong></span> <span class='ocrx_word' id='word_1_542' title='bbox 2888 2009 3154 2076; x_wconf 87' lang='lat' dir='ltr'><strong><em>Israelis</em></strong></span> <span class='ocrx_word' id='word_1_543' title='bbox 3199 2012 3335 2077; x_wconf 87' lang='lat' dir='ltr'><strong><em>suis</em></strong></span> <span class='ocrx_word' id='word_1_544' title='bbox 3378 2010 3569 2077; x_wconf 90' lang='lat' dir='ltr'><strong><em>idolis</em></strong></span> <span class='ocrx_word' id='word_1_545' title='bbox 3613 2030 3754 2075; x_wconf 89' lang='lat' dir='ltr'><strong><em>esse</em></strong></span> <span class='ocrx_word' id='word_1_546' title='bbox 3800 2009 4199 2075; x_wconf 90' lang='lat' dir='ltr'><strong><em>dissimilem.</em></strong></span> <span class='ocrx_word' id='word_1_547' title='bbox 4271 2011 4562 2076; x_wconf 89' lang='lat' dir='ltr'><strong><em>Perinde</em></strong></span> 
     </span>
     <span class='ocr_line' id='line_1_75' title="bbox 2621 2095 4563 2180; baseline 0.001 -21"><span class='ocrx_word' id='word_1_548' title='bbox 2621 2095 2822 2180; x_wconf 89' lang='lat' dir='ltr'><strong><em>igitur</em></strong></span> <span class='ocrx_word' id='word_1_549' title='bbox 2864 2104 2966 2161; x_wconf 88' lang='lat' dir='ltr'><strong><em>est</em></strong></span> <span class='ocrx_word' id='word_1_550' title='bbox 3008 2116 3082 2161; x_wconf 87' lang='lat' dir='ltr'><strong><em>ac</em></strong></span> <span class='ocrx_word' id='word_1_551' title='bbox 3125 2097 3181 2162; x_wconf 91' lang='lat' dir='ltr'><strong><em>si</em></strong></span> <span class='ocrx_word' id='word_1_552' title='bbox 3242 2097 3451 2164; x_wconf 88' lang='lat' dir='ltr'><strong><em>caecis</em></strong></span> <span class='ocrx_word' id='word_1_553' title='bbox 3509 2097 3756 2162; x_wconf 91' lang='lat' dir='ltr'><strong><em>diceret</em></strong></span> <span class='ocrx_word' id='word_1_554' title='bbox 3796 2095 3863 2160; x_wconf 93' lang='lat' dir='ltr'><strong><em>id</em></strong></span> <span class='ocrx_word' id='word_1_555' title='bbox 3921 2116 4064 2162; x_wconf 89' lang='lat' dir='ltr'><strong><em>esse</em></strong></span> <span class='ocrx_word' id='word_1_556' title='bbox 4119 2097 4563 2179; x_wconf 88' lang='lat' dir='ltr'><strong><em>conspicuum,</em></strong></span> 
     </span>
     <span class='ocr_line' id='line_1_76' title="bbox 2621 2179 4565 2266; baseline -0.001 -19"><span class='ocrx_word' id='word_1_557' title='bbox 2621 2181 2728 2247; x_wconf 85' lang='lat' dir='ltr'><strong><em>vel</em></strong></span> <span class='ocrx_word' id='word_1_558' title='bbox 2785 2189 2982 2247; x_wconf 90' lang='lat' dir='ltr'><strong><em>testes</em></strong></span> <span class='ocrx_word' id='word_1_559' title='bbox 3040 2183 3271 2248; x_wconf 88' lang='lat' dir='ltr'><strong><em>citaret</em></strong></span> <span class='ocrx_word' id='word_1_560' title='bbox 3329 2203 3440 2248; x_wconf 91' lang='lat' dir='ltr'><strong><em>eos</em></strong></span> <span class='ocrx_word' id='word_1_561' title='bbox 3484 2183 3595 2266; x_wconf 91' lang='lat' dir='ltr'><strong><em>qui</em></strong></span> <span class='ocrx_word' id='word_1_562' title='bbox 3652 2180 3835 2246; x_wconf 89' lang='lat' dir='ltr'><strong><em>nulla</em></strong></span> <span class='ocrx_word' id='word_1_563' title='bbox 3887 2179 4152 2246; x_wconf 88' lang='lat' dir='ltr'><strong><em>coelesti</em></strong></span> <span class='ocrx_word' id='word_1_564' title='bbox 4208 2182 4351 2249; x_wconf 91' lang='lat' dir='ltr'><strong><em>luce</em></strong></span> <span class='ocrx_word' id='word_1_565' title='bbox 4405 2192 4565 2248; x_wconf 83' lang='lat' dir='ltr'><strong><em>sunt</em></strong></span> 
     </span>
     <span class='ocr_line' id='line_1_77' title="bbox 2619 2265 4564 2352; baseline 0.001 -21"><span class='ocrx_word' id='word_1_566' title='bbox 2619 2266 2914 2352; x_wconf 87' lang='lat' dir='ltr'><strong><em>praediti.</em></strong></span> <span class='ocrx_word' id='word_1_567' title='bbox 3002 2267 3210 2334; x_wconf 86' lang='lat' dir='ltr'><strong><em>Porro</em></strong></span> <span class='ocrx_word' id='word_1_568' title='bbox 3287 2268 3599 2333; x_wconf 91' lang='lat' dir='ltr'><strong><em>iudicium</em></strong></span> <span class='ocrx_word' id='word_1_569' title='bbox 3680 2265 3891 2331; x_wconf 91' lang='lat' dir='ltr'><strong><em>defert</em></strong></span> <span class='ocrx_word' id='word_1_570' title='bbox 3964 2267 4349 2333; x_wconf 86' lang='lat' dir='ltr'><strong><em>incredulis:</em></strong></span> <span class='ocrx_word' id='word_1_571' title='bbox 4426 2287 4564 2333; x_wconf 89' lang='lat' dir='ltr'><strong><em>non</em></strong></span> 
     </span>
     <span class='ocr_line' id='line_1_78' title="bbox 2620 2351 4564 2438; baseline 0 -21"><span class='ocrx_word' id='word_1_572' title='bbox 2620 2353 2807 2436; x_wconf 90' lang='lat' dir='ltr'><strong><em>quasi</em></strong></span> <span class='ocrx_word' id='word_1_573' title='bbox 2849 2354 3345 2436; x_wconf 90' lang='lat' dir='ltr'><strong><em>pronunciaturi</em></strong></span> <span class='ocrx_word' id='word_1_574' title='bbox 3387 2354 3522 2419; x_wconf 90' lang='lat' dir='ltr'><strong><em>sint</em></strong></span> <span class='ocrx_word' id='word_1_575' title='bbox 3563 2351 3734 2438; x_wconf 89' lang='lat' dir='ltr'><strong><em>quod</em></strong></span> <span class='ocrx_word' id='word_1_576' title='bbox 3775 2373 4005 2418; x_wconf 85' lang='lat' dir='ltr'><strong><em>verum</em></strong></span> <span class='ocrx_word' id='word_1_577' title='bbox 4048 2360 4148 2418; x_wconf 90' lang='lat' dir='ltr'><strong><em>est</em></strong></span> <span class='ocrx_word' id='word_1_578' title='bbox 4191 2361 4257 2419; x_wconf 90' lang='lat' dir='ltr'><strong><em>et</em></strong></span> <span class='ocrx_word' id='word_1_579' title='bbox 4300 2374 4370 2418; x_wconf 91' lang='lat' dir='ltr'><strong><em>re</em></strong></span> <span class='ocrx_word' id='word_1_580' title='bbox 4414 2353 4564 2437; x_wconf 85' lang='lat' dir='ltr'><strong><em>ipsa</em></strong></span> 
     </span>
     <span class='ocr_line' id='line_1_79' title="bbox 2621 2439 4562 2523; baseline 0.002 -20"><span class='ocrx_word' id='word_1_581' title='bbox 2621 2448 3052 2522; x_wconf 88' lang='lat' dir='ltr'><strong><em>compertum,</em></strong></span> <span class='ocrx_word' id='word_1_582' title='bbox 3110 2439 3227 2505; x_wconf 91' lang='lat' dir='ltr'><strong><em>sed</em></strong></span> <span class='ocrx_word' id='word_1_583' title='bbox 3276 2440 3583 2523; x_wconf 91' lang='lat' dir='ltr'><strong><em>quoniam</em></strong></span> <span class='ocrx_word' id='word_1_584' title='bbox 3625 2458 3737 2503; x_wconf 92' lang='lat' dir='ltr'><strong><em>eos</em></strong></span> <span class='ocrx_word' id='word_1_585' title='bbox 3779 2439 4186 2521; x_wconf 90' lang='lat' dir='ltr'><strong><em>experientia</em></strong></span> <span class='ocrx_word' id='word_1_586' title='bbox 4226 2439 4562 2505; x_wconf 80' lang='lat' dir='ltr'><strong><em>convictos</em></strong></span> 
     </span>
     <span class='ocr_line' id='line_1_80' title="bbox 2621 2524 4562 2608; baseline 0.001 -20"><span class='ocrx_word' id='word_1_587' title='bbox 2621 2533 2859 2590; x_wconf 89' lang='lat' dir='ltr'><strong><em>teneat.</em></strong></span> <span class='ocrx_word' id='word_1_588' title='bbox 2949 2525 3180 2608; x_wconf 90' lang='lat' dir='ltr'><strong><em>Neque</em></strong></span> <span class='ocrx_word' id='word_1_589' title='bbox 3237 2526 3410 2591; x_wconf 90' lang='lat' dir='ltr'><strong><em>enim</em></strong></span> <span class='ocrx_word' id='word_1_590' title='bbox 3456 2525 3512 2590; x_wconf 88' lang='lat' dir='ltr'><strong><em>si</em></strong></span> <span class='ocrx_word' id='word_1_591' title='bbox 3557 2526 3703 2608; x_wconf 86' lang='lat' dir='ltr'><strong><em>quis</em></strong></span> <span class='ocrx_word' id='word_1_592' title='bbox 3758 2532 4054 2608; x_wconf 86' lang='lat' dir='ltr'><strong><em>rogasset</em></strong></span> <span class='ocrx_word' id='word_1_593' title='bbox 4094 2524 4398 2607; x_wconf 87' lang='lat' dir='ltr'><strong><em>profanos</em></strong></span> <span class='ocrx_word' id='word_1_594' title='bbox 4441 2525 4562 2589; x_wconf 90' lang='lat' dir='ltr'><strong><em>ho-</em></strong></span> 
     </span>
     <span class='ocr_line' id='line_1_81' title="bbox 2619 2608 4560 2693; baseline 0 -19"><span class='ocrx_word' id='word_1_595' title='bbox 2619 2611 2832 2675; x_wconf 89' lang='lat' dir='ltr'><strong><em>mines</em></strong></span> <span class='ocrx_word' id='word_1_596' title='bbox 2895 2631 2980 2674; x_wconf 90' lang='lat' dir='ltr'><strong><em>an</em></strong></span> <span class='ocrx_word' id='word_1_597' title='bbox 3045 2630 3244 2693; x_wconf 88' lang='lat' dir='ltr'><strong><em>penes</em></strong></span> <span class='ocrx_word' id='word_1_598' title='bbox 3308 2612 3574 2676; x_wconf 90' lang='lat' dir='ltr'><strong><em>unicum</em></strong></span> <span class='ocrx_word' id='word_1_599' title='bbox 3634 2611 3849 2675; x_wconf 91' lang='lat' dir='ltr'><strong><em>Deum</em></strong></span> <span class='ocrx_word' id='word_1_600' title='bbox 3901 2608 4168 2676; x_wconf 88' lang='lat' dir='ltr'><strong><em>Israelis</em></strong></span> <span class='ocrx_word' id='word_1_601' title='bbox 4227 2630 4560 2675; x_wconf 87' lang='lat' dir='ltr'><strong><em>summum</em></strong></span> 
     </span>
     <span class='ocr_line' id='line_1_82' title="bbox 2620 2696 4563 2780; baseline -0.001 -19"><span class='ocrx_word' id='word_1_602' title='bbox 2620 2703 2789 2761; x_wconf 89' lang='lat' dir='ltr'><strong><em>esset</em></strong></span> <span class='ocrx_word' id='word_1_603' title='bbox 2845 2704 3057 2762; x_wconf 89' lang='lat' dir='ltr'><strong><em>terrae</em></strong></span> <span class='ocrx_word' id='word_1_604' title='bbox 3102 2717 3176 2764; x_wconf 93' lang='lat' dir='ltr'><strong><em>ac</em></strong></span> <span class='ocrx_word' id='word_1_605' title='bbox 3219 2697 3378 2763; x_wconf 90' lang='lat' dir='ltr'><strong><em>coeli</em></strong></span> <span class='ocrx_word' id='word_1_606' title='bbox 3427 2696 3774 2780; x_wconf 88' lang='lat' dir='ltr'><strong><em>imperium</em></strong></span> <span class='ocrx_word' id='word_1_607' title='bbox 3809 2704 3872 2760; x_wconf 90' lang='lat' dir='ltr'><strong><em>et</em></strong></span> <span class='ocrx_word' id='word_1_608' title='bbox 3908 2702 4222 2778; x_wconf 89' lang='lat' dir='ltr'><strong><em>potestas,</em></strong></span> <span class='ocrx_word' id='word_1_609' title='bbox 4266 2715 4563 2779; x_wconf 89' lang='lat' dir='ltr'><strong><em>unquam</em></strong></span> 
     </span>
     <span class='ocr_line' id='line_1_83' title="bbox 2619 2781 4562 2849; baseline 0 -4"><span class='ocrx_word' id='word_1_610' title='bbox 2619 2781 2899 2846; x_wconf 86' lang='lat' dir='ltr'><strong><em>confessi</em></strong></span> <span class='ocrx_word' id='word_1_611' title='bbox 2954 2781 3237 2848; x_wconf 89' lang='lat' dir='ltr'><strong><em>fuissent</em></strong></span> <span class='ocrx_word' id='word_1_612' title='bbox 3290 2803 3412 2849; x_wconf 88' lang='lat' dir='ltr'><strong><em>sua</em></strong></span> <span class='ocrx_word' id='word_1_613' title='bbox 3466 2782 3640 2847; x_wconf 86' lang='lat' dir='ltr'><strong><em>idola</em></strong></span> <span class='ocrx_word' id='word_1_614' title='bbox 3695 2800 3939 2846; x_wconf 91' lang='lat' dir='ltr'><strong><em>meram</em></strong></span> <span class='ocrx_word' id='word_1_615' title='bbox 3985 2801 4127 2847; x_wconf 89' lang='lat' dir='ltr'><strong><em>esse</em></strong></span> <span class='ocrx_word' id='word_1_616' title='bbox 4176 2781 4562 2846; x_wconf 84' lang='lat' dir='ltr'><strong><em>vanitatem.</em></strong></span> 
     </span>
     <span class='ocr_line' id='line_1_84' title="bbox 2619 2865 4563 2951; baseline -0.001 -20"><span class='ocrx_word' id='word_1_617' title='bbox 2619 2867 2869 2932; x_wconf 90' lang='lat' dir='ltr'><strong><em>Verum</em></strong></span> <span class='ocrx_word' id='word_1_618' title='bbox 2913 2868 3267 2951; x_wconf 89' lang='lat' dir='ltr'><strong><em>quamlibet</em></strong></span> <span class='ocrx_word' id='word_1_619' title='bbox 3323 2868 3609 2951; x_wconf 85' lang='lat' dir='ltr'><strong><em>maligne</em></strong></span> <span class='ocrx_word' id='word_1_620' title='bbox 3666 2865 4084 2932; x_wconf 89' lang='lat' dir='ltr'><strong><em>detraherent</em></strong></span> <span class='ocrx_word' id='word_1_621' title='bbox 4126 2866 4370 2951; x_wconf 89' lang='lat' dir='ltr'><strong><em>gloriae</em></strong></span> <span class='ocrx_word' id='word_1_622' title='bbox 4409 2865 4563 2945; x_wconf 86' lang='lat' dir='ltr'><strong><em>Dei,</em></strong></span> 
     </span>
     <span class='ocr_line' id='line_1_85' title="bbox 2619 2949 4562 3038; baseline 0 -22"><span class='ocrx_word' id='word_1_623' title='bbox 2619 2973 2752 3026; x_wconf 84' lang='lat' dir='ltr'><strong><em>non</em></strong></span> <span class='ocrx_word' id='word_1_624' title='bbox 2798 2952 3053 3019; x_wconf 86' lang='lat' dir='ltr'><strong><em>dubitat</em></strong></span> <span class='ocrx_word' id='word_1_625' title='bbox 3095 2961 3316 3019; x_wconf 90' lang='lat' dir='ltr'><strong><em>tamen</em></strong></span> <span class='ocrx_word' id='word_1_626' title='bbox 3359 2953 3581 3020; x_wconf 84' lang='lat' dir='ltr'><strong><em>Moses</em></strong></span> <span class='ocrx_word' id='word_1_627' title='bbox 3624 2952 3919 3038; x_wconf 88' lang='lat' dir='ltr'><strong><em>gloriari,</em></strong></span> <span class='ocrx_word' id='word_1_628' title='bbox 3979 2951 4088 3018; x_wconf 83' lang='lat' dir='ltr'><strong><em>vel</em></strong></span> <span class='ocrx_word' id='word_1_629' title='bbox 4131 2953 4288 3036; x_wconf 88' lang='lat' dir='ltr'><strong><em>ipsis</em></strong></span> <span class='ocrx_word' id='word_1_630' title='bbox 4329 2949 4562 3017; x_wconf 83' lang='lat' dir='ltr'><strong><em>iudici-</em></strong></span> 
     </span>
     <span class='ocr_line' id='line_1_86' title="bbox 2620 3037 4564 3122; baseline 0.001 -20"><span class='ocrx_word' id='word_1_631' title='bbox 2620 3037 2756 3116; x_wconf 90' lang='lat' dir='ltr'><strong><em>bus,</em></strong></span> <span class='ocrx_word' id='word_1_632' title='bbox 2801 3038 3147 3122; x_wconf 90' lang='lat' dir='ltr'><strong><em>magnifice</em></strong></span> <span class='ocrx_word' id='word_1_633' title='bbox 3183 3040 3399 3105; x_wconf 91' lang='lat' dir='ltr'><strong><em>Deum</em></strong></span> <span class='ocrx_word' id='word_1_634' title='bbox 3442 3040 3808 3106; x_wconf 89' lang='lat' dir='ltr'><strong><em>exseruisse</em></strong></span> <span class='ocrx_word' id='word_1_635' title='bbox 3851 3038 4164 3104; x_wconf 86' lang='lat' dir='ltr'><strong><em>invictam</em></strong></span> <span class='ocrx_word' id='word_1_636' title='bbox 4206 3058 4394 3105; x_wconf 90' lang='lat' dir='ltr'><strong><em>suam</em></strong></span> <span class='ocrx_word' id='word_1_637' title='bbox 4430 3037 4564 3103; x_wconf 86' lang='lat' dir='ltr'><strong><em>for·</em></strong></span> 
     </span>
     <span class='ocr_line' id='line_1_87' title="bbox 2621 3122 4564 3209; baseline 0.001 -21"><span class='ocrx_word' id='word_1_638' title='bbox 2621 3123 2997 3189; x_wconf 86' lang='lat' dir='ltr'><strong><em>titudinem:</em></strong></span> <span class='ocrx_word' id='word_1_639' title='bbox 3044 3144 3413 3209; x_wconf 89' lang='lat' dir='ltr'><strong><em>quanquam</em></strong></span> <span class='ocrx_word' id='word_1_640' title='bbox 3450 3124 3533 3191; x_wconf 89' lang='lat' dir='ltr'><strong><em>ad</em></strong></span> <span class='ocrx_word' id='word_1_641' title='bbox 3574 3126 3783 3208; x_wconf 86' lang='lat' dir='ltr'><strong><em>ipsam</em></strong></span> <span class='ocrx_word' id='word_1_642' title='bbox 3827 3124 4045 3208; x_wconf 87' lang='lat' dir='ltr'><strong><em>potius</em></strong></span> <span class='ocrx_word' id='word_1_643' title='bbox 4088 3122 4564 3206; x_wconf 87' lang='lat' dir='ltr'><strong><em>experientiam</em></strong></span> 
     </span>
     <span class='ocr_line' id='line_1_88' title="bbox 2617 3210 4566 3293; baseline 0 -18"><span class='ocrx_word' id='word_1_644' title='bbox 2617 3210 2884 3292; x_wconf 88' lang='lat' dir='ltr'><strong><em>respicit</em></strong></span> <span class='ocrx_word' id='word_1_645' title='bbox 2927 3231 3124 3293; x_wconf 87' lang='lat' dir='ltr'><strong><em>quam</em></strong></span> <span class='ocrx_word' id='word_1_646' title='bbox 3168 3211 3250 3276; x_wconf 92' lang='lat' dir='ltr'><strong><em>ad</em></strong></span> <span class='ocrx_word' id='word_1_647' title='bbox 3296 3232 3521 3276; x_wconf 89' lang='lat' dir='ltr'><strong><em>eorum</em></strong></span> <span class='ocrx_word' id='word_1_648' title='bbox 3579 3212 3902 3277; x_wconf 86' lang='lat' dir='ltr'><strong><em>affectum.</em></strong></span> <span class='ocrx_word' id='word_1_649' title='bbox 3991 3210 4127 3275; x_wconf 87' lang='lat' dir='ltr'><strong><em>Alii</em></strong></span> <span class='ocrx_word' id='word_1_650' title='bbox 4168 3210 4566 3293; x_wconf 86' lang='lat' dir='ltr'><strong><em>interpretes</em></strong></span> 
     </span>
     <span class='ocr_line' id='line_1_89' title="bbox 2619 3295 4565 3379; baseline -0.001 -20"><span class='ocrx_word' id='word_1_651' title='bbox 2619 3295 2950 3360; x_wconf 88' lang='lat' dir='ltr'><strong><em>diversum</em></strong></span> <span class='ocrx_word' id='word_1_652' title='bbox 2992 3317 3253 3362; x_wconf 89' lang='lat' dir='ltr'><strong><em>sensum</em></strong></span> <span class='ocrx_word' id='word_1_653' title='bbox 3299 3297 3597 3375; x_wconf 88' lang='lat' dir='ltr'><strong><em>eliciunt,</em></strong></span> <span class='ocrx_word' id='word_1_654' title='bbox 3655 3296 3955 3379; x_wconf 88' lang='lat' dir='ltr'><strong><em>quamvis</em></strong></span> <span class='ocrx_word' id='word_1_655' title='bbox 4011 3296 4380 3378; x_wconf 90' lang='lat' dir='ltr'><strong><em>superiores</em></strong></span> <span class='ocrx_word' id='word_1_656' title='bbox 4423 3295 4565 3360; x_wconf 88' lang='lat' dir='ltr'><strong><em>sint</em></strong></span> 
     </span>
     <span class='ocr_line' id='line_1_90' title="bbox 2617 3379 4567 3466; baseline 0 -21"><span class='ocrx_word' id='word_1_657' title='bbox 2617 3379 2962 3457; x_wconf 88' lang='lat' dir='ltr'><strong><em>increduli,</em></strong></span> <span class='ocrx_word' id='word_1_658' title='bbox 3009 3382 3227 3447; x_wconf 92' lang='lat' dir='ltr'><strong><em>Deum</em></strong></span> <span class='ocrx_word' id='word_1_659' title='bbox 3272 3391 3490 3448; x_wconf 89' lang='lat' dir='ltr'><strong><em>tamen</em></strong></span> <span class='ocrx_word' id='word_1_660' title='bbox 3535 3401 3802 3448; x_wconf 90' lang='lat' dir='ltr'><strong><em>manere</em></strong></span> <span class='ocrx_word' id='word_1_661' title='bbox 3845 3382 4206 3466; x_wconf 87' lang='lat' dir='ltr'><strong><em>integrum:</em></strong></span> <span class='ocrx_word' id='word_1_662' title='bbox 4252 3401 4373 3447; x_wconf 87' lang='lat' dir='ltr'><strong><em>nec</em></strong></span> <span class='ocrx_word' id='word_1_663' title='bbox 4416 3381 4567 3446; x_wconf 86' lang='lat' dir='ltr'><strong><em>bra-</em></strong></span> 
     </span>
     <span class='ocr_line' id='line_1_91' title="bbox 2617 3464 4564 3550; baseline -0.001 -17"><span class='ocrx_word' id='word_1_664' title='bbox 2617 3467 2838 3533; x_wconf 87' lang='lat' dir='ltr'><strong><em>chium</em></strong></span> <span class='ocrx_word' id='word_1_665' title='bbox 2895 3467 3035 3533; x_wconf 91' lang='lat' dir='ltr'><strong><em>eius</em></strong></span> <span class='ocrx_word' id='word_1_666' title='bbox 3077 3467 3223 3534; x_wconf 89' lang='lat' dir='ltr'><strong><em>ideo</em></strong></span> <span class='ocrx_word' id='word_1_667' title='bbox 3278 3469 3557 3535; x_wconf 86' lang='lat' dir='ltr'><strong><em>fractum</em></strong></span> <span class='ocrx_word' id='word_1_668' title='bbox 3600 3490 3771 3547; x_wconf 86' lang='lat' dir='ltr'><strong><em>esse,</em></strong></span> <span class='ocrx_word' id='word_1_669' title='bbox 3827 3467 3980 3550; x_wconf 86' lang='lat' dir='ltr'><strong><em>quia</em></strong></span> <span class='ocrx_word' id='word_1_670' title='bbox 4033 3467 4166 3531; x_wconf 89' lang='lat' dir='ltr'><strong><em>illis</em></strong></span> <span class='ocrx_word' id='word_1_671' title='bbox 4223 3464 4564 3532; x_wconf 84' lang='lat' dir='ltr'><strong><em>vexandos</em></strong></span> 
     </span>
     <span class='ocr_line' id='line_1_92' title="bbox 2617 3552 4568 3638; baseline 0.001 -20"><span class='ocrx_word' id='word_1_672' title='bbox 2617 3553 2988 3638; x_wconf 88' lang='lat' dir='ltr'><strong><em>permiserit</em></strong></span> <span class='ocrx_word' id='word_1_673' title='bbox 3043 3561 3405 3637; x_wconf 88' lang='lat' dir='ltr'><strong><em>apostatas,</em></strong></span> <span class='ocrx_word' id='word_1_674' title='bbox 3461 3574 3693 3621; x_wconf 85' lang='lat' dir='ltr'><strong><em>verum</em></strong></span> <span class='ocrx_word' id='word_1_675' title='bbox 3737 3552 4053 3636; x_wconf 88' lang='lat' dir='ltr'><strong><em>expositio</em></strong></span> <span class='ocrx_word' id='word_1_676' title='bbox 4101 3552 4283 3636; x_wconf 90' lang='lat' dir='ltr'><strong><em>prior</em></strong></span> <span class='ocrx_word' id='word_1_677' title='bbox 4323 3552 4568 3619; x_wconf 86' lang='lat' dir='ltr'><strong><em>melius</em></strong></span> 
     </span>
     <span class='ocr_line' id='line_1_93' title="bbox 2617 3638 2943 3706; baseline -0.003 0"><span class='ocrx_word' id='word_1_678' title='bbox 2617 3638 2943 3706; x_wconf 86' lang='lat' dir='ltr'><strong><em>convenit.</em></strong></span> 
     </span>
    </p>

    <p class='ocr_par' dir='ltr' id='par_1_7' title="bbox 2614 3721 4576 5444">
     <span class='ocr_line' id='line_1_94' title="bbox 2788 3721 4568 3806; baseline -0.001 -17"><span class='ocrx_word' id='word_1_679' title='bbox 2788 3724 2890 3790; x_wconf 83' lang='lat'><strong><em>32.</em></strong></span> <span class='ocrx_word' id='word_1_680' title='bbox 2949 3721 3057 3790; x_wconf 72' lang='lat' dir='ltr'><strong><em>Ex</em></strong></span> <span class='ocrx_word' id='word_1_681' title='bbox 3118 3726 3237 3790; x_wconf 83' lang='lat' dir='ltr'><strong><em>vite</em></strong></span> <span class='ocrx_word' id='word_1_682' title='bbox 3297 3728 3464 3791; x_wconf 86' lang='lat' dir='ltr'><strong><em>enim</em></strong></span> <span class='ocrx_word' id='word_1_683' title='bbox 3526 3725 3765 3791; x_wconf 83' lang='lat' dir='ltr'><strong><em>Sedom.</em></strong></span> <span class='ocrx_word' id='word_1_684' title='bbox 3858 3723 4052 3806; x_wconf 83' lang='lat' dir='ltr'><strong><em>Quod</em></strong></span> <span class='ocrx_word' id='word_1_685' title='bbox 4106 3724 4229 3791; x_wconf 90' lang='lat' dir='ltr'><strong><em>hoc</em></strong></span> <span class='ocrx_word' id='word_1_686' title='bbox 4284 3723 4568 3789; x_wconf 89' lang='lat' dir='ltr'><strong><em>trahunt</em></strong></span> 
     </span>
     <span class='ocr_line' id='line_1_95' title="bbox 2622 3809 4564 3897; baseline -0.001 -21"><span class='ocrx_word' id='word_1_687' title='bbox 2622 3809 2883 3893; x_wconf 87' lang='lat' dir='ltr'><strong><em>quidam</em></strong></span> <span class='ocrx_word' id='word_1_688' title='bbox 2919 3810 3001 3875; x_wconf 89' lang='lat' dir='ltr'><strong><em>ad</em></strong></span> <span class='ocrx_word' id='word_1_689' title='bbox 3035 3830 3315 3896; x_wconf 88' lang='lat' dir='ltr'><strong><em>poenam</em></strong></span> <span class='ocrx_word' id='word_1_690' title='bbox 3350 3834 3478 3895; x_wconf 88' lang='lat' dir='ltr'><strong><em>qua</em></strong></span> <span class='ocrx_word' id='word_1_691' title='bbox 3512 3811 3695 3897; x_wconf 86' lang='lat' dir='ltr'><strong><em>digni</em></strong></span> <span class='ocrx_word' id='word_1_692' title='bbox 3730 3822 3916 3877; x_wconf 90' lang='lat' dir='ltr'><strong><em>erant</em></strong></span> <span class='ocrx_word' id='word_1_693' title='bbox 3949 3810 4301 3891; x_wconf 88' lang='lat' dir='ltr'><strong><em>Israelitae‚</em></strong></span> <span class='ocrx_word' id='word_1_694' title='bbox 4345 3829 4564 3874; x_wconf 87' lang='lat' dir='ltr'><strong><em>remo-</em></strong></span> 
     </span>
     <span class='ocr_line' id='line_1_96' title="bbox 2620 3895 4566 3980; baseline -0.001 -19"><span class='ocrx_word' id='word_1_695' title='bbox 2620 3905 2763 3962; x_wconf 90' lang='lat' dir='ltr'><strong><em>tum</em></strong></span> <span class='ocrx_word' id='word_1_696' title='bbox 2824 3917 2964 3962; x_wconf 89' lang='lat' dir='ltr'><strong><em>esse</em></strong></span> <span class='ocrx_word' id='word_1_697' title='bbox 3008 3918 3047 3962; x_wconf 91' lang='lat' dir='ltr'><strong><em>a</em></strong></span> <span class='ocrx_word' id='word_1_698' title='bbox 3099 3904 3322 3963; x_wconf 90' lang='lat' dir='ltr'><strong><em>mente</em></strong></span> <span class='ocrx_word' id='word_1_699' title='bbox 3363 3896 3570 3965; x_wconf 89' lang='lat' dir='ltr'><strong><em>Mosis</em></strong></span> <span class='ocrx_word' id='word_1_700' title='bbox 3628 3897 3963 3962; x_wconf 88' lang='lat' dir='ltr'><strong><em>existimo:</em></strong></span> <span class='ocrx_word' id='word_1_701' title='bbox 4025 3896 4184 3980; x_wconf 89' lang='lat' dir='ltr'><strong><em>quin</em></strong></span> <span class='ocrx_word' id='word_1_702' title='bbox 4232 3896 4444 3979; x_wconf 89' lang='lat' dir='ltr'><strong><em>potius</em></strong></span> <span class='ocrx_word' id='word_1_703' title='bbox 4488 3895 4566 3959; x_wconf 88' lang='lat' dir='ltr'><strong><em>in</em></strong></span> 
     </span>
     <span class='ocr_line' id='line_1_97' title="bbox 2622 3982 4567 4066; baseline -0.001 -19"><span class='ocrx_word' id='word_1_704' title='bbox 2622 3990 2960 4066; x_wconf 87' lang='lat' dir='ltr'><strong><em>corruptos</em></strong></span> <span class='ocrx_word' id='word_1_705' title='bbox 3023 4003 3246 4048; x_wconf 89' lang='lat' dir='ltr'><strong><em>eorum</em></strong></span> <span class='ocrx_word' id='word_1_706' title='bbox 3300 4004 3515 4049; x_wconf 91' lang='lat' dir='ltr'><strong><em>mores</em></strong></span> <span class='ocrx_word' id='word_1_707' title='bbox 3558 3991 3626 4048; x_wconf 90' lang='lat' dir='ltr'><strong><em>et</em></strong></span> <span class='ocrx_word' id='word_1_708' title='bbox 3669 4003 4050 4065; x_wconf 85' lang='lat' dir='ltr'><strong><em>perversum</em></strong></span> <span class='ocrx_word' id='word_1_709' title='bbox 4108 3989 4332 4047; x_wconf 89' lang='lat' dir='ltr'><strong><em>eorum</em></strong></span> <span class='ocrx_word' id='word_1_710' title='bbox 4375 3982 4567 4063; x_wconf 84' lang='lat' dir='ltr'><strong><em>inge-</em></strong></span> 
     </span>
     <span class='ocr_line' id='line_1_98' title="bbox 2623 4068 4570 4153; baseline 0 -22"><span class='ocrx_word' id='word_1_711' title='bbox 2623 4068 2807 4132; x_wconf 91' lang='lat' dir='ltr'><strong><em>nium</em></strong></span> <span class='ocrx_word' id='word_1_712' title='bbox 2864 4068 3221 4135; x_wconf 80' lang='lat' dir='ltr'><strong><em>invehitur.</em></strong></span> <span class='ocrx_word' id='word_1_713' title='bbox 3310 4068 3758 4153; x_wconf 89' lang='lat' dir='ltr'><strong><em>Metaphorice</em></strong></span> <span class='ocrx_word' id='word_1_714' title='bbox 3815 4076 4034 4135; x_wconf 89' lang='lat' dir='ltr'><strong><em>autem</em></strong></span> <span class='ocrx_word' id='word_1_715' title='bbox 4094 4077 4287 4132; x_wconf 84' lang='lat' dir='ltr'><strong><em>vocat</em></strong></span> <span class='ocrx_word' id='word_1_716' title='bbox 4328 4085 4570 4150; x_wconf 89' lang='lat' dir='ltr'><strong><em>propa-</em></strong></span> 
     </span>
     <span class='ocr_line' id='line_1_99' title="bbox 2622 4151 4576 4238; baseline -0.001 -20"><span class='ocrx_word' id='word_1_717' title='bbox 2622 4154 2841 4238; x_wconf 87' lang='lat' dir='ltr'><strong><em>ginem</em></strong></span> <span class='ocrx_word' id='word_1_718' title='bbox 2884 4153 3043 4219; x_wconf 84' lang='lat' dir='ltr'><strong><em>vitis</em></strong></span> <span class='ocrx_word' id='word_1_719' title='bbox 3088 4153 3409 4221; x_wconf 86' lang='lat' dir='ltr'><strong><em>Sodomae</em></strong></span> <span class='ocrx_word' id='word_1_720' title='bbox 3453 4164 3519 4219; x_wconf 91' lang='lat' dir='ltr'><strong><em>et</em></strong></span> <span class='ocrx_word' id='word_1_721' title='bbox 3562 4154 4002 4221; x_wconf 78' lang='lat' dir='ltr'><strong><em>Gomorrhae:</em></strong></span> <span class='ocrx_word' id='word_1_722' title='bbox 4061 4153 4215 4236; x_wconf 89' lang='lat' dir='ltr'><strong><em>quia</em></strong></span> <span class='ocrx_word' id='word_1_723' title='bbox 4271 4151 4576 4218; x_wconf 89' lang='lat' dir='ltr'><strong><em>referant</em></strong></span> 
     </span>
     <span class='ocr_line' id='line_1_100' title="bbox 2621 4238 4574 4324; baseline -0.002 -20"><span class='ocrx_word' id='word_1_724' title='bbox 2621 4240 2964 4323; x_wconf 89' lang='lat' dir='ltr'><strong><em>utriusque</em></strong></span> <span class='ocrx_word' id='word_1_725' title='bbox 3020 4241 3236 4324; x_wconf 90' lang='lat' dir='ltr'><strong><em>gentis</em></strong></span> <span class='ocrx_word' id='word_1_726' title='bbox 3290 4253 3632 4321; x_wconf 87' lang='lat' dir='ltr'><strong><em>naturam,</em></strong></span> <span class='ocrx_word' id='word_1_727' title='bbox 3690 4260 3766 4308; x_wconf 88' lang='lat' dir='ltr'><strong><em>ac</em></strong></span> <span class='ocrx_word' id='word_1_728' title='bbox 3808 4241 3866 4306; x_wconf 91' lang='lat' dir='ltr'><strong><em>si</em></strong></span> <span class='ocrx_word' id='word_1_729' title='bbox 3907 4241 3986 4306; x_wconf 96' lang='lat' dir='ltr'><strong><em>ab</em></strong></span> <span class='ocrx_word' id='word_1_730' title='bbox 4031 4238 4163 4305; x_wconf 91' lang='lat' dir='ltr'><strong><em>illis</em></strong></span> <span class='ocrx_word' id='word_1_731' title='bbox 4207 4239 4574 4304; x_wconf 86' lang='lat' dir='ltr'><strong><em>traxissent</em></strong></span> 
     </span>
     <span class='ocr_line' id='line_1_101' title="bbox 2621 4323 4572 4410; baseline -0.001 -21"><span class='ocrx_word' id='word_1_732' title='bbox 2621 4325 2974 4410; x_wconf 89' lang='lat' dir='ltr'><strong><em>originem:</em></strong></span> <span class='ocrx_word' id='word_1_733' title='bbox 3043 4325 3584 4410; x_wconf 87' lang='lat' dir='ltr'><strong><em>quemadmodum</em></strong></span> <span class='ocrx_word' id='word_1_734' title='bbox 3645 4326 3936 4409; x_wconf 88' lang='lat' dir='ltr'><strong><em>pampini</em></strong></span> <span class='ocrx_word' id='word_1_735' title='bbox 3992 4324 4281 4391; x_wconf 84' lang='lat' dir='ltr'><strong><em>fructum</em></strong></span> <span class='ocrx_word' id='word_1_736' title='bbox 4335 4323 4572 4388; x_wconf 87' lang='lat' dir='ltr'><strong><em>matri-</em></strong></span> 
     </span>
     <span class='ocr_line' id='line_1_102' title="bbox 2621 4409 4571 4495; baseline -0.002 -18"><span class='ocrx_word' id='word_1_737' title='bbox 2621 4411 2803 4477; x_wconf 92' lang='lat' dir='ltr'><strong><em>cibus</em></strong></span> <span class='ocrx_word' id='word_1_738' title='bbox 2858 4412 3034 4476; x_wconf 87' lang='lat' dir='ltr'><strong><em>unde</em></strong></span> <span class='ocrx_word' id='word_1_739' title='bbox 3090 4414 3332 4495; x_wconf 85' lang='lat' dir='ltr'><strong><em>sumpti</em></strong></span> <span class='ocrx_word' id='word_1_740' title='bbox 3394 4420 3548 4478; x_wconf 90' lang='lat' dir='ltr'><strong><em>sunt</em></strong></span> <span class='ocrx_word' id='word_1_741' title='bbox 3611 4413 3890 4477; x_wconf 89' lang='lat' dir='ltr'><strong><em>similem</em></strong></span> <span class='ocrx_word' id='word_1_742' title='bbox 3947 4420 4286 4495; x_wconf 88' lang='lat' dir='ltr'><strong><em>generant.</em></strong></span> <span class='ocrx_word' id='word_1_743' title='bbox 4385 4409 4571 4475; x_wconf 85' lang='lat' dir='ltr'><strong><em>Con-</em></strong></span> 
     </span>
     <span class='ocr_line' id='line_1_103' title="bbox 2620 4496 4572 4599; baseline -0.002 -37"><span class='ocrx_word' id='word_1_744' title='bbox 2620 4496 2916 4580; x_wconf 89' lang='lat' dir='ltr'><strong><em>queritur</em></strong></span> <span class='ocrx_word' id='word_1_745' title='bbox 2958 4497 3141 4564; x_wconf 88' lang='lat' dir='ltr'><strong><em>Deus</em></strong></span> <span class='ocrx_word' id='word_1_746' title='bbox 3184 4517 3302 4580; x_wconf 90' lang='lat' dir='ltr'><strong><em>per</em></strong></span> <span class='ocrx_word' id='word_1_747' title='bbox 3342 4497 3586 4565; x_wconf 88' lang='lat' dir='ltr'><strong><em>Isaiam</em></strong></span> <span class='ocrx_word' id='word_1_748' title='bbox 3631 4497 3717 4585; x_wconf 86' lang='lat'><strong><em>(5,</em></strong></span> <span class='ocrx_word' id='word_1_749' title='bbox 3762 4498 3862 4599; x_wconf 82' lang='lat'><strong><em>2),</em></strong></span> <span class='ocrx_word' id='word_1_750' title='bbox 3907 4517 4110 4581; x_wconf 88' lang='lat' dir='ltr'><strong><em>quum</em></strong></span> <span class='ocrx_word' id='word_1_751' title='bbox 4155 4502 4572 4579; x_wconf 87' lang='lat' dir='ltr'><strong><em>exspectaret</em></strong></span> 
     </span>
     <span class='ocr_line' id='line_1_104' title="bbox 2620 4577 4570 4666; baseline -0.002 -19"><span class='ocrx_word' id='word_1_752' title='bbox 2620 4581 2823 4648; x_wconf 88' lang='lat' dir='ltr'><strong><em>bonas</em></strong></span> <span class='ocrx_word' id='word_1_753' title='bbox 2879 4591 2946 4648; x_wconf 88' lang='lat' dir='ltr'><strong><em>et</em></strong></span> <span class='ocrx_word' id='word_1_754' title='bbox 3002 4582 3227 4650; x_wconf 89' lang='lat' dir='ltr'><strong><em>dulces</em></strong></span> <span class='ocrx_word' id='word_1_755' title='bbox 3281 4604 3443 4651; x_wconf 87' lang='lat' dir='ltr'><strong><em>uvas</em></strong></span> <span class='ocrx_word' id='word_1_756' title='bbox 3495 4607 3534 4651; x_wconf 90' lang='lat' dir='ltr'><strong><em>a</em></strong></span> <span class='ocrx_word' id='word_1_757' title='bbox 3576 4606 3695 4651; x_wconf 89' lang='lat' dir='ltr'><strong><em>sua</em></strong></span> <span class='ocrx_word' id='word_1_758' title='bbox 3751 4603 3975 4659; x_wconf 71' lang='lat' dir='ltr'><strong><em>muca,</em></strong></span> <span class='ocrx_word' id='word_1_759' title='bbox 4034 4581 4379 4666; x_wconf 88' lang='lat' dir='ltr'><strong><em>productas</em></strong></span> <span class='ocrx_word' id='word_1_760' title='bbox 4432 4577 4570 4646; x_wconf 87' lang='lat' dir='ltr'><strong><em>sibi</em></strong></span> 
     </span>
     <span class='ocr_line' id='line_1_105' title="bbox 2616 4666 4568 4755; baseline -0.002 -22"><span class='ocrx_word' id='word_1_761' title='bbox 2616 4668 2814 4734; x_wconf 85' lang='lat' dir='ltr'><strong><em>fuisse</em></strong></span> <span class='ocrx_word' id='word_1_762' title='bbox 2855 4667 3204 4736; x_wconf 88' lang='lat' dir='ltr'><strong><em>labruscas.</em></strong></span> <span class='ocrx_word' id='word_1_763' title='bbox 3292 4669 3461 4736; x_wconf 87' lang='lat' dir='ltr'><strong><em>Item</em></strong></span> <span class='ocrx_word' id='word_1_764' title='bbox 3506 4691 3624 4754; x_wconf 92' lang='lat' dir='ltr'><strong><em>per</em></strong></span> <span class='ocrx_word' id='word_1_765' title='bbox 3665 4669 4015 4736; x_wconf 88' lang='lat' dir='ltr'><strong><em>Ieremiam</em></strong></span> <span class='ocrx_word' id='word_1_766' title='bbox 4058 4667 4144 4755; x_wconf 88' lang='grc'><strong><em>(2,</em></strong></span> <span class='ocrx_word' id='word_1_767' title='bbox 4181 4666 4312 4753; x_wconf 83' lang='grc'><strong>21),</strong></span> <span class='ocrx_word' id='word_1_768' title='bbox 4353 4685 4568 4750; x_wconf 88' lang='lat' dir='ltr'><strong><em>quum</em></strong></span> 
     </span>
     <span class='ocr_line' id='line_1_106' title="bbox 2616 4754 4564 4841; baseline -0.001 -23"><span class='ocrx_word' id='word_1_769' title='bbox 2616 4754 2980 4838; x_wconf 89' lang='lat' dir='ltr'><strong><em>plantasset</em></strong></span> <span class='ocrx_word' id='word_1_770' title='bbox 3041 4776 3268 4822; x_wconf 87' lang='lat' dir='ltr'><strong><em>semen.</em></strong></span> <span class='ocrx_word' id='word_1_771' title='bbox 3329 4756 3523 4823; x_wconf 90' lang='lat' dir='ltr'><strong><em>fidele</em></strong></span> <span class='ocrx_word' id='word_1_772' title='bbox 3586 4764 3653 4823; x_wconf 93' lang='lat' dir='ltr'><strong><em>et</em></strong></span> <span class='ocrx_word' id='word_1_773' title='bbox 3710 4756 4067 4841; x_wconf 90' lang='lat' dir='ltr'><strong><em>genuinum</em></strong></span> <span class='ocrx_word' id='word_1_774' title='bbox 4085 4805 4100 4833; x_wconf 92' lang='lat'><strong><em>,</em></strong></span> <span class='ocrx_word' id='word_1_775' title='bbox 4169 4772 4564 4820; x_wconf 85' lang='lat' dir='ltr'><strong><em>conversum</em></strong></span> 
     </span>
     <span class='ocr_line' id='line_1_107' title="bbox 2616 4837 4572 4924; baseline -0.002 -19"><span class='ocrx_word' id='word_1_776' title='bbox 2616 4840 2818 4906; x_wconf 86' lang='lat' dir='ltr'><strong><em>fuisse</em></strong></span> <span class='ocrx_word' id='word_1_777' title='bbox 2876 4840 2946 4906; x_wconf 89' lang='lat' dir='ltr'><strong><em>in</em></strong></span> <span class='ocrx_word' id='word_1_778' title='bbox 3000 4849 3335 4908; x_wconf 89' lang='lat' dir='ltr'><strong><em>sarmenta</em></strong></span> <span class='ocrx_word' id='word_1_779' title='bbox 3377 4842 3531 4910; x_wconf 83' lang='lat' dir='ltr'><strong><em>vitis</em></strong></span> <span class='ocrx_word' id='word_1_780' title='bbox 3565 4842 3848 4908; x_wconf 88' lang='lat' dir='ltr'><strong><em>alienae:</em></strong></span> <span class='ocrx_word' id='word_1_781' title='bbox 3907 4840 4015 4907; x_wconf 89' lang='lat' dir='ltr'><strong><em>hic</em></strong></span> <span class='ocrx_word' id='word_1_782' title='bbox 4056 4841 4206 4924; x_wconf 90' lang='lat' dir='ltr'><strong><em>plus</em></strong></span> <span class='ocrx_word' id='word_1_783' title='bbox 4249 4837 4572 4922; x_wconf 89' lang='lat' dir='ltr'><strong><em>exprimit</em></strong></span> 
     </span>
     <span class='ocr_line' id='line_1_108' title="bbox 2618 4926 4565 5011; baseline -0.002 -19"><span class='ocrx_word' id='word_1_784' title='bbox 2618 4926 2858 5005; x_wconf 86' lang='lat' dir='ltr'><strong><em>Moses,</em></strong></span> <span class='ocrx_word' id='word_1_785' title='bbox 2891 4927 3203 5011; x_wconf 90' lang='lat' dir='ltr'><strong><em>populum</em></strong></span> <span class='ocrx_word' id='word_1_786' title='bbox 3246 4928 3449 4994; x_wconf 84' lang='lat' dir='ltr'><strong><em>vitem</em></strong></span> <span class='ocrx_word' id='word_1_787' title='bbox 3494 4950 3636 4995; x_wconf 87' lang='lat' dir='ltr'><strong><em>esse</em></strong></span> <span class='ocrx_word' id='word_1_788' title='bbox 3679 4949 3808 4994; x_wconf 90' lang='lat' dir='ltr'><strong><em>non</em></strong></span> <span class='ocrx_word' id='word_1_789' title='bbox 3853 4935 4111 4993; x_wconf 88' lang='lat' dir='ltr'><strong><em>tantum</em></strong></span> <span class='ocrx_word' id='word_1_790' title='bbox 4152 4926 4565 5009; x_wconf 79' lang='lat' dir='ltr'><strong><em>degenerem,</em></strong></span> 
     </span>
     <span class='ocr_line' id='line_1_109' title="bbox 2619 5009 4566 5097; baseline -0.002 -20"><span class='ocrx_word' id='word_1_791' title='bbox 2619 5012 2733 5077; x_wconf 90' lang='lat' dir='ltr'><strong><em>sed</em></strong></span> <span class='ocrx_word' id='word_1_792' title='bbox 2798 5015 3190 5093; x_wconf 86' lang='lat' dir='ltr'><strong><em>veneficam,</em></strong></span> <span class='ocrx_word' id='word_1_793' title='bbox 3264 5033 3431 5097; x_wconf 89' lang='lat' dir='ltr'><strong><em>quae</em></strong></span> <span class='ocrx_word' id='word_1_794' title='bbox 3495 5015 3660 5080; x_wconf 90' lang='lat' dir='ltr'><strong><em>nihil</em></strong></span> <span class='ocrx_word' id='word_1_795' title='bbox 3728 5014 3853 5080; x_wconf 91' lang='lat' dir='ltr'><strong><em>nisi</em></strong></span> <span class='ocrx_word' id='word_1_796' title='bbox 3915 5012 4159 5079; x_wconf 90' lang='lat' dir='ltr'><strong><em>lethale</em></strong></span> <span class='ocrx_word' id='word_1_797' title='bbox 4221 5009 4566 5094; x_wconf 87' lang='lat' dir='ltr'><strong><em>producat.</em></strong></span> 
     </span>
     <span class='ocr_line' id='line_1_110' title="bbox 2616 5095 4567 5173; baseline -0.001 -12"><span class='ocrx_word' id='word_1_798' title='bbox 2616 5095 2768 5163; x_wconf 93' lang='lat' dir='ltr'><strong><em>Ideo</em></strong></span> <span class='ocrx_word' id='word_1_799' title='bbox 2808 5097 3068 5164; x_wconf 89' lang='lat' dir='ltr'><strong><em>subiicit</em></strong></span> <span class='ocrx_word' id='word_1_800' title='bbox 3115 5120 3248 5164; x_wconf 91' lang='lat' dir='ltr'><strong><em>non</em></strong></span> <span class='ocrx_word' id='word_1_801' title='bbox 3291 5101 3501 5166; x_wconf 88' lang='lat' dir='ltr'><strong><em>solum</em></strong></span> <span class='ocrx_word' id='word_1_802' title='bbox 3558 5101 3777 5167; x_wconf 90' lang='lat' dir='ltr'><strong><em>botros</em></strong></span> <span class='ocrx_word' id='word_1_803' title='bbox 3830 5120 4056 5166; x_wconf 90' lang='lat' dir='ltr'><strong><em>eorum</em></strong></span> <span class='ocrx_word' id='word_1_804' title='bbox 4099 5118 4240 5165; x_wconf 87' lang='lat' dir='ltr'><strong><em>esse</em></strong></span> <span class='ocrx_word' id='word_1_805' title='bbox 4284 5114 4567 5173; x_wconf 82' lang='lat' dir='ltr'><strong><em>amaros,</em></strong></span> 
     </span>
     <span class='ocr_line' id='line_1_111' title="bbox 2614 5181 4568 5266; baseline -0.002 -17"><span class='ocrx_word' id='word_1_806' title='bbox 2614 5181 2727 5249; x_wconf 89' lang='lat' dir='ltr'><strong><em>sed</em></strong></span> <span class='ocrx_word' id='word_1_807' title='bbox 2772 5184 2999 5250; x_wconf 83' lang='lat' dir='ltr'><strong><em>vinum</em></strong></span> <span class='ocrx_word' id='word_1_808' title='bbox 3043 5205 3267 5252; x_wconf 90' lang='lat' dir='ltr'><strong><em>eorum</em></strong></span> <span class='ocrx_word' id='word_1_809' title='bbox 3311 5206 3452 5253; x_wconf 88' lang='lat' dir='ltr'><strong><em>esse</em></strong></span> <span class='ocrx_word' id='word_1_810' title='bbox 3495 5187 3684 5252; x_wconf 83' lang='lat' dir='ltr'><strong><em>virus</em></strong></span> <span class='ocrx_word' id='word_1_811' title='bbox 3728 5185 4084 5254; x_wconf 88' lang='lat' dir='ltr'><strong><em>draconum</em></strong></span> <span class='ocrx_word' id='word_1_812' title='bbox 4121 5192 4188 5250; x_wconf 93' lang='lat' dir='ltr'><strong><em>et</em></strong></span> <span class='ocrx_word' id='word_1_813' title='bbox 4221 5182 4568 5266; x_wconf 89' lang='lat' dir='ltr'><strong><em>aspidum:</em></strong></span> 
     </span>
     <span class='ocr_line' id='line_1_112' title="bbox 2617 5267 4570 5356; baseline 0 -23"><span class='ocrx_word' id='word_1_814' title='bbox 2617 5267 2852 5351; x_wconf 88' lang='lat' dir='ltr'><strong><em>quibus</em></strong></span> <span class='ocrx_word' id='word_1_815' title='bbox 2911 5271 3126 5339; x_wconf 84' lang='lat' dir='ltr'><strong><em>verbis</em></strong></span> <span class='ocrx_word' id='word_1_816' title='bbox 3184 5272 3544 5356; x_wconf 87' lang='lat' dir='ltr'><strong><em>significat,</em></strong></span> <span class='ocrx_word' id='word_1_817' title='bbox 3606 5272 3774 5337; x_wconf 89' lang='lat' dir='ltr'><strong><em>nihil</em></strong></span> <span class='ocrx_word' id='word_1_818' title='bbox 3827 5271 3941 5338; x_wconf 86' lang='lat' dir='ltr'><strong><em>illa</em></strong></span> <span class='ocrx_word' id='word_1_819' title='bbox 3997 5277 4194 5356; x_wconf 86' lang='lat' dir='ltr'><strong><em>gente</em></strong></span> <span class='ocrx_word' id='word_1_820' title='bbox 4247 5267 4570 5346; x_wconf 86' lang='lat' dir='ltr'><strong><em>deterius,</em></strong></span> 
     </span>
     <span class='ocr_line' id='line_1_113' title="bbox 2615 5355 3977 5444; baseline 0.001 -24"><span class='ocrx_word' id='word_1_821' title='bbox 2615 5355 2722 5421; x_wconf 82' lang='lat' dir='ltr'><strong><em>vel</em></strong></span> <span class='ocrx_word' id='word_1_822' title='bbox 2766 5357 2976 5441; x_wconf 88' lang='lat' dir='ltr'><strong><em>magis</em></strong></span> <span class='ocrx_word' id='word_1_823' title='bbox 3020 5358 3522 5426; x_wconf 88' lang='lat' dir='ltr'><strong><em>abominandum</em></strong></span> <span class='ocrx_word' id='word_1_824' title='bbox 3566 5358 3728 5444; x_wconf 89' lang='lat' dir='ltr'><strong><em>fingi</em></strong></span> <span class='ocrx_word' id='word_1_825' title='bbox 3770 5377 3977 5441; x_wconf 89' lang='lat' dir='ltr'><strong><em>posse.</em></strong></span> 
     </span>
    </p>
   </div>
   <div class='ocr_carea' id='block_1_6' title="bbox 4963 9 4969 1733">
    <p class='ocr_par' dir='ltr' id='par_1_8' title="bbox 4963 9 4969 1733">
     <span class='ocr_line' id='line_1_114' title="bbox 4963 9 4969 1733; baseline 0 0"><span class='ocrx_word' id='word_1_826' title='bbox 4963 9 4969 1733; x_wconf 95' lang='lat' dir='ltr'><strong><em> </em></strong></span> 
     </span>
    </p>
   </div>
  </div>
 </body>
</html>
