5017 6142
420 445 548 512 305

418 636 753 787 qffisquam
768 685 785 713 ,
843 634 976 701 nisi
1023 631 1207 705 Galeb
1244 635 1423 717 filius
1466 634 1784 718 Iephuneh
1799 686 1817 716 ,
1862 640 1917 702 et
1962 634 2152 703 Iosue
2187 634 2368 717 filius

494 742 598 788 un.

597 892 655 956 1.
692 890 782 956 Et
809 892 937 974 fuit
957 897 1104 976 post
1123 892 1405 976 playam.
1469 891 1845 959 Secundum
1885 891 2063 957 hunc
2097 911 2365 956 censum

423 1000 462 1043 a
506 978 693 1043 Mose
750 986 971 1043 actum
1028 998 1170 1044 esse
1226 978 1535 1062 legimus,
1591 1001 1675 1044 ex
1728 977 1941 1061 capite
2000 988 2216 1042 tamen
2261 976 2366 1043 38.

420 1061 639 1129 Exodi
681 1063 983 1147 colligere
1026 1073 1400 1147 promptum
1439 1073 1556 1142 est,
1602 1065 1803 1129 fuisse
1836 1063 2063 1129 ordine
2098 1063 2367 1127 tertium

422 1149 673 1217 saltem.
763 1149 1153 1231 Quanquam
1199 1150 1410 1232 magis
1452 1148 1786 1233 probabile
1840 1159 1972 1227 est,
2032 1148 2138 1214 vel
2180 1160 2365 1232 quot·

423 1237 643 1314 annis,
701 1235 806 1299 vel
866 1235 1058 1300 statis
1102 1234 1503 1318 temporibus
1546 1256 1783 1301 nomen
1829 1234 2083 1300 dedisse
2128 1235 2239 1317 qui
2283 1232 2364 1298 ad

422 1341 632 1386 annos
676 1320 917 1405 viginti
960 1331 1417 1404 pervenerant.
1507 1321 1711 1403 Atqui
1769 1341 2087 1386 numerus
2142 1319 2368 1402 populi

422 1406 578 1472 inde
663 1406 881 1490 colligi
947 1428 1080 1471 non
1145 1416 1432 1490 poterat,
1511 1408 1640 1471 nisi
1704 1408 1894 1471 fieret
1956 1414 2367 1470 mortuorum

422 1493 842 1576 comparatio:
889 1491 1010 1558 hoc
1054 1490 1315 1574 quidem
1361 1498 1554 1572 extra
1587 1493 2093 1558 controversiam
2131 1502 2233 1556 est
2265 1498 2368 1557 ter

420 1579 625 1644 fuisse
648 1599 876 1644 censos
910 1579 979 1643 in
1018 1576 1274 1643 deserto
1309 1578 1421 1660 qui
1454 1578 1525 1642 in
1563 1579 1742 1643 viros
1779 1575 2215 1643 adoleverant.
2275 1577 2369 1641 Et

418 1663 490 1729 id
535 1664 793 1729 elicitur
836 1683 920 1727 ex
962 1674 1305 1728 contextu:
1372 1664 1523 1746 quia
1574 1672 1808 1747 quarto
1865 1683 2064 1729 versu
2110 1662 2365 1740 dicitur,

419 1751 597 1816 hanc
645 1750 1154 1832 recognitionem
1210 1770 1351 1814 esse
1407 1749 1644 1815 factam
1697 1749 1890 1814 sicuti
1946 1758 2368 1832 praeceperat

417 1835 608 1901 Deus
657 1835 866 1911 Hesi,
923 1844 990 1900 et
1041 1835 1193 1899 filiis
1235 1834 1445 1900 Israel
1504 1836 1617 1918 qui
1675 1836 1919 1919 egressi
1976 1835 2240 1900 fuerant
2282 1856 2366 1900 ex

422 1923 753 2006 Aegypte.
853 1919 1049 1986 Unde
1103 1930 1404 2004 apparet,
1469 1942 1602 1985 non
1660 1929 1920 1986 tantum
1979 1940 2227 1985 morem
2284 1920 2365 1986 ab

417 2008 611 2072 initio
664 2016 994 2089 receptum
1055 2005 1267 2071 instar
1324 2005 1589 2090 regulae
1645 2016 1952 2089 sequutos
2018 2026 2188 2085 esse,
2252 2004 2365 2071 sed

416 2092 740 2176 populum
784 2113 1011 2158 rursus
1047 2092 1312 2173 censeri,
1349 2093 1539 2158 sicuti
1573 2091 1756 2175 prius
1790 2091 1862 2155 in
1897 2091 2155 2157 deserto
2180 2089 2369 2157 Sinai

420 2199 659 2244 census
716 2179 949 2243 fuerat.
1035 2176 1230 2243 Unde
1284 2179 1523 2244 iterum
1578 2177 1932 2260 probabilis
1994 2179 2368 2243 coniectura

419 2263 699 2341 ducitur,
736 2263 1013 2341 nullum,
1049 2284 1088 2328 a
1125 2284 1252 2347 quo
1288 2272 1582 2347 tempore
1616 2264 1797 2328 illinc
1819 2263 2067 2346 egressi
2090 2265 2365 2343 fuerant,

417 2349 878 2416 intermedium
947 2350 1145 2414 fuisse
1209 2350 1583 2433 exemplum
1650 2348 1879 2414 simile.
1985 2349 2125 2414 Illic
2189 2349 2365 2413 enim

418 2437 618 2501 refert
644 2435 883 2513 Moses,
920 2444 1077 2516 quot
1110 2434 1361 2515 talenta
1396 2436 1688 2503 confecta
1722 2435 1968 2500 fuerint
2003 2456 2084 2498 ex
2123 2434 2366 2499 tributo

415 2522 666 2607 populi,
702 2531 770 2586 et
802 2520 1019 2602 capita
1052 2529 1376 2599 numerat,
1414 2522 1631 2587 sexies
1669 2534 1931 2585 centum
1969 2520 2180 2586 millia
2214 2540 2365 2586 cum

419 2606 902 2692 quinquaginta
939 2615 1005 2671 et
1059 2608 1452 2691 quingentis.
1540 2607 1743 2690 Atqui
1798 2621 2026 2690 postea
2083 2606 2364 2684 subiicit,

418 2715 625 2777 quum
685 2704 899 2758 castra
947 2702 1294 2757 moverent
1337 2714 1374 2756 e
1416 2702 1638 2758 monte
1682 2690 1901 2771 Sinai,
1968 2713 2236 2758 censum
2280 2712 2365 2757 ex

418 2780 550 2845 Dei
577 2776 886 2843 mandato
912 2786 1128 2842 actum
1153 2798 1324 2844 esse:
1369 2778 1484 2845 sed
1527 2778 1695 2844 hanc
1731 2799 1867 2844 rem
1906 2775 2013 2863 (de
2047 2798 2174 2861 qua
2209 2777 2363 2842 alibi

420 2865 670 2930 dictum
722 2861 871 2949 fuit)
916 2863 1125 2928 levius
1168 2873 1521 2947 praetereo.
1611 2864 1805 2930 Nunc
1858 2862 2215 2928 videndum
2264 2872 2366 2929 est

420 2972 552 3036 quo
607 2948 876 3016 consilio
934 2952 1184 3016 censeri
1238 2949 1524 3015 voluerit
1564 2951 1746 3015 Deus
1801 2949 2115 3033 populum
2168 2969 2363 3016 suum

418 3045 774 3119 antequam
839 3036 909 3099 in
976 3036 1451 3118 possessionem
1516 3042 1730 3102 terrae
1792 3036 2150 3117 promissae
2214 3055 2364 3100 eum

419 3123 777 3188 induceret.
863 3121 1052 3186 Intra
1115 3141 1321 3188 annos
1384 3121 1817 3205 quadraginta
1871 3130 2010 3186 tota
2063 3120 2367 3186 militaris

420 3218 607 3273 aetas
668 3207 976 3290 perierat:
1034 3206 1222 3271 multi
1273 3207 1632 3273 immatura
1675 3216 1886 3273 morte
1931 3206 2185 3290 abrepti
2227 3207 2363 3271 fue-

419 3305 607 3358 rant:
683 3295 815 3357 imo
880 3311 1010 3356 una
1067 3292 1282 3358 clades
1339 3314 1550 3376 nuper
1614 3293 2065 3375 absumpserat
2129 3292 2364 3375 viginti

417 3390 702 3463 quatuor
746 3378 984 3442 millia:
1029 3380 1174 3460 quis
1219 3400 1353 3443 non
1395 3388 1691 3460 putasset
1733 3390 1965 3461 quarta
2008 3379 2143 3444 fere
2179 3387 2365 3460 parte

415 3466 846 3530 imminutum
912 3484 1052 3529 esse
1117 3463 1480 3547 populum?
1570 3463 1764 3545 Quod
1832 3485 1988 3547 ergo
2044 3464 2366 3546 repetitur

416 3571 590 3634 quae
636 3559 790 3615 ante
833 3549 1050 3614 fuerat
1090 3548 1475 3630 multitude,
1530 3570 1646 3633 pro
1690 3550 2009 3634 singulari
2052 3548 2365 3615 miraculo

416 3635 810 3702 ducendum.
897 3636 1061 3701 Fuit
1100 3634 1222 3702 hoc
1266 3634 1684 3701 memorabile
1726 3635 2183 3702 documentum
2228 3635 2367 3701 irae

412 3724 569 3801 Dei,
615 3743 698 3786 ex
742 3722 1067 3787 sexcentis
1104 3729 1173 3786 et
1213 3721 1425 3787 tribus
1466 3720 1757 3788 millibus
1798 3722 2057 3789 nullum
2100 3741 2367 3787 manere

414 3809 841 3891 superstitem
900 3818 1161 3891 praeter
1220 3807 1415 3873 duos:
1474 3807 1589 3873 sed
1642 3809 1957 3873 continua
2010 3808 2228 3874 sobole
2272 3810 2364 3870 ita

412 3893 729 3960 renovari
773 3892 1109 3976 populum,
1154 3903 1232 3959 ut
1274 3902 1421 3976 post
1464 3903 1769 3959 exactum
1804 3903 2081 3977 tempus,
2126 3913 2360 3976 aequa-

412 3988 574 4045 rent
619 3978 863 4061 posteri
923 3999 1271 4045 numerum
1318 3981 1633 4061 priorem,
1698 3979 2191 4045 inaestimabilis
2235 3978 2362 4044 Dei

412 4066 671 4151 gratiae
729 4085 890 4147 opus
948 4064 1091 4130 fuit.
1180 4064 1287 4130 Ita
1341 4066 1410 4130 in
1470 4064 1583 4129 illo
1644 4063 2040 4130 formidabili
2104 4063 2360 4140 iudicio,

412 4174 546 4235 quo
589 4151 977 4216 sceleratum
1012 4151 1321 4235 populum
1367 4151 1544 4217 ultus
1588 4161 1688 4216 est
1708 4152 1913 4227 Deus,
1959 4150 2365 4233 resplenduit

412 4237 870 4320 promissionis
913 4238 1056 4301 eius
1100 4240 1358 4301 veritas.
1448 4237 1717 4302 Dictum
1767 4237 1982 4301 fuerat
2024 4234 2360 4302 Abrahae:

412 4321 877 4407 Multiplicabo
912 4342 1136 4387 semen
1177 4334 1386 4401 tuum,
1429 4331 1505 4387 ut
1539 4323 1761 4388 stellas
1795 4322 1959 4388 coeli
1993 4334 2059 4386 et
2093 4341 2360 4386 arenam

411 4411 653 4474 maris:
701 4410 871 4474 hanc
917 4407 1432 4474 benedictionem
1470 4409 1741 4472 minime
1777 4408 2109 4473 obscurari
2147 4405 2364 4472 decuit

411 4516 546 4578 quo
583 4504 880 4578 tempore
914 4494 1120 4559 altera
1154 4515 1303 4577 pars
1340 4494 1789 4576 promissionis
1823 4492 2152 4576 implenda
2188 4503 2361 4558 erat:

412 4582 680 4647 Semini
746 4588 861 4646 tuo
927 4579 1092 4646 dabo
1156 4589 1402 4644 terram
1456 4578 1645 4646 hanc.
1742 4581 1923 4664 Ergo
1984 4580 2212 4662 poenis
2270 4579 2360 4643 ita

411 4668 832 4732 assuefactus
888 4666 1013 4731 fuit
1069 4666 1348 4748 populus
1407 4664 1489 4729 ad
1548 4664 1766 4731 Deum
1824 4664 2221 4741 timendum,
2288 4672 2365 4729 ut

409 4754 679 4836 paterni
743 4753 984 4817 favoris
1044 4760 1312 4837 gustum
1376 4772 1510 4815 non
1575 4753 1920 4817 amitteret.
2023 4752 2116 4817 Et
2179 4751 2364 4816 Deus

406 4839 663 4907 iudicia
698 4859 820 4903 sua
853 4839 947 4904 sic
980 4846 1306 4921 temperat
1338 4857 1496 4920 erga
1530 4839 1888 4918 ecclesiam,
1935 4847 2008 4902 ut
2042 4838 2110 4902 in
2147 4836 2365 4901 media

407 4925 871 5009 indignatione
915 4944 1169 5005 semper
1203 4921 1684 4990 misericordiae
1718 4923 2107 5004 recordetur,
2146 4943 2366 5006 quem-

409 5009 774 5076 admodum
819 5007 973 5074 dicit
1013 5009 1328 5076 Habacuc
1368 5006 1454 5095 (3,
1500 5007 1587 5095 2).
1675 5008 1860 5073 Haec
1903 5010 2070 5074 ratio
2114 5016 2242 5087 est,
2289 5017 2364 5073 ut

406 5105 807 5161 numeratus
849 5096 1124 5179 populus
1168 5095 1365 5159 fuerit
1407 5097 1629 5160 statim
1675 5104 1819 5177 post
1861 5095 1967 5178 pla
2054 5115 2117 5159 m
2164 5095 2368 5160 inflic-

406 5192 579 5260 tam,
625 5203 753 5264 quo
799 5182 1010 5263 magis
1054 5181 1472 5263 conspicuum
1508 5190 1698 5256 esset,
1741 5181 1976 5247 mirabi
2003 5182 2127 5246 iter
2160 5181 2364 5246 aDeo

405 5267 625 5334 fuisse
668 5268 1000 5350 provisum
1043 5287 1126 5331 ne
1169 5287 1301 5349 qua
1342 5275 1491 5349 post
1530 5275 1856 5333 recentem
1892 5274 1989 5331 tot
2022 5267 2363 5331 hominum

404 5355 760 5420 interitum
806 5362 1150 5435 appareret
1183 5351 1549 5419 diminutio.

605 5454 828 5510 Calvini
861 5469 1047 5523 opera.
1125 5453 1242 5509 Vol.
1278 5455 1467 5509 XXV.

1818 444 2224 515 REDITUS
2270 446 2400 513 AD
2443 444 2992 515 HISTORIAM.

4283 452 4417 520 306

2638 636 2698 701 8.
2744 634 2834 701 Et
2872 656 2951 701 ex
2987 636 3148 718 filiis
3191 635 3447 703 Phaeca.
3513 636 3843 705 Inseritur
3886 658 4053 723 quae
4095 640 4166 705 in
4210 641 4420 709 nobili

2465 721 2711 786 familia
2757 720 3083 787 acciderat
3124 721 3436 802 concisio,
3503 722 3610 789 vel
3655 724 3739 789 ad
3781 724 4418 795 commendationem

2467 807 2715 891 gratiae
2737 807 2886 886 Dei,
2930 806 3101 889 quod
3137 814 3402 891 accepta
3444 816 3631 875 tanta
3671 809 3945 889 iactura,
3990 811 4418 880 nihilominus

2467 892 2784 976 populosa
2825 893 3022 958 fuerit
3066 892 3278 959 tribus
3318 893 3584 962 Ruben:
3629 895 3739 961 vel
3783 895 3865 962 ad
3909 918 4176 963 causam
4221 896 4416 965 dimi-

2466 977 2756 1045 nutionis
2813 978 3205 1044 notandam:
3271 980 3428 1063 quia
3491 981 3731 1063 alioqui
3789 981 4143 1048 absurdum
4204 983 4418 1050 videri

2465 1073 2759 1146 poterat,
2832 1064 2991 1131 alias
3048 1065 3259 1133 tribus
3318 1085 3462 1130 eam
3526 1066 4015 1135 multitudinem
4081 1090 4415 1153 superare,

2466 1149 2653 1215 cuius
2693 1156 2910 1215 tamen
2957 1159 3144 1216 autor
3187 1158 3254 1216 et
3295 1160 3481 1234 pater
3522 1164 3666 1218 erat
3699 1154 4175 1237 primogenitus
4195 1154 4414 1223 Iacob.

2464 1234 2597 1301 Ubi
2642 1255 2795 1301 vero
2838 1235 3087 1302 deletos
3129 1255 3278 1301 cum
3323 1238 3460 1302 suis
3504 1237 3703 1303 fuisse
3746 1249 4210 1307 commemorat
4251 1240 4419 1308 duos

2468 1320 2637 1386 filios
2680 1320 2908 1402 Eliab,
2966 1320 3254 1387 breviter
3311 1322 3581 1407 attingit
3622 1323 4040 1390 clementiam
4086 1327 4215 1392 Dei
4258 1347 4417 1413 erga

2466 1406 2638 1472 filios
2673 1407 2862 1486 Oore,
2900 1407 3134 1490 quibus
3178 1409 3485 1492 pepercit.
3573 1409 3667 1474 Et
3710 1418 3886 1477 certe
3929 1410 4054 1478 hoc
4097 1432 4231 1477 non
4275 1414 4419 1480 vul·

2466 1512 2626 1575 gare
2684 1493 2809 1558 fuit
2866 1492 3349 1559 misericordiae
3416 1494 3746 1578 specimen
3763 1542 3780 1572 ‚
3843 1517 3975 1560 non
4040 1497 4234 1564 modo
4302 1517 4417 1565 eas

2468 1598 2508 1642 a
2551 1576 2736 1643 clade
2792 1598 3058 1644 servare
3100 1580 3457 1656 immunes,
3512 1579 3626 1645 sed
3668 1601 3754 1645 ex
3807 1580 4023 1648 radice
4066 1581 4417 1650 maledicta

2469 1663 2769 1730 surculos
2811 1674 3036 1745 postea
3079 1666 3398 1744 excitare,
3461 1667 3531 1732 in
3573 1665 3807 1750 quibus
3847 1667 4179 1751 fulgerent
4221 1669 4416 1751 spiri-

2467 1750 2680 1815 tuales
2722 1749 2863 1815 eius
2908 1748 3178 1815 divitiae
3232 1751 3305 1814 in
3359 1772 3774 1818 communem
3834 1753 4140 1821 eeclesiae
4199 1775 4415 1821 usum.

2468 1833 2732 1900 Scimus
2776 1835 2950 1900 enim
3008 1855 3204 1919 quam
3272 1836 3628 1904 honorifica
3679 1838 3942 1922 saepius
3996 1839 4117 1905 fiat
4165 1840 4417 1906 mentio

2468 1921 2611 1985 eius
2677 1919 2976 1986 familiae.
3084 1921 3180 1985 Et
3242 1921 3578 2005 probabile
3641 1932 3774 2004 est,
3838 1924 4151 2007 quosdam
4217 1925 4418 1992 fuisse

2466 2007 2882 2073 Psalmorum
2949 2014 3244 2072 autores:
3324 2018 3515 2092 atque
3580 2011 3674 2074 ita
3736 2009 3974 2093 spiritu
4039 2010 4418 2093 prophetico

2467 2092 2757 2172 donatos,
2804 2112 3003 2175 quum
3050 2112 3241 2156 nemo
3286 2101 3442 2159 tunc
3482 2094 3648 2159 forte
3692 2116 3775 2160 ex
3818 2095 4264 2162 sacerdotibus
4298 2095 4419 2162 tali

2466 2177 2636 2244 dono
2679 2178 2972 2261 polleret.
3041 2177 3226 2244 Haec
3268 2189 3369 2245 est
3407 2179 3732 2263 profunda
3773 2180 3843 2245 in
3888 2181 4089 2248 variis
4129 2190 4196 2247 ct
4238 2182 4420 2249 inae-

2468 2263 2771 2348 qualibus
2814 2263 2943 2330 Dei
2985 2262 3242 2331 iudiciis
3286 2264 3594 2350 abyssus,
3638 2286 3834 2349 quam
3880 2267 4099 2333 sobria
4142 2266 4416 2333 humili-

2469 2359 2604 2415 tate
2648 2349 2940 2416 revereri
2983 2350 3311 2417 convenit.
3379 2351 3647 2421 Interea
3689 2373 3821 2418 una
3855 2373 4010 2419 voce
4045 2352 4420 2420 subindicat

2469 2437 2689 2502 Moses
2733 2456 2852 2501 cur
2907 2437 3149 2500 iterum
3207 2435 3480 2502 eandem
3538 2437 3770 2503 recitet
3828 2438 4201 2503 historiam:
4262 2439 4420 2522 quia

2468 2520 2696 2587 debuit
2739 2519 3152 2586 formidabile
3194 2541 3405 2605 genus
3438 2523 3669 2589 mortis
3699 2523 3873 2588 trahi
3908 2523 3979 2587 in
4021 2531 4418 2606 perpetuum

2469 2605 2840 2689 exemplum
2874 2619 2947 2675 m
2970 2608 3166 2686 enim,
3202 2607 3374 2690 quod
3408 2610 3669 2691 proprie
3690 2608 4008 2675 Hebraeis
4030 2616 4131 2674 est
4152 2610 4416 2692 signum

2468 2700 2586 2758 aut
2626 2691 2976 2773 vexillum,
3036 2712 3230 2775 saepe
3280 2714 3398 2777 pro
3457 2701 3760 2776 portento
3817 2694 4071 2777 capitur
4127 2692 4303 2777 quod
4345 2694 4415 2759 in

2470 2778 2967 2844 admirationem
3013 2779 3191 2861 capit
3226 2800 3458 2846 sensus
3500 2779 3877 2859 hominum,
3922 2786 3990 2845 et
4032 2779 4232 2845 simul
4275 2779 4418 2844 ani-

2468 2884 2612 2929 mos
2654 2872 2833 2929 metu
2875 2864 3188 2945 percellit.

2646 2950 2744 3016 19.
2814 2949 2975 3015 Filii
3034 2950 3220 3016 Iuda.
3312 2948 3538 3032 Quum
3605 2957 3740 3016 tam
3808 2971 4158 3016 numerosa
4221 2949 4420 3015 fuerit

2468 3035 2678 3102 tribus
2711 3036 2898 3114 Iuda,
2942 3036 3193 3119 gratiae
3228 3033 3356 3102 Dei
3400 3035 3927 3121 magnitudinem
3973 3037 4098 3103 hac
4139 3035 4420 3103 circum-

2468 3122 2714 3187 stantia
2758 3122 3112 3204 amplificat
3156 3122 3405 3198 Moses‚
3463 3122 3634 3206 quod
3679 3142 3759 3189 ex
3807 3123 4015 3188 tribus
4057 3121 4212 3187 filiis
4254 3141 4419 3205 quos

2470 3217 2807 3291 genuerat,
2853 3208 2981 3271 duo
3027 3208 3345 3290 perierint
3384 3209 3455 3273 iu
3493 3218 3670 3275 terra
3691 3207 4031 3288 chanaan,
4076 3228 4206 3291 qua
4244 3204 4419 3273 orbi-

2470 3302 2606 3358 tate
2650 3293 2860 3358 videri
2905 3302 3162 3376 poterat
3218 3292 3568 3360 damnatus
3620 3302 3970 3377 perpetuae
4025 3292 4416 3360 sterilitatis.

2470 3378 2794 3445 Oumulns
2837 3399 2992 3443 vero
3032 3378 3561 3462 incomparabilis
3602 3377 4081 3445 misericordiae
4125 3378 4417 3458 accessit,

2469 3463 2625 3531 dum
2671 3464 2793 3530 filii
2836 3464 2963 3529 duo
3006 3485 3089 3530 ex
3134 3463 3437 3547 pudenda
3474 3464 3761 3549 origine,
3819 3472 3886 3530 et
3940 3465 4190 3531 incesto
4241 3465 4418 3532 coitu

2468 3552 2625 3630 nati,
2669 3551 2741 3614 in
2788 3560 3047 3615 tantum
3091 3551 3403 3632 populum
3448 3559 3901 3617 excreverunt.

2640 3637 2742 3701 28.
2834 3635 3001 3702 Filii
3075 3636 3319 3719 Ioseph.
3449 3636 3751 3702 Notanda
3839 3644 3939 3703 est
4014 3636 4416 3720 comparatio

2467 3724 2642 3788 inter
2686 3725 2848 3788 duas
2892 3723 3099 3787 tribus
3143 3742 3224 3786 ex
3284 3743 3413 3787 uno
3468 3723 3678 3806 capite
3733 3721 4128 3805 progenitas.
4217 3719 4414 3802 Quod

2466 3811 2662 3874 unius
2699 3817 2955 3873 tantum
3001 3807 3119 3872 filii
3155 3817 3341 3891 pater
3376 3809 3497 3872 fuit
3518 3809 3855 3874 Manasse:
3900 3809 3995 3872 ita
4030 3816 4188 3873 tunc
4222 3827 4414 3889 prae·

2464 3895 2643 3960 ludio
2702 3894 2979 3977 quodam
3039 3894 3525 3976 comprobatum
3584 3894 3714 3959 fuit
3767 3893 4150 3958 vaticinium
4195 3889 4414 3972 Iacob,

2465 3981 2619 4046 dum
2730 3982 3279 4064 pronunciaverat
3387 3980 3889 4063 primogenitum
3991 3978 4191 4043 fratre
4292 3998 4414 4045 suo

2466 4067 2784 4151 Ephraim
2808 4066 2916 4148 qui
2942 4066 3156 4130 minor
3189 4073 3350 4131 natu
3385 4075 3544 4143 erat,
3585 4066 3898 4130 minorem
3934 4065 4090 4129 fore.
4150 4063 4416 4130 Interea

2465 4162 2682 4218 tamen
2731 4152 2923 4235 longe
2969 4151 3229 4233 lateque
3273 4151 3510 4216 diffusa
3560 4151 3689 4215 fuit
3734 4151 3858 4215 Dei
3919 4149 4282 4216 benedictio
4327 4148 4410 4215 ad

2463 4260 2672 4323 genus
2693 4238 2899 4319 ipsius
2934 4236 3444 4320 propagandum,
3482 4244 3556 4300 ut
3591 4234 3837 4302 tribum
3858 4236 4097 4302 Ruben
4135 4255 4412 4302 numero

2464 4323 2944 4406 superaverint.
3034 4323 3244 4387 Porro
3288 4342 3484 4405 quum
3526 4326 3877 4384 πολυτεκνία
3934 4341 4063 4404 qua
4121 4334 4412 4403 praesta-

2464 4408 2623 4475 bant
2663 4408 2910 4493 posteri
2951 4407 3267 4491 Ephraim
3288 4458 3303 4487 ,
3368 4406 3685 4490 quaedam
3739 4414 3911 4473 esset
3952 4407 4411 4473 foecunditatis

2463 4496 2710 4579 imago:
2757 4494 3144 4559 excellentia
3186 4503 3403 4558 tamen
3450 4504 3517 4556 et
3561 4493 3846 4577 dignitas
3891 4492 3971 4557 de
4015 4514 4146 4575 qua
4189 4492 4414 4557 vatici·

2464 4592 2656 4648 natus
2697 4581 2913 4645 fuerat
2954 4578 3182 4656 Iacob,
3242 4579 3312 4643 in
3357 4579 3621 4661 longum
3683 4589 3940 4662 tempus
3999 4579 4199 4643 dilata
4257 4579 4410 4643 fuit:

2462 4670 2614 4751 quia
2659 4668 2720 4730 in
2770 4665 2894 4732 hoc
2938 4686 3138 4730 censu
3184 4664 3377 4730 tertia
3418 4666 3679 4731 circiter
3722 4676 3911 4749 parte
3969 4664 4237 4729 inferior
4281 4663 4409 4729 fuit

2464 4754 2674 4819 tribus
2718 4751 3073 4833 Ephraim,
3133 4751 3235 4816 cui
3291 4761 3507 4816 tamen
3567 4751 3891 4835 promissa
3943 4751 4154 4814 fuerat
4196 4750 4410 4814 maior

2464 4841 2663 4922 eopia.
2768 4837 3093 4918 Quamvis
3156 4858 3312 4920 ergo
3370 4858 3498 4903 non
3560 4838 3806 4901 frustra
3870 4835 4177 4917 loquutus
4234 4844 4409 4917 esset

2466 4925 2678 5002 Deus,
2738 4926 2834 4989 rei
2879 4922 3193 4988 exhibitio
3238 4943 3367 4988 non
3413 4922 3636 4988 statim
3696 4921 4015 5005 apparuit.
4103 4920 4184 4984 In
4229 4920 4406 4985 tribu

2466 5012 2615 5077 Dan
2652 5031 2795 5076 sese
2830 5010 3123 5074 exseruit
3155 5008 3554 5074 incredibilis
3591 5010 3820 5073 virtus.
3881 5004 4407 5087 Contemptibilis

2464 5104 2611 5162 erat
2665 5097 2837 5161 inter
2899 5095 3164 5160 fratres:
3231 5114 3605 5178 quanquam
3659 5093 3790 5158 iam
3850 5089 4091 5174 gradus
4145 5092 4405 5174 imperii

2463 5202 2810 5249 concessus
2851 5181 3067 5246 fuerat
3110 5181 3215 5246 his
3256 5181 3504 5246 verbis:
3549 5180 3701 5243 Dan
3743 5176 4057 5242 iudicabit
4089 5177 4406 5260 populum

2466 5290 2692 5334 suum:
2750 5266 2816 5332 id
2871 5276 3092 5332 tamen
3146 5264 3617 5350 pronunciabat
3674 5262 3867 5328 Iacob
3932 5274 4244 5344 tanquam
4303 5265 4407 5328 in-

2467 5353 2791 5423 credibile.
2875 5352 3104 5420 Unum
3163 5353 3485 5418 duntaxat
3533 5349 3742 5414 filium
3786 5348 4090 5432 genuisse
4133 5347 4407 5414 dicitur:
