5017 6142
371 468 504 538 205

376 680 611 746 greges
669 657 1027 738 ductando,
1082 655 1425 723 erraticam
1478 654 1685 721 vitam
1744 663 1971 740 agunt.
2062 654 2324 721 Scorta-

376 747 587 812 tiones
641 743 1081 829 metaphorice
1139 751 1327 809 vocat
1371 742 1608 825 impias
1652 740 2045 809 defectiones
2091 740 2327 825 quibus

378 853 451 898 se
498 837 944 915 corruperant.
1034 828 1202 897 Nam
1250 849 1334 894 ex
1376 848 1503 911 quo
1557 847 1666 894 eos
1711 827 1833 894 sibi
1893 825 2327 911 desponderat

378 916 564 985 Deus
635 918 706 983 in
782 914 1113 1000 peculium
1132 966 1148 994 ,
1225 933 1383 982 vera
1457 924 1682 979 eorum
1755 912 2017 980 castitas
2076 912 2324 990 fnisset,

378 1005 636 1070 sincera
686 1000 816 1068 fide
872 1001 1013 1067 eius
1068 1000 1350 1084 gratiam
1411 999 1747 1082 amplecti,
1809 1006 1877 1064 et
1936 997 2129 1064 simul
2188 999 2327 1063 eius

377 1088 654 1172 imperio
718 1109 790 1154 se
855 1085 1172 1152 addicere.
1263 1086 1464 1168 Atqui
1539 1104 1776 1169 purum
1856 1085 1996 1151 eius
2075 1083 2326 1152 cultum

378 1173 738 1241 abiiciendo
799 1181 1110 1256 tanquam
1178 1191 1351 1255 vaga
1393 1178 1607 1237 scorta
1645 1189 1904 1236 sacrum
1950 1170 2326 1254 coniugium

379 1267 717 1343 ruperunt.
807 1258 1159 1325 Caeterum
1242 1257 1362 1322 hoc
1430 1255 1732 1340 exemplo
1803 1255 2119 1324 docemur
2174 1275 2329 1339 quo-

378 1345 573 1412 modo
638 1343 822 1411 Deus
887 1344 1295 1427 iniquitatem
1364 1350 1621 1425 patrum
1683 1343 1754 1407 in
1820 1342 1990 1409 filios
2054 1341 2327 1419 10110101,

377 1452 500 1499 nec
534 1438 760 1496 tamen
794 1449 1184 1513 quemquam
1222 1428 1548 1493 immerito
1584 1429 1881 1512 castiget:
1930 1429 2079 1511 quia
2112 1434 2324 1510 poste-

377 1517 542 1583 ritas
587 1516 667 1582 de
701 1535 830 1599 qua
873 1515 1105 1598 agitur,
1150 1514 1449 1597 quamvis
1492 1512 1769 1580 alienam
1806 1512 2065 1597 culpam
2099 1513 2327 1591 lueret,

378 1622 514 1668 1100
560 1608 702 1667 0101
749 1609 966 1667 101000
1017 1601 1157 1683 ipsa
1214 1600 1501 1666 innoxia.
1592 1597 1725 1667 Sed
1779 1601 1852 1664 in
1900 1599 2156 1666 iudiciis
2201 1596 2327 1663 Dei

379 1709 639 1772 semper
694 1696 795 1753 001
844 1684 1167 1772 profunda
1208 1686 1518 1771 abyssus,
1578 1688 1646 1750 in
1691 1706 1884 1768 quam
1945 1686 2001 1751 si
2037 1683 2327 1769 demergi

378 1774 638 1851 metuis,
684 1772 883 1840 adora
918 1770 1088 1856 quod
1125 1772 1488 1855 percontari
1522 1772 1620 1838 fas
1648 1793 1777 1837 non
1823 1778 1940 1837 est.
1985 1770 2078 1836 Et
2107 1778 2325 1834 tamen

380 1858 652 1926 dubium
697 1879 829 1924 non
874 1867 976 1924 est
1016 1857 1174 1940 quin
1217 1856 1343 1924 1100
1386 1877 1636 1942 quoque
1695 1855 1885 1922 modo
1928 1854 2331 1923 consuluerit

378 1943 566 2012 Deus
609 1965 835 2010 eorum
887 1943 1082 2010 saluti
1127 1964 1199 2008 er
1247 1964 1285 2008 a
1342 1963 1503 2026 quos
1538 1943 1718 2009 visus
1762 1949 1862 2007 est
1902 1942 2164 2026 signum
2213 1940 2328 2006 ali-

422 2031 555 2098 uod
609 2031 665 2095 ri
713 2029 843 2095 oris
897 2028 1072 2095 dare.
1224 2029 1591 2112 xspectavit
1653 2028 1830 2094 enim
1891 2049 2022 2093 non
2068 2035 2326 2093 tantum

380 2052 587 2183 donec
717 2115 1092 2195 oleseerent,
1139 2112 1250 2180 sed
1287 2117 1503 2195 etiam,
1552 2114 1721 2197 qnod
1765 2114 1924 2198 ipsis
1959 2114 2121 2178 utile
2167 2120 2328 2189 erat,

380 2200 590 2269 donec
635 2202 1017 2287 colligerent
1066 2201 1254 2266 virile
1296 2199 1526 2281 robur,
1572 2221 1744 2267 nova
1785 2220 2035 2284 quoque
2078 2198 2329 2265 soboles

381 2288 786 2373 gigneretur.
874 2284 1252 2353 Secundum
1312 2306 1661 2352 numerum
1714 2305 1975 2351 causam
2037 2284 2331 2368 assignat

381 2395 500 2439 cur
567 2374 819 2440 reiiciat
883 2371 1186 2439 effectum
1245 2371 1695 2456 promissionis
1747 2392 1921 2437 ‚suae
1983 2370 2055 2435 in
2121 2389 2329 2435 annos

381 2458 849 2544 quadraginta:
893 2478 1129 2543 nempe
1164 2465 1240 2523 ut
1272 2478 1394 2541 pro
1437 2457 1664 2525 diebus
1708 2456 1882 2522 male
1925 2456 2332 2539 consumptis

384 2543 660 2610 totidem
741 2564 949 2610 annos
1028 2543 1361 2628 rependat.
1455 2542 1678 2625 Quum
1746 2563 1956 2627 nuper
2021 2541 2331 2625 loquutus

380 2637 557 2698 esset
591 2630 671 2696 de
707 2629 878 2708 filiis,
922 2629 1004 2694 ad
1048 2630 1226 2714 ipsos
1271 2627 1531 2694 sceleris
1569 2638 1824 2694 autores
1866 2628 2102 2694 iterum
2141 2624 2331 2707 redit,

382 2717 494 2800 qui
562 2716 758 2800 longo
822 2715 935 2782 illo
992 2715 1305 2797 temporis
1366 2715 1642 2782 decursu
1707 2715 1891 2797 quasi
1950 2714 2128 2780 lenta
2182 2712 2332 2777 tabe

381 2804 757 2886 consumpti
820 2809 995 2868 sunt.
1084 2801 1338 2867 Nomen
1403 2813 1597 2869 mmm
1675 2820 1793 2884 pro
1868 2822 1995 2884 qno
2075 2796 2330 2864 reddidi

379 2886 765 2969 vanitatem,
811 2886 1148 2953 descendit
1181 2906 1219 2952 a
1254 2886 1456 2953 verbo
1494 2898 1589 2955 m)
1625 2884 1797 2969 quod
1833 2886 2159 2971 significat
2193 2884 2332 2949 irri-

379 2981 525 3039 tum
590 2973 820 3039 facere.
911 2972 1152 3039 Varios
1209 2982 1430 3038 tamen
1490 2993 1720 3038 sensus
1785 2972 2057 3037 eliciunt
2126 2970 2329 3034 inter·

380 3068 625 3145 pretes.
713 3058 997 3141 Quidam
1043 3060 1136 3125 sic
1177 3065 1550 3142 exponunt:
1609 3057 2030 3143 Oognoseetis
2080 3077 2166 3121 an
2209 3075 2330 3140 ego

381 3145 505 3213 sim
544 3145 862 3223 mendax,
910 3143 1015 3209 vel
1057 3165 1143 3211 an
1183 3144 1399 3210 inanis
1444 3144 1702 3209 futurus
1746 3144 1834 3208 sit
1875 3163 2089 3209 sermo
2126 3161 2329 3207 meus.

380 3231 524 3297 Alii
559 3229 1061 3315 prohibitionem
1098 3238 1449 3307 vertent-es,
1493 3229 1754 3314 longius
1796 3228 2130 3295 recedunt.
2177 3226 2329 3307 Sed,

381 3337 533 3384 meo
598 3316 869 3395 10111010,
934 3315 1184 3383 ironica
1247 3324 1347 3381 est-
1403 3315 1765 3394 concessio,
1833 3335 1962 3398 qua
2022 3315 2205 3380 Deus
2263 3312 2329 3377 in

382 3400 836 3469 detestabilem
882 3422 1106 3467 eorum
1151 3400 1520 3485 superbiam
1566 3400 1931 3480 invehitur,
1987 3420 2154 3483 quae
2196 3419 2328 3463 000

382 3488 517 3554 0110
576 3486 882 3554 tendebat
937 3509 1131 3571 quam
1177 3495 1254 3553 ut
1295 3489 1439 3554 Deo
1496 3484 1906 3553 mendacium
1964 3484 2333 3563 obiicerem,

384 3582 448 3640 et
507 3574 1068 3641 calumniarentur
1125 3573 1265 3639 0100
1310 3572 1513 3638 verba
1560 3593 1783 3638 carere
1840 3572 2095 3638 effectu.
2185 3568 2334 3636 Nisi

381 3659 558 3726 forte
614 3680 678 3724 m
771 3659 824 3724 's
860 3660 1116 3744 placeat
1157 3660 1417 3744 passive
1460 3658 1785 3742 accipere:
1845 3658 1997 3742 quia
2049 3656 2332 3743 populus

385 3752 660 3814 conatus
794 3753 935 3811 erat
992 3746 1211 3811 Deum
1255 3746 1470 3829 ipsum
1514 3744 1696 3828 quasi
1740 3738 2098 3809 exinanire.
2185 3742 2332 3827 Ego

386 3840 607 3897 tamen
654 3851 921 3897 sensum
957 3831 1146 3897 illum
1208 3832 1400 3896 ’01100
1445 3830 1820 3914 amplector,
1864 3830 2032 3896 serio
2076 3827 2332 3912 experi-

384 3926 610 3983 mento
643 3938 967 3997 sensuros,
1006 3852 1326 3984 frivolane
1361 3939 1436 3983 00
1459 3936 1633 3983 vana
1664 3917 1795 3982 sint
1833 3915 1959 3982 Dei
1993 3915 2331 3999 promissa.

388 4003 597 4068 Porro
651 4002 932 4070 tenenda
990 4016 1088 4068 est
1144 4002 1501 4068 admonitio
1552 4001 1909 4087 prophetae
1944 4021 2139 4084 quam
2184 3999 2332 4065 atti-

386 4089 641 4173 gimus:
700 4108 895 4172 quam
954 4088 1310 4174 Apostolus
1352 4086 1550 4175 (Heb.
1595 4088 1655 4167 4,
1699 4085 1769 4175 6)
1811 4088 1880 4152 in
1966 4093 2333 4152 raesentem

385 4196 584 4241 usum
629 4174 1106 4241 accommodat:
1145 4174 1300 4259 quia
1334 4173 1581 4242 scilicet
1611 4173 1809 4239 hodie
1843 4194 1928 4238 00
1972 4172 2029 4237 10
2064 4173 2336 4238 offertur

387 4259 622 4326 melior
656 4260 935 4344 requies,
982 4259 1344 4326 timendum
1366 4282 1508 4328 0000
1530 4280 1616 4325 00
1637 4260 1718 4326 ab
1742 4281 1820 4324 ea
1851 4279 1972 4325 nos
1998 4257 2337 4343 prohibeat

386 4345 832 4412 incredulitas.
897 4344 1128 4431 Neque
1172 4345 1347 4412 enim
1392 4346 1549 4412 satis
1592 4352 1694 4411 001
1733 4353 2096 4428 porrectam
2134 4342 2338 4409 semel

385 4432 577 4498 nobis
615 4432 816 4499 fuisse
858 4429 989 4497 Dei
1032 4452 1320 4512 manum,
1356 4432 1485 4497 0101
1518 4432 1600 4498 ab
1645 4450 1722 4497 ea
1756 4451 1877 4497 nos
1921 4430 2116 4515 dirigi
2159 4430 2335 4495 sina-

385 4538 559 4598 mus,
602 4515 806 4584 donec
848 4519 1169 4602 completa
1214 4527 1475 4583 1011000
1517 4516 2044 4602 peregrinatione
2079 4517 2148 4581 10
2191 4537 2336 4583 000-

388 4604 624 4670 1001001
667 4604 953 4687 quietem
997 4625 1116 4670 nos
1158 4603 1493 4687 perducat.

563 4689 667 4754 36.
745 4689 890 4755 Viri
932 4690 1144 4774 itaque
1176 4689 1295 4756 mi.
1363 4687 1557 4770 Quod
1594 4685 1827 4755 volunt
1867 4686 2130 4772 quidam
2176 4686 2340 4752 anti-

389 4776 783 4859 cipationem
843 4796 1017 4855 esse,
1077 4775 1264 4841 nullo
1322 4772 1514 4841 modo
1565 4774 1894 4858 probatur.
1982 4772 2119 4838 Nec
2163 4772 2334 4837 enim

390 4859 662 4927 dubium
721 4871 821 4927 est
878 4862 1038 4945 quin
1097 4862 1315 4927 Moses
1369 4861 1764 4945 peculiarem
1822 4858 2148 4943 exprimat
2192 4859 2337 4923 vin·

391 4946 630 5014 dietam
653 5000 669 5027 ,
738 4967 903 5031 quae
964 4945 1042 5011 de
1101 4947 1368 5030 perfidis
1435 4943 1959 5030 exploratoribus
2021 4943 2340 5011 divinitus

390 5032 711 5098 sumenda
744 5039 906 5099 erat.
963 5031 1261 5099 Antehac
1305 5032 1612 5099 disseruit
1647 5030 1726 5095 de
1762 5031 2088 5097 communi
2135 5030 2340 5095 totius

436 5114 615 5202 opuli
644 5137 885 5202 poena:
922 5140 1096 5186 nunc
1140 5117 1363 5185 decem
1393 5117 1693 5184 homines
1736 5116 1801 5269 gl
1892 5139 1930 5183 a
1974 5119 2340 5200 percutien-

435 5226 508 5271 os
534 5225 1067 5285 commemorans,
1096 5204 1420 5289 significat
1445 5205 1654 5269 Deum
1697 5224 1735 5268 a
1803 5203 1845 5267 il
1877 5204 1932 5268 is
1955 5222 2338 5268 exorsurum

392 5310 565 5356 esse:
628 5301 703 5355 ut
748 5289 986 5357 illustri
1030 5298 1098 5355 et
1140 5290 1415 5356 notabili
1461 5289 1849 5355 documento
1889 5288 2102 5372 palam
2150 5288 2345 5353 faciat

391 5397 591 5461 quam
670 5378 960 5461 graviter
1030 5377 1318 5443 offensus
1385 5389 1557 5443 esset
1619 5374 1735 5439 illo
1800 5375 1997 5440 nimis
2071 5373 2342 5459 indigno

1790 466 2198 535 REDI'PUS
2240 466 2371 533 AD
2411 462 2959 536 HISTORIAM.

4249 471 4378 537 206

2430 656 2680 740 gratiae
2735 676 2893 722 suae
2947 664 3341 741 contemptu.
3433 657 3612 741 Ergo
3668 679 3842 724 mors
3888 678 4114 724 eorum
4159 660 4378 726 subita

2430 749 2498 807 et
2535 741 2903 826 prodigiosa
2948 742 3076 809 fnit
3120 743 3383 826 reliquis
3426 741 3728 809 omnibus
3773 744 4094 828 quoddam
4132 765 4377 828 poenae

2430 847 2596 911 quae
2630 828 2804 911 ipsos
2839 828 3144 894 manebat
3177 828 3611 915 praesagium.
3678 829 3849 895 Nam
3893 830 4105 915 primo
4139 851 4377 897 nomen

2429 913 2667 998 plagae
2709 913 3148 998 emphaticum
3194 924 3324 994 est,
3369 915 3557 998 quasi
3599 912 3845 981 diceret
3888 937 4019 981 000
4073 936 4192 982 000
4241 918 4376 982 fato

2431 1020 2554 1065 nec
2614 1000 3005 1065 naturaliter
3055 1001 3394 1083 perituros.
3482 1001 3738 1066 Deinde
3795 1021 3914 1085 per
3957 1011 4376 1085 conspectum

2432 1084 2563 1151 Dei
2621 1084 2799 1152 aliud
2859 1086 3183 1170 significat
3241 1106 3433 1169 quam
3478 1085 3536 1152 si
3580 1084 3887 1166 dixisset,
3944 1109 4158 1153 coram
4210 1089 4374 1154 Deo.

2431 1171 2664 1253 Neque
2724 1171 2898 1236 enim
2957 1172 3144 1237 Deus
3188 1178 3509 1256 spectator
3553 1180 3811 1238 tantum
3856 1172 4011 1238 fuit:
4069 1173 4183 1238 sed
4227 1194 4377 1239 raro

2434 1265 2504 1322 et
2558 1256 2819 1323 insolito
2864 1257 3054 1323 modo
3111 1264 3508 1340 exsequutus
3562 1265 3660 1323 est
3715 1256 4120 1323 formidabile
4187 1279 4375 1324 suum

2431 1342 2766 1421 1011101010,
2812 1362 2887 1408 00
2930 1343 2984 1409 01
3025 1344 3240 1427 palam
3288 1341 3573 1408 tribunal
3620 1341 4096 1410 conscenderet.
4186 1343 4378 1424 Quod

2432 1429 2631 1493 etiam
2694 1429 2932 1494 clarius
2988 1429 3200 1511 patuit
3255 1427 3412 1493 dum
3476 1428 3677 1493 vitam
3733 1430 4115 1513 prorogavit
4176 1428 4376 1496 Caleb

2433 1525 2501 1579 et
2555 1512 2869 1594 Iehosue,
2927 1515 3040 1598 qui
3098 1536 3303 1598 usque
3359 1512 3443 1580 ad
3486 1516 3685 1580 finem
3746 1516 4020 1599 praefixi
4065 1515 4379 1598 temporis

2433 1599 2554 1664 soli
2598 1599 2868 1665 fuerunt
2902 1620 2987 1665 ex
3021 1599 3137 1665 illa
3171 1599 3595 1685 generatione
3631 1602 4028 1682 superstites.
4191 1622 4376 1665 erum

2433 1683 2698 1768 quidem
2765 1697 2895 1765 est,
2964 1686 3163 1752 verba
3229 1707 3370 1753 esse
3437 1686 3773 1770 praeteriti
3839 1697 4180 1772 temporis:
4263 1684 4378 1752 sed

2432 1770 2589 1854 quia
2631 1771 2807 1837 clara
2851 1778 2992 1837 erat
3034 1772 3371 1855 πρόληψις,
3414 1780 3674 1855 tempus
3713 1779 3968 1837 mutare
4014 1793 4145 1838 000
4191 1772 4377 1837 dubi·

2432 1856 2601 1923 tavi:
2661 1858 2830 1940 quod
2882 1858 2970 1922 110
3023 1878 3143 1922 000
3191 1857 3350 1923 00110
3406 1857 3637 1923 tritum
3698 1867 3832 1937 est,
3893 1868 4086 1942 atque
4143 1858 4377 1925 melius

2432 1942 2735 2010 cohaeret
2780 1878 3040 2030 01011οᾗ.
4233 1953 4240 1961 ’

3008 2283 3139 2349 EX
3186 2280 3455 2351 DEUT.
3503 2282 3703 2352 CAP.
3748 2285 3803 2351 I.

2608 2454 2712 2521 34.
2752 2454 3021 2522 Audivit
3054 2461 3264 2521 autem
3287 2453 3520 2520 Iehova
3558 2476 3757 2522 vocem
3789 2456 4116 2524 verborum
4155 2462 4381 2524 vestro-

2435 2562 2614 2620 rum,
2670 2542 2997 2623 iratusque
3052 2547 3171 2620 est,
3232 2560 3307 2607 ac
3364 2542 3638 2623 iuravit,
3685 2542 3984 2609 dicendo:
4071 2542 4173 2609 35.
4234 2543 4380 2609 Non

2433 2627 2663 2694 videbit
2715 2627 3050 2710 quisquam
3106 2647 3181 2692 ωε
3237 2625 3593 2693 hominihus
3654 2627 3792 2694 iuis
3852 2630 3928 2695 de
3988 2630 4382 2712 yeneratione

2434 2712 2607 2780 mala
2661 2712 2777 2778 11αο
2829 2717 3065 2778 terram
3121 2710 3347 2778 bonam
3403 2732 3593 2795 quam
3629 2715 3867 2780 Amavi
3922 2733 4020 2778 me
4081 2714 4383 2779 daturum

2423 2797 2723 2882 patribus
2764 2800 3004 2865 vestris.
3086 2797 3187 2863 36.
3239 2796 3509 2864 Praeter
3556 2797 3738 2866 00Ζώ
3774 2798 3987 2881 filium
4031 2797 4382 2880 Iephuneh:

2433 2887 2572 2969 ipse
2614 2884 2774 2950 enim
2832 2883 3059 2950 videbit
3103 2904 3241 2951 eam
3256 2935 3272 2964 ,
3330 2885 3508 2967 eique
3548 2883 3708 2950 dabo
3751 2891 3984 2950 terram
4028 2905 4218 2967 quam
4260 2883 4382 2950 cal-

2434 2972 2631 3124 igvvit,
2690 2976 2746 3036 et
2794 2969 2955 3052 filiis
3011 2971 3180 3051 0100,
3232 2990 3299 3036 00
3351 2971 3513 3055 quod
3569 2970 3930 3056 adimplevit
3970 2971 4067 3036 ire
4097 2974 4240 3055 post
4283 2970 4382 3036 Ie-

2548 3076 2672 3123 am.

3016 3396 3135 3462 E'r
3180 3395 3495 3465 PAULO
3543 3394 3793 3463 POST.

2606 3567 2710 3635 39.
2758 3567 2976 3634 Etiam
3006 3569 3273 3651 parmai
3313 3568 3534 3648 vesbri,
3580 3567 3655 3634 de
3697 3566 3921 3649 quibus
3959 3567 4252 3634 dixistis:
4296 3568 4381 3634 In

2425 3656 2739 3738 praedam
2781 3659 2991 3734 erunt,
3048 3674 3122 3720 ac
3159 3653 3286 3738 filii
3327 3655 3546 3730 vestri,
3608 3655 3720 3737 qai
3762 3673 3891 3719 non
3932 3658 4161 3719 norunt
4199 3651 4383 3720 hodie

2435 3742 2662 3808 bonum
2705 3760 2814 3806 nec
2854 3741 3115 3820 malum,
3160 3740 3292 3822 ipsi
3334 3739 3658 3806 intrabunt
3699 3738 3881 3819 illuc,
3927 3738 4179 3822 illisque
4220 3740 4380 3805 dabo

2437 3848 2575 3895 eam
2596 3877 2612 3906 ,
2670 3832 2727 3892 et
2780 3826 2911 3910 ipsi
2955 3825 3364 3910 possidebunt
3406 3846 3563 3892 eam.
3654 3825 3760 3891 40.
3823 3825 3945 3891 Vos
3989 3830 4194 3891 autem
4237 3844 4380 3891 con-

2435 3914 2606 3981 versi
2628 3913 3109 3996 proficiscimini
3141 3912 3213 3977 in
3248 3912 3555 3978 desertum
3587 3932 3711 3994 per
3743 3911 3916 3977 viam
3949 3912 4153 3977 maris
4181 3909 4378 3992 Suph.

2613 4083 2715 4150 34.
2764 4083 3036 4150 Audivit
3078 4087 3285 4150 autem
3322 4082 3569 4149 Iehova.
3638 4081 3815 4164 Quid
3853 4082 3975 4148 sibi
4012 4080 4172 4147 velit
4209 4080 4382 4145 istud

2441 4168 2668 4237 audire
2720 4168 2850 4235 Dei
2907 4169 3063 4235 alibi
3130 4169 3376 4236 dictum
3443 4177 3571 4249 est,
3637 4189 3871 4251 nempe
3929 4165 4148 4232 Deum
4215 4166 4382 4232 nihil

2440 4256 2635 4324 celari
2696 4276 2915 4341 posse,
2976 4255 3131 4339 quin
3191 4255 3411 4320 omnia
3466 4264 3690 4320 nostra
3742 4252 3913 4320 dicta
3972 4262 4036 4318 et
4084 4253 4257 4319 facta
4300 4250 4384 4318 ad

2438 4342 2877 4428 cognitionem
2914 4349 2981 4407 et
3016 4341 3329 4407 iudicium
3356 4350 3578 4407 vocet:
3618 4338 3816 4426 [quod
3841 4346 4071 4404 notatu
4108 4339 4171 4402 di
4222 4359 4380 4404 num

2441 4428 2594 4513 estJ.
2658 4427 3013 4511 Nunquam
3049 4428 3221 4491 enim
3247 4425 3562 4492 adversus
3585 4446 3734 4490 eum
3758 4426 4132 4510 obstrepere
4215 4423 4380 4490 omi-

2441 4534 2562 4579 nes
2627 4513 2961 4589 auderent,
3027 4512 3155 4577 nisi
3219 4534 3303 4578 ex
3359 4512 3501 4579 eius
3560 4512 3859 4577 absentia
3921 4511 4380 4595 promitterent

2441 4597 2565 4667 sibi
2631 4600 3111 4683 impunitatem.
3220 4596 3525 4665 Secundo
3591 4617 3845 4682 quoque
3925 4597 4079 4663 hinc
4159 4597 4379 4679 liquet,

2441 4687 2658 4752 Deum
2706 4684 2817 4769 qui
2860 4685 3070 4750 iustus
3111 4693 3213 4750 est
3254 4684 3454 4750 iudex
3501 4705 3632 4749 non
3677 4692 3922 4749 temere
3957 4700 4380 4766 prorumpere

2443 4771 2525 4836 ad
2572 4790 2845 4856 poenam
2893 4769 2971 4836 de
3015 4770 3390 4837 hominibus
3433 4766 3850 4848 sumendam,
3912 4789 4034 4834 000
4078 4786 4377 4832 severum

2443 4878 2586 4924 esse
2646 4857 2772 4923 nisi
2831 4876 3024 4923 causa
3082 4857 3279 4940 probe
3322 4857 3602 4941 cognita.
3691 4853 4016 4939 Intelligit
4060 4872 4215 4938 ergo
4259 4872 4380 4915 000

2443 4944 2616 5028 ipsos
2689 4941 3097 5009 contumacia
3166 4951 3231 5007 et
3294 4942 3617 5025 pravitate
3679 4951 3854 5008 certa
3917 4947 3982 5004 et
4046 4936 4380 5021 praesenti

2444 5028 2852 5095 haereditate
2899 5028 3099 5094 fuisse
3143 5027 3452 5112 privatos.

2616 5114 2719 5180 39.
2759 5113 2978 5180 Etiam
3023 5113 3285 5197 parvuli
3341 5114 3548 5179 vestri.
3634 5111 3779 5177 Iam
3839 5116 3990 5176 ante
4046 5107 4376 5189 admonui,

2445 5201 2663 5266 Deum
2714 5201 2802 5265 ita
2846 5199 3160 5266 iudicium
3205 5220 3394 5265 suum
3442 5214 3865 5281 temperasse,
3925 5200 4018 5260 ut'
4060 5215 4248 5259 nemo
4293 5216 4377 5260 ex

2447 5286 2743 5352 sontibus
2783 5286 3052 5369 impune
3109 5286 3447 5363 evaderet,
3505 5293 3799 5348 maneret
3858 5291 4079 5346 tamen
4125 5292 4269 5346 rata
4312 5290 4379 5346 et

2446 5372 2842 5439 inviolabilis
2889 5372 3028 5437 eius
3072 5372 3265 5450 fides,
3331 5391 3412 5435 ne
3470 5368 3803 5434 hominum
3863 5366 4109 5432 malitia
4152 5365 4379 5431 foedus
