5017 6142
490 426 617 494 125

486 640 646 686 meu
699 638 818 685 eur
876 618 1085 685 altare
1134 618 1492 687 holocausti
1552 619 2012 687 excellentiore
2067 619 2279 704 elogio
2324 620 2423 687 in-

490 706 753 789 signiat.
842 706 1016 773 Nam
1075 726 1277 788 quum
1336 706 1827 772 tabernaculum
1874 725 2024 770 cum
2068 707 2207 771 suis
2254 707 2424 773 vasis

489 791 875 874 simpliciter
898 800 1201 857 sanctum
1224 791 1482 869 dixerit,
1518 792 1737 875 ipsum
1768 792 1977 855 altare
2012 800 2202 857 vocat
2236 812 2423 857 sanc-

492 886 630 941 tum
714 885 1119 943 sanctorum:
1200 897 1321 960 pro
1394 897 1519 957 quo
1590 884 2072 943 sacrosanctum
2149 876 2421 943 reddidi.

490 961 643 1027 Non
679 962 904 1027 dubito
941 963 1098 1046 quin
1144 963 1269 1029 hoo
1309 983 1551 1029 nomen
1592 971 1931 1028 mutuetur
1972 981 2011 1026 a
2053 964 2422 1029 sacrificiis:

490 1068 655 1130 quae
705 1049 799 1114 sio
859 1048 1058 1115 etiam
1119 1047 1290 1113 dicta
1353 1058 1508 1113 sunt
1551 1048 1941 1131 expiationis
1985 1057 2303 1131 respectu,
2348 1059 2424 1114 ut

490 1132 643 1199 alibi
704 1134 920 1198 visum
967 1134 1112 1199 fuit.
1198 1133 1434 1199 Edocti
1493 1135 1697 1219 igitur
1739 1134 2007 1199 fuerunt
2048 1133 2170 1199 filii
2213 1133 2423 1200 Israel

493 1220 707 1285 Deum
736 1240 892 1285 vere
926 1219 1331 1285 reconciliari
1356 1218 1749 1285 holocaustis
1786 1229 1853 1284 et
1885 1220 2218 1286 sacrificiis
2252 1221 2421 1306 igni-

493 1305 608 1370 tis:
648 1305 803 1387 quia
834 1306 902 1369 in
925 1307 1064 1387 ipso
1087 1304 1276 1369 altari
1306 1302 1618 1371 resideret
1639 1306 1948 1371 sanctitas
1979 1308 2419 1372 sanctitatum.

663 1391 763 1457 12.
805 1390 1337 1473 Appropinquare
1369 1391 1568 1473 facies
1608 1390 1898 1456 Aharon.
1985 1392 2090 1457 De
2133 1391 2423 1458 vestibus

491 1485 559 1541 et
599 1476 792 1541 modo
831 1477 1160 1542 unctionis
1203 1497 1406 1559 supra
1449 1476 1900 1560 exposuimus,
1946 1496 2115 1559 quae
2155 1476 2238 1540 ad
2285 1497 2422 1542 rem

487 1562 705 1627 facere
748 1561 895 1627 visa
937 1569 1111 1639 sunt,
1150 1562 1360 1627 solum
1402 1570 1674 1627 teneant
1716 1560 2006 1638 lectores,
2052 1563 2164 1645 qui
2209 1582 2423 1629 sacer-

491 1647 608 1714 dos
671 1656 826 1712 ante
878 1655 1133 1713 creatus
1189 1649 1433 1725 fuerat,
1490 1668 1665 1714 nunc
1708 1648 1971 1712 demum
2015 1649 2420 1733 inaugurari,

491 1743 564 1797 ut
607 1752 877 1798 munere
922 1752 1040 1799 suo
1083 1732 1270 1817 fungi
1317 1734 1601 1816 incipiat.
1670 1733 1888 1798 Simul
1924 1742 2145 1799 tamen
2190 1734 2419 1799 memi-

489 1819 714 1883 nerint
745 1839 856 1884 ore
879 1820 1006 1884 Dei
1040 1828 1488 1886 consecratum
1524 1819 1723 1885 fuisse
1759 1817 1880 1885 hoc
1925 1819 2158 1885 oleum.
2225 1819 2420 1885 Unde

490 1911 764 1987 apparet
796 1904 996 1969 stulte
1025 1907 1361 1989 episcopos
1403 1905 1669 1989 papales
1704 1912 2016 1988 tanquam
2054 1905 2278 1970 simias
2312 1925 2419 1969 ae·

488 1990 727 2056 mulari
774 1991 1038 2071 Mosen,
1074 1991 1227 2056 dum
1274 2011 1429 2056 suos
1465 1992 1822 2068 sacrificos,
1872 1991 2105 2055 altaria
2148 1999 2214 2055 et
2257 1990 2419 2057 alias

487 2096 700 2159 nugas
746 2074 982 2141 foetido
1028 2075 1169 2142 oleo
1227 2084 1617 2159 aspergunt:
1684 2076 2205 2159 quandoquidem
2260 2077 2421 2142 satis
2490 2118 2493 2121 -

488 2170 744 2229 constat
796 2162 1270 2227 caeremoniam
1310 2161 1487 2228 hanc
1527 2161 1848 2245 ungendi,
1905 2170 1983 2227 ut
2036 2162 2118 2226 ad
2167 2170 2419 2227 veteres

487 2248 652 2330 legis
709 2246 975 2312 umbras
1030 2246 1392 2330 spectabat,
1451 2268 1738 2313 cessasse
1796 2246 2050 2312 Christi
2106 2247 2416 2313 adventu.
2490 2250 2491 2257 ’

487 2332 863 2398 Observata
916 2353 1174 2416 quoque
1228 2331 1499 2417 dignum
1558 2341 1658 2399 est
1707 2334 1877 2416 quod
1935 2333 2241 2398 admonet
2287 2334 2421 2397 Au-

484 2420 794 2502 gustinus
816 2416 885 2504 ¹),
928 2419 1158 2484 Mosen
1204 2421 1312 2501 qui
1364 2418 1641 2483 aliorum
1685 2419 1974 2485 unctioni
2019 2419 2415 2502 praeficitur,

483 2524 823 2588 nunquam
890 2504 1089 2570 fuisse
1146 2513 1593 2571 consecratum
1645 2504 1891 2570 visibili
1949 2503 2274 2589 symbolo:
2341 2512 2419 2569 ut

484 2590 769 2661 sciamus
822 2610 956 2655 non
1010 2611 1051 2655 a
1109 2591 1392 2655 ministri
1448 2589 1767 2673 dignitate
1826 2589 2229 2656 aestimanda
2273 2610 2419 2656 esse

488 2686 761 2740 externa
798 2677 1006 2760 signa,
1044 2677 1158 2741 sed
1204 2697 1244 2740 a
1285 2675 1421 2742 solo
1464 2677 1589 2741 Dei
1633 2676 1944 2759 imperio:
1980 2675 2213 2741 deinde
2251 2677 2421 2740 invi-

484 2760 740 2827 sibilem
797 2763 1078 2846 gratiam
1136 2761 1522 2844 quibusdam
1577 2762 1899 2845 profuisse
1943 2760 2200 2844 absque
2262 2762 2419 2828 visi·

491 2846 731 2912 bilibus
785 2848 1237 2912 sacramentis:
1282 2847 1605 2913 visibilem
1646 2867 1800 2912 vero
1835 2847 2419 2913 sanctificationem

486 2933 630 2998 sine
673 2931 985 2998 invisibili
1030 2953 1218 3015 posse
1261 2932 1561 3011 conferri,
1597 2932 1712 2999 sed
1756 2953 1885 2998 non
1920 2932 2247 3017 prodesse.

662 3018 762 3083 17.
800 3018 890 3083 Et
923 3019 1161 3101 factum
1201 3024 1292 3085 est
1332 3038 1536 3085 mense
1564 3020 1798 3100 primo.
1875 3018 1960 3083 In
2013 3026 2156 3084 tota
2212 3019 2422 3102 dispo-

487 3103 721 3170 sitione
791 3124 955 3186 quae
1007 3104 1427 3183 describitur,
1504 3106 1848 3189 praecipue
1900 3104 2262 3170 notandum
2321 3113 2421 3170 est

488 3189 723 3255 Mosen
780 3191 875 3255 ita
919 3190 1214 3272 paruisse
1256 3190 1397 3255 Deo
1438 3198 1515 3256 ut
1556 3212 1641 3256 ne
1685 3192 2029 3256 minimum
2074 3191 2335 3274 quidem
2381 3212 2423 3256 a

488 3277 698 3341 forma
720 3276 845 3340 sibi
867 3277 1267 3360 praescripta
1302 3276 1656 3341 deflexerit.
1716 3275 1873 3340 Ideo
1910 3279 2099 3341 toties
2136 3276 2423 3341 inculcat

490 3381 564 3425 se
582 3361 814 3426 fecisse
848 3363 1043 3427 sicuti
1064 3364 1344 3428 iusserat
1368 3363 1565 3441 Deus,
1605 3381 1727 3426 nec
1770 3362 1886 3426 abs
1930 3382 2033 3426 re:
2079 3362 2229 3444 quia
2252 3359 2422 3426 nihil

489 3447 844 3530 proclivius
907 3467 1102 3530 quam
1169 3457 1244 3512 ut
1306 3447 1436 3513 Dei
1492 3446 1821 3512 mandatis
1878 3466 1998 3512 sua
2055 3454 2422 3513 commenta

487 3533 929 3618 permisceant
962 3532 1281 3613 homines,
1318 3552 1394 3597 ac
1428 3534 1483 3598 si
1526 3553 1725 3616 supra
1765 3533 1978 3617 ipsum
2026 3531 2273 3597 vellent
2314 3552 2419 3596 sa-

487 3638 664 3703 pere.
752 3618 933 3703 Ergo
985 3630 1061 3683 ut
1114 3620 1311 3684 sciret
1362 3618 1646 3703 populus
1702 3620 1769 3683 in
1817 3626 1953 3683 toto
1996 3617 2193 3701 legali
2236 3617 2420 3685 cultu

483 3704 650 3769 nihil
712 3725 853 3770 esse
910 3704 1295 3770 humanitus
1359 3705 1784 3771 fabrefactum
1804 3754 1820 3782 ,
1873 3712 2007 3769 tam
2068 3704 2421 3788 diligenter

487 3790 612 3855 hac
669 3791 739 3853 in
791 3802 977 3872 parte
1018 3791 1265 3855 insistit
1307 3791 1558 3870 Moses,
1624 3810 1940 3872 suamque
1980 3789 2420 3855 obedientiam

486 3876 747 3958 saepius
785 3884 1077 3941 testatur.
1142 3874 1336 3957 Quod
1373 3877 1429 3943 si
1474 3883 1702 3942 tantus
1745 3876 2066 3960 propheta
2110 3878 2181 3941 in
2225 3874 2420 3941 rebus

483 3961 762 4027 minutis
795 3960 961 4025 nihil
999 3982 1038 4025 a
1066 3982 1137 4026 se
1178 3964 1322 4045 ipso
1366 3969 1624 4027 tentare
1667 3982 1864 4028 ausus
1908 3970 2027 4040 est,
2071 3964 2256 4026 cuius
2301 3982 2418 4026 au-

482 4047 707 4112 daciae
739 4058 806 4111 et
838 4047 1250 4131 arrogantiae
1281 4048 1420 4127 fuit,
1459 4048 1757 4113 homines
1791 4068 1911 4113 suo
1943 4047 2210 4112 arbitrio
2244 4068 2420 4112 com-

480 4131 746 4197 minisci
799 4133 1143 4199 innumera
1189 4135 1503 4217 figmenta
1545 4133 1782 4218 quibus
1829 4134 2007 4199 Deus
2051 4132 2419 4203 coleretur?

482 4218 625 4283 Nos
675 4238 831 4283 vero
888 4217 1213 4285 discamus
1271 4241 1355 4285 ex
1415 4219 1538 4286 hoc
1596 4220 1767 4297 loco,
1826 4217 2141 4302 quidquid
2187 4240 2228 4284 a
2272 4219 2419 4284 Deo

480 4305 846 4389 profectum
912 4313 1011 4368 est
1059 4313 1443 4370 reverenter
1500 4306 1835 4388 amplecti:
1903 4304 2071 4389 quod
2117 4313 2334 4370 autem
2381 4324 2422 4368 a

484 4410 559 4454 se
600 4390 759 4472 ipsis
800 4392 1143 4472 proferunt
1184 4390 1501 4470 homines,
1536 4391 1900 4475 repudiare.

656 4475 761 4541 34.
805 4474 895 4540 Et
932 4476 1179 4557 operuit
1216 4476 1428 4541 nubes.
1515 4476 1662 4543 Hac
1704 4485 1952 4543 tessera
1996 4476 2104 4541 vel
2144 4477 2423 4561 pignore

479 4560 761 4644 probata
791 4561 918 4624 fuit
951 4562 1359 4627 tabernaculi
1395 4564 1734 4630 sanctitas:
1784 4564 1936 4645 quia
1977 4570 2155 4629 certo
2188 4582 2422 4646 cogno-

477 4649 583 4712 vit
616 4647 896 4732 populus
929 4667 1059 4711 non
1104 4647 1349 4714 fmstra
1391 4657 1680 4714 erectum
1724 4648 1947 4725 fuisse,
1992 4647 2109 4714 sed
2148 4649 2422 4730 promis-

478 4733 730 4799 sionem
777 4742 933 4798 ante
976 4732 1193 4798 datam
1231 4754 1303 4798 re
1339 4734 1484 4819 ipsa
1511 4734 1845 4817 compleri,
1889 4733 2167 4800 electum
2205 4754 2245 4799 a
2278 4734 2423 4800 Deo

478 4820 678 4885 fuisse
737 4818 1137 4885 domicilium
1182 4817 1364 4897 illud,
1424 4827 1499 4884 ut
1542 4818 1679 4885 dux
1724 4828 1791 4885 et
1835 4827 2055 4886 custos
2100 4826 2273 4885 esset
2306 4839 2421 4902 po-

475 4905 637 4987 puli.
703 4904 937 4986 Neque
970 4906 1149 4970 enim
1187 4906 1485 4970 naturale
1528 4907 1653 4971 fuit
1696 4904 1934 4971 nubem
1979 4904 2264 4970 residere
2308 4927 2420 4971 su·-

474 5010 601 5075 per
632 4990 1096 5071 sanctuarium,
1131 4993 1201 5055 in
1239 5011 1365 5073 quo
1403 4991 1695 5074 deposita
1735 5001 1879 5057 erat
1913 5011 2067 5058 arca
2105 4990 2423 5057 foederis:

474 5075 687 5141 multo
730 5076 926 5141 etiam
970 5078 1193 5142 minus
1248 5076 1536 5142 interdiu
1578 5077 1820 5142 nubem
1859 5078 2165 5161 conspici,
2223 5084 2418 5142 noctu

472 5182 637 5227 vero
691 5162 947 5245 ignem:
1014 5163 1402 5245 praesertim
1459 5182 1659 5246 quum
1708 5162 1776 5227 id
1834 5183 1963 5229 non
2026 5163 2227 5229 semel
2287 5162 2420 5227 fac-

652 5348 709 5417 1)
743 5350 806 5404 In
845 5350 988 5404 libro
1027 5351 1402 5419 quaestionum
1439 5366 1604 5420 snper
1636 5349 1960 5405 Leviticum.

1899 430 2307 499 REDITUS
2348 432 2475 502 AD
2522 432 3055 502 HISTORIAM.

4338 436 4468 503 126

2531 631 2670 687 tum
2716 631 2922 702 esset,
2966 644 3197 689 verum
3240 624 3548 690 continua
3591 625 3757 688 serie
3801 623 3963 690 haec
4007 623 4134 689 dno
4180 625 4461 691 vicissim

2528 709 2706 773 inter
2760 728 2830 773 se
2896 709 3336 775 succederent.
3431 712 3603 793 Apte
3652 718 3870 774 autem
3929 708 4197 790 dicitur,
4258 731 4461 794 quum

2531 794 2708 859 nube
2761 804 3056 877 opertum
3119 795 3242 859 fuit
3298 793 3826 873 tabernaculum,
3887 796 4082 860 simul
4140 797 4466 879 repletum

2528 879 2729 945 fuisse
2773 881 2898 945 Dei
2990 881 3181 945 loria:
3227 881 3376 964 quia
3411 880 3831 965 magnificum
3876 880 4036 945 illud
4083 881 4208 946 fuit
4247 882 4461 961 decus,

2525 975 2833 1031 terrestre
2869 901 3235 1032 aedificium
3275 975 3509 1031 ornatu
3557 966 3700 1049 plus
3734 987 3927 1049 quam
3972 965 4233 1032 coelesti
4276 967 4462 1033 reddi

2527 1051 2819 1136 insigne:
2865 1072 2942 1117 ac
2986 1053 3041 1116 si
3086 1051 3213 1116 Dei
3257 1052 3565 1117 maiestas
3620 1051 3827 1117 oculis
3885 1061 4055 1117 esset
4097 1054 4459 1137 conspicua.

2529 1136 2737 1202 Porro
2795 1158 2993 1220 quum
3063 1148 3256 1202 antea
3319 1137 3539 1204 Moses
3595 1157 3634 1200 a
3706 1152 3888 1215 tergo
3946 1139 4240 1222 opposita
4288 1139 4462 1207 nube

2528 1230 2895 1307 tegeretur,
2941 1244 3120 1288 nunc
3164 1221 3404 1289 dicitur
3443 1224 3638 1288 nubis
3679 1222 3969 1289 densitas
4013 1244 4162 1288 eum
4206 1245 4461 1308 quoque

2528 1308 2937 1392 prohibuisse
2971 1307 3056 1372 ab
3089 1309 3415 1393 ingressu.
3460 1308 3654 1375 Unde
3690 1309 3899 1393 magis
3924 1330 4214 1376 crescere
4237 1309 4464 1376 debuit

2527 1393 2650 1460 loci
2706 1394 3076 1459 reverentia
3132 1403 3199 1460 et
3244 1396 3586 1460 admiratio
3652 1415 3853 1477 quum
3897 1395 4279 1479 magnitudo
4322 1395 4459 1480 glo-

2527 1481 2665 1544 riae
2707 1488 2938 1545 saneto
2979 1480 3344 1564 prophetae
3386 1480 3794 1546 obstaculum
3840 1489 4031 1546 esset.
4118 1481 4466 1547 Probabile

2527 1574 2750 1630 autem
2811 1574 2912 1631 est
2969 1566 3109 1631 eius
3169 1566 3466 1648 exemplo
3524 1587 3658 1631 non
3709 1567 3992 1648 reliques
4057 1573 4319 1632 tantum
4376 1587 4462 1631 ex

2524 1650 2743 1735 vulgo,
2789 1648 2902 1716 sed
2937 1671 3164 1716 omnes
3211 1652 3485 1718 Levitae
3529 1653 3730 1718 fuisse
3775 1650 4160 1732 admonitos,
4195 1672 4281 1718 ne
4322 1652 4462 1717 lon-

2526 1737 2676 1820 gius
2727 1757 2921 1819 quam
2968 1756 3344 1802 concessum
3391 1739 3552 1822 ipsis
3596 1746 3743 1804 erat
3780 1757 4202 1821 perrumpere
4245 1746 4462 1803 tenta-

2527 1836 2694 1887 rent.
2798 1822 3150 1905 Postquam
3216 1824 3385 1888 enim
3436 1822 3777 1889 sacerdotii
3834 1824 4153 1906 possessio
4205 1824 4288 1888 ad
4331 1824 4462 1889 fra·-

2526 1916 2694 1973 trem
2739 1908 3036 1991 transiit,
3095 1929 3230 1974 una
3273 1930 3423 1974 cum
3472 1909 3754 1993 posteris
3790 1930 3831 1974 a
3872 1928 4056 1974 sacra
4100 1908 4215 1974 illa
4258 1910 4462 1995 digni·

2525 2000 2660 2059 tate
2705 1992 3010 2059 exclusus
3057 2002 3176 2059 est.

3085 2284 3443 2352 NUMER.
3490 2283 3690 2350 CAP.
3738 2283 3893 2349 VII.

2697 2423 2755 2487 1.
2803 2421 2893 2487 Et
2949 2421 3076 2503 fuit
3121 2442 3241 2503 quo
3296 2422 3400 2487 die
3452 2420 3659 2502 finivit
3718 2418 3932 2486 Moses
3990 2422 4224 2505 eriyere
4264 2422 4462 2487 taber-

2521 2508 2819 2574 naculum
2834 2558 2850 2588 ‚
2908 2508 3091 2572 unoeit
3132 2508 3298 2575 illud
3339 2512 3396 2570 et
3436 2505 3847 2587 sanctificavit
3862 2556 3877 2586 ‚
3923 2508 4253 2588 omniaque
4292 2513 4463 2572 uten-

2490 2594 2678 2660 silia
2721 2595 2883 2671 eius,
2944 2593 3144 2659 altare
3185 2613 3424 2675 quoque
3467 2597 3522 2657 ct
3563 2594 3775 2658 omnia
3816 2592 4114 2657 utensilia
4158 2592 4325 2670 eius,
4382 2612 4459 2657 ex

2522 2700 2643 2762 quo
2676 2680 2861 2744 unxit
2894 2699 2969 2743 ea
3002 2684 3058 2743 et
3091 2679 3519 2762 sanctificavit,
3598 2678 3658 2744 2.
3704 2678 3879 2743 Tunc
3912 2676 4253 2742 obtulerunt
4274 2678 4460 2758 prin-

2523 2765 2688 2845 cipes
2748 2763 3036 2842 IsraeliS,
3077 2765 3285 2847 capita
3328 2767 3626 2833 dornuam
3657 2769 3918 2846 patrum
3957 2782 4235 2843 suoi-mn,
4268 2764 4458 2843 prin·-

2521 2851 2688 2933 cipes
2720 2849 3014 2929 tribuum,
3063 2849 3133 2914 hi
3166 2856 3342 2917 erant
3365 2850 3669 2933 praefecti
3702 2849 4061 2927 numeratis
4147 2848 4208 2914 3.
4245 2847 4335 2913 Et
4366 2852 4460 2913 at-

2522 2936 2792 3001 tulerunt
2845 2936 3207 3002 oblationem
3260 2957 3442 3002 suam
3497 2956 3702 3001 coram
3747 2934 3973 3001 Iehova
4014 2955 4128 2999 sex
4160 2935 4459 3016 plaustra

2526 3027 2740 3106 operta
2755 3073 2770 3103 ‚
2813 3026 2870 3088 et
2911 3020 3232 3087 duodecim
3274 3022 3479 3102 boves,
3516 3022 3882 3104 plaustrum
3908 3041 4035 3102 pro
4077 3020 4243 3085 binis
4270 3020 4457 3102 prin-

2522 3108 2782 3189 cipibus,
2843 3112 2900 3174 et
2954 3107 3162 3173 bovem
3203 3108 3274 3172 in
3314 3108 3598 3191 sinyulos
3638 3105 3978 3172 obtulerunt
4016 3125 4225 3172 coram
4265 3104 4459 3170 taber·

2523 3195 2763 3259 nacula.
2850 3195 2912 3258 4.
2948 3192 3228 3259 Discere-t
3262 3196 3468 3258 autem
3504 3189 3731 3257 Iehova
3765 3192 3853 3256 ad
3896 3190 4131 3270 Mosen,
4174 3190 4459 3257 dicendo:

2524 3280 2585 3345 5.
2630 3280 2862 3360 Accipe
2902 3277 2981 3343 ab
3022 3279 3133 3355 eis,
3179 3283 3237 3344 et
3275 3278 3544 3344 servient
3576 3278 3649 3343 in
3689 3277 4031 3343 ministerio
4074 3275 4460 3342 tabernaculi

2523 3364 2971 3431 conventionis.-
3033 3370 3089 3428 et
3139 3363 3321 3430 dabis
3380 3383 3455 3428 ea
3510 3363 3752 3428 Levitis
3768 3411 3786 3442 ,
3849 3364 4068 3444 cuique
4122 3362 4460 3428 secundum

2524 3453 2825 3517 rationem
2892 3449 2999 3515 sui
3069 3449 3427 3516 ministerii.
3537 3449 3597 3514 6.
3673 3448 3930 3530 Accepit
3982 3448 4191 3531 itaque
4244 3447 4458 3514 Moses

2512 3535 2809 3619 plaustra
2850 3539 2908 3601 et
2948 3535 3137 3615 boves,
3180 3541 3236 3599 et
3274 3536 3444 3601 dedit
3486 3533 3762 3599 Levitis:
3846 3535 3906 3600 7.
3955 3533 4105 3599 Duo
4134 3534 4454 3616 plaustra,

2525 3626 2582 3687 et
2635 3626 2900 3704 quatuor
2955 3620 3132 3720 boves
3187 3620 3356 3687 dedit
3400 3619 3562 3701 tiliis
3608 3619 3847 3686 Ger-son
3888 3619 4226 3686 secundum
4265 3620 4457 3685 ratio-

2524 3728 2665 3859 ξιτ
2706 3710 3415 3875 summata.
3472 3706 3725 3857 ..t-...²32
3753 3704 4461 3890 “mam-2523

2524 3878 2862 3943 ministerii
2912 3877 3197 3958 ipsorum
3251 3877 3368 3944 sub
3424 3897 3622 3943 manu
3682 3877 3972 3943 Ithamar
4022 3876 4149 3959 filii
4190 3875 4457 3943 Aharon

2525 3965 2878 4030 sacerdotis.
2967 3963 3026 4029 9.
3093 3963 3294 4030 Filiis
3347 3982 3490 4029 vero
3548 3961 3779 4029 Gchath
3836 3962 3997 4027 nihil
4050 3963 4246 4029 dedit:
4304 3962 4461 4043 quia

2524 4051 2948 4116 ministerium
2985 4049 3336 4123 sanctuarii
3376 4049 3539 4131 quod
3577 4049 3714 4114 illis
3760 4049 4108 4113 iniunctum
4149 4053 4302 4127 erat,
4346 4047 4460 4113 hu-

2526 4157 2693 4202 mero
2730 4135 3023 4218 ferebant.
3088 4134 3188 4200 10.
3228 4134 3592 4201 obtulerunt
3633 4139 3838 4200 autem
3849 4134 4175 4217 pn‘ncipes
4196 4152 4320 4215 pro
4354 4133 4458 4200 de·

2528 4222 2828 4321 dicatique
2849 4220 3077 4318 altaris
3090 4221 3192 4285 (lie
3213 4240 3332 4302 quo
3352 4226 3607 4287 unctum
3625 4220 3783 4302 fuit:
3803 4220 4161 4319 obtulerunt,
4180 4220 4456 4321 inquam,

2515 4326 2877 4459 aare
2886 4305 3752 4477 ‘’mma-apt
3771 4304 4302 4475 emite..-
4173 4305 4260 4369 Εὖ
4300 4305 4463 4471 {tt

2528 4484 2666 4543 rent
2707 4478 3071 4547 oblationem
3114 4478 3409 4544 suamacl
3433 4478 3877 4544 dedicationem
3902 4476 4143 4543 altaris,
4193 4475 4290 4540 12.
4343 4475 4458 4541 Ob-

2527 4564 2670 4630 tulit
2701 4565 2911 4647 itaque
2928 4565 3141 4645 primo
3174 4565 3278 4631 dic
3310 4564 3670 4629 oblationem
3703 4582 3890 4629 suam
3926 4561 4231 4628 Nahason
4273 4560 4461 4644 filius

2528 4649 2953 4717 Amminadab
2988 4649 3063 4715 de
3096 4649 3263 4716 tribu
3301 4648 3602 4715 Iehudah.
3674 4649 3773 4715 13.
3813 4648 3972 4714 Fuit
4008 4653 4212 4713 autem
4233 4645 4459 4711 oblatio

2526 4737 2665 4801 eius
2688 4737 2914 4818 patina
2961 4740 3272 4819 amentem
3322 4740 3560 4801 centum
3594 4735 3858 4820 tn‘yinta
3888 4734 4182 4799 siclorum
4206 4730 4461 4812 pondus

2525 4822 2693 4886 eius.-
2713 4820 2938 4903 phiala
2969 4842 3101 4887 una
3137 4825 3455 4905 amantea,
3485 4823 3878 4903 septuayinta
3896 4819 4208 4895 siclorum,
4242 4836 4457 4883 secun-

2525 4907 2676 4971 dum
2703 4906 2925 4971 siclum
2958 4907 3343 4972 sanctuarii:
3378 4906 3597 4972 ambae
3619 4907 3846 4990 plenae
3873 4905 4090 4970 simila
4130 4922 4460 4986 conspersa

2526 4992 2653 5057 oleo
2669 4991 2742 5055 in
2762 4991 3056 5057 minham.
3105 4992 3203 5057 14.
3234 4991 3532 5059 Gochlear
3558 5013 3754 5057 unum
3776 5010 4039 5057 aureum
4058 4989 4261 5054 decem
4281 4989 4460 5056 siclo-

2526 5098 2688 5157 rum,
2710 5077 2972 5157 plenum
3002 5079 3221 5162 suffitu
3234 5098 3254 5138 .-
3311 5079 3412 5144 15.
3438 5078 3750 5143 Iuvencus
3766 5095 3947 5153 unus,
3972 5074 4151 5156 filius
4172 5077 4458 5158 armenti,

2527 5165 2695 5228 cra-ies
2751 5183 2918 5229 unus
2935 5213 2950 5242 ,
3020 5185 3224 5248 aymus
3278 5185 3448 5232 unus
3511 5162 3846 5231 anniculus
3905 5161 3976 5225 im
4017 5157 4455 5227 holocaustum.

2529 5250 2629 5313 16.
2676 5248 2917 5316 Hic-cus
2958 5269 3296 5331 caprarum
3329 5270 3497 5315 unus
3518 5269 3642 5330 pro
3663 5251 3931 5332 peccate.
4034 5244 4134 5309 17.
4184 5244 4315 5314 Pro
4350 5267 4459 5313 sa·

2525 5334 2756 5414 orificio
2797 5341 3002 5402 autem
3037 5336 3528 5418 prosperitatum
3545 5384 3560 5412 ,
3605 5335 3783 5399 boves
3823 5332 3965 5413 duo,
4011 5332 4237 5398 arietes
4280 5335 4459 5416 quin-
