5017 6142
504 447 582 514 77
1896 444 2329 515 'REDI'I'US
2379 448 2505 513 AD
2550 445 3101 514 HISTORIAM.
4413 447 4494 512 78
4564 453 4568 457 '

498 636 721 723 qualis
773 641 840 702 et
883 641 1167 721 quantus
1211 643 1329 716 est,
1386 637 1499 703 sed
1537 656 1655 720 pro
1703 634 1894 702 modo
1929 632 2454 721 dispensationis,

504 744 700 808 quem
748 725 886 806 ipse
931 742 968 788 o
1016 723 1250 788 timum
1293 723 1557 801 statuit,
1622 731 1689 788 et
1745 742 1939 806 quem
1996 720 2455 805 attemperavit

507 810 591 877 ad
650 818 916 893 captum
1024 808 1336 873 ominum.
1439 809 1686 874 Forma
1743 806 2004 892 quidem
2063 808 2271 892 ipsius
2324 806 2455 872 Dei

510 894 697 961 nulla
739 893 1160 974 describitur,
1228 893 1342 960 sed
1400 893 1574 960 basis
1632 895 1700 960 in
1759 913 1889 978 qua
1943 893 2157 960 stabat
2215 892 2456 959 dicitur

510 981 746 1048 similis
802 979 1004 1047 fuisse
1057 980 1235 1064 operi
1295 980 1693 1063 sapphirino,
1781 962 1942 1048 mn‘)
1995 978 2258 1063 quidam
2307 999 2454 1045 ver-

509 1077 662 1132 tunt
704 1065 987 1150 lapidem
1008 1118 1025 1145 ,
1070 1066 1185 1132 alii
1226 1066 1573 1133 candorem
1595 1120 1610 1146 ,
1657 1066 1766 1132 alii
1812 1066 2117 1134 laterem:
2163 1083 2454 1149 quocun-

506 1175 636 1237 que
679 1174 877 1219 sensu
937 1152 1231 1236 accipere
1286 1152 1519 1232 libeat,
1580 1174 1810 1235 parum
1857 1150 1939 1217 ad
1987 1152 2080 1216 rei
2127 1169 2455 1216 summam

505 1238 743 1305 refert:
807 1239 958 1322 quia
1010 1239 1301 1305 obiectus
1360 1238 1483 1303 fuit
1538 1238 1833 1322 sapphiri
1888 1237 2097 1315 color,
2164 1237 2277 1320 qui
2336 1255 2454 1301 suo

508 1323 853 1408 splendore
906 1346 1129 1390 eorum
1187 1332 1444 1389 mentes
1498 1344 1698 1407 supra
1740 1321 2055 1389 mundum
2104 1322 2452 1388 attolleret.

504 1410 667 1477 Ideo
733 1430 884 1476 mox
952 1411 1284 1495 sequitur,
1349 1410 1632 1493 speciem
1690 1411 1891 1475 fuisse
1949 1408 2110 1474 coeli
2170 1407 2330 1474 clari
2389 1419 2456 1472 et

507 1496 744 1563 sereni.
814 1495 964 1577 Quo
1007 1496 1303 1581 symbolo
1348 1495 1667 1562 admoniti
1709 1496 1981 1561 fuerunt
2025 1494 2299 1580 gloriam
2322 1493 2454 1559 Dei

504 1583 909 1664 superiorem
968 1603 1110 1648 esse
1168 1582 1365 1647 coelis
1424 1582 1752 1647 omnibus:
1810 1590 1876 1646 et
1930 1602 2130 1665 quum
2189 1581 2253 1644 in
2314 1600 2455 1646 sca·

508 1668 680 1734 bello
737 1667 974 1752 pedum
1047 1668 1187 1734 eius
1246 1668 1614 1751 pulcritudo
1679 1667 1765 1734 sit
1817 1670 2111 1732 omnium
2170 1666 2457 1731 maxime

510 1753 935 1833 delectabilis,
989 1753 1068 1819 de
1113 1755 1252 1837 ipso
1296 1754 1544 1838 aliquid
1587 1753 1930 1838 augustius
1976 1774 2118 1819 esse
2162 1754 2456 1836 cogitan-

511 1840 690 1915 dum,
735 1841 904 1923 quod
954 1841 1019 1904 in
1066 1840 1561 1906 admirationem
1609 1841 1713 1906 sui
1757 1861 1990 1905 sensus
2033 1858 2262 1905 omnes
2306 1859 2457 1904 nos—

508 1933 652 1991 tros
710 1927 942 2009 rapiat.
1032 1925 1140 1991 Ita
1195 1926 1529 1992 Ezechieli
1587 1924 1674 2013 (l,
1720 1925 1807 1990 26
1850 1937 1914 1990 et
1960 1925 2061 2004 10,
2109 1922 2174 2010 1)
2234 1932 2455 1989 osten-

507 2033 657 2079 sum
694 2012 819 2077 fuit
839 2012 963 2077 Dei
1002 2011 1234 2078 solium
1283 2011 1452 2096 quod
1498 2013 1775 2077 referret
1817 2011 2095 2077 colorem
2140 2007 2456 2094 sapphiri.

509 2097 817 2181 Denique
860 2100 931 2162 in
975 2097 1260 2163 scabello
1322 2097 1565 2180 pedum
1610 2098 1914 2181 apparuit
1957 2099 2276 2162 immensa
2319 2116 2458 2160 ma-

510 2186 728 2264 iestas,
765 2204 933 2267 quae
978 2184 1285 2249 attonitos
1329 2181 1631 2248 redderet
1672 2183 1991 2249 seniores:
2037 2202 2167 2265 quo
2213 2182 2459 2248 maiore

512 2271 889 2336 reverentia
944 2269 1675 2354 incomprehensibilem
1720 2269 1850 2336 Dei
1905 2269 2188 2354 gratiam
2244 2269 2458 2351 suspi-

509 2364 753 2424 cerent.

688 2441 791 2507 11.
829 2437 919 2506 Et
953 2442 1021 2505 in
1053 2441 1381 2524 principes
1415 2440 1718 2523 filiorum.
1768 2440 1989 2506 Verba
2030 2460 2178 2505 meo
2220 2439 2459 2506 iudicio

510 2527 838 2593 violenter
873 2536 1183 2610 torquent
1226 2528 1335 2611 qui
1382 2537 1721 2611 exponunt
1756 2527 2048 2593 seniores
2091 2547 2223 2590 non
2261 2527 2460 2591 fuisse

510 2615 863 2698 participes
899 2612 1050 2678 doni
1087 2612 1466 2696 prophetici,
1512 2615 1612 2679 vel
1651 2614 1780 2678 Dei
1814 2614 2132 2677 virtutem
2170 2633 2306 2677 non
2350 2611 2455 2676 fu-

510 2702 641 2766 isse
665 2698 748 2765 ad
771 2721 881 2765 eos
918 2720 1119 2782 usque
1150 2710 1512 2765 extensam.
1550 2699 1721 2764 Nam
1746 2699 2141 2765 coniunctim
2179 2696 2459 2783 legenda

513 2797 675 2853 sunt
710 2786 871 2852 haec
906 2785 1221 2863 membra,
1259 2785 1561 2868 quamvis
1592 2785 1810 2850 Deum
1848 2785 2152 2864 viderint,
2186 2805 2457 2849 manum

512 2882 736 2937 tamen
770 2873 909 2937 eius
945 2873 1014 2935 in
1044 2891 1156 2936 eos
1186 2892 1316 2936 non
1353 2871 1556 2937 fuisse
1592 2872 1916 2946 emissam,
1953 2870 2065 2936 sed
2098 2870 2457 2937 comedisse

514 2974 583 3023 et
639 2957 900 3024 bibisse.
987 2955 1182 3023 Unde
1240 2957 1549 3042 colligere
1606 2958 1792 3038 licet,
1842 2959 2060 3022 notari
2102 2965 2454 3039 paternum

512 3064 673 3130 erga
707 3064 818 3109 eos
852 3044 979 3109 Dei
1014 3044 1328 3128 favorem,
1372 3043 1542 3126 quod
1580 3043 1710 3109 illis
1744 3042 2125 3127 pepercerit.
2205 3044 2457 3108 Tenen-

513 3130 671 3196 dum
716 3131 892 3196 enim
938 3138 1041 3195 est
1076 3128 1246 3212 quod
1293 3129 1449 3195 alibi
1487 3127 1757 3195 dicitur:
1810 3129 2025 3195 Nemo
2059 3127 2311 3195 videbit
2353 3128 2455 3193 fa·

510 3217 678 3283 ciem
723 3235 958 3294 meam,
1005 3225 1071 3281 et
1115 3216 1294 3281 vivet
1330 3212 1484 3300 (Ex.
1522 3215 1626 3295 33,
1669 3214 1797 3302 20).
1866 3214 2096 3298 Itaque
2131 3213 2304 3299 apud
2346 3234 2457 3280 ve-

510 3311 687 3368 teres
732 3301 896 3366 haec
947 3301 1133 3385 quasi
1177 3301 1305 3366 fuit
1349 3300 1780 3385 proverbialis
1817 3302 2173 3366 sententia:
2218 3301 2458 3366 Morie-

508 3410 697 3465 mur‚
752 3388 905 3471 quia
951 3389 1165 3453 Deum
1210 3385 1516 3454 vidimus.
1606 3388 1700 3452 Et
1741 3386 1940 3453 Iacob
1983 3386 2456 3452 commendans

507 3472 638 3540 Dei
699 3475 1012 3559 gratiam:
1069 3472 1259 3553 Vidi,
1310 3472 1524 3557 inquit
1546 3524 1562 3551 ,
1605 3473 1820 3539 Deum
1867 3472 2030 3538 facie
2075 3472 2157 3538 ad
2200 3473 2453 3551 faciem,

510 3570 579 3627 et
636 3568 900 3626 servata
949 3569 1049 3625 est
1107 3560 1328 3625 anima
1388 3579 1552 3625 mea.
1652 3557 1850 3646 (Gen.
1906 3558 2013 3634 32,
2058 3558 2188 3624 30.
2278 3559 2451 3625 Nam

508 3647 569 3713 si
613 3646 698 3712 ab
740 3646 878 3711 eius
914 3655 1263 3728 conspectu
1297 3645 1649 3730 liquefiunt
1684 3656 1958 3723 montes,
2000 3647 2108 3728 qui
2201 3644 2453 3710 homini

510 3732 775 3798 mortali
837 3731 1129 3798 accidere
1174 3752 1440 3798 11888888
1484 3739 1613 3808 est,
1661 3753 1787 3816 quo
1832 3731 1998 3796 nihil
2044 3730 2341 3817 fragilius
2386 3742 2453 3795 et

508 3818 725 3904 magis
770 3816 1133 3884 caducum?
1186 3816 1269 3882 In
1308 3839 1383 3882 eo
1424 3818 1632 3902 igitur
1675 3839 1747 3883 se
1787 3816 2004 3901 prodit
2046 3817 2453 3899 incompara-

512 3904 664 3970 bilis
699 3904 825 3970 Dei
862 3902 1224 3981 clementia,
1263 3902 1422 3968 dum
1457 3925 1529 3969 se
1563 3904 1786 3970 electis
1830 3903 1967 3968 suis
2001 3903 2452 3979 manifestans,

510 4012 641 4057 non
695 4009 971 4072 prorsus
1029 4011 1138 4054 eos
1198 3990 1527 4067 absorbet,
1575 4010 1651 4055 ac
1699 3990 1767 4054 in
1833 3987 2112 4054 nihilum
2179 3989 2451 4074 redigit:

508 4076 896 4160 praesertim
942 4076 1052 4142 ubi
1096 4075 1400 4142 obiicitur
1441 4075 1795 4160 singularis
1837 4075 2056 4159 aliqua
2098 4075 2280 4142 visi0.
2367 4073 2453 4139 In

512 4183 774 4229 summa
829 4181 1015 4247 ergo,
1069 4161 1455 4228 miraculum
1519 4162 1721 4228 fuisse
1765 4161 1951 4227 docet
1993 4161 2235 4241 Moses,
2281 4161 2450 4245 quod

510 4249 676 4316 salvi
715 4257 783 4313 et
818 4249 1059 4332 integri
1094 4249 1344 4312 fuerint
1379 4249 1703 4332 principes
1727 4247 1954 4325 Israel,
1992 4268 2192 4331 quum
2231 4255 2451 4313 tamen

510 4334 647 4401 illic
682 4335 1095 4418 apparuisset
1128 4333 1562 4401 formidabilis
1606 4335 1731 4401 Dei
1778 4334 2104 4399 maiestas.
2172 4333 2250 4398 Id
2295 4354 2452 4400 vero

507 4420 757 4487 factum
794 4429 913 4496 est,
951 4420 1104 4502 quia
1138 4440 1272 4484 non
1318 4430 1564 4484 temere
1599 4442 1670 4486 88
1695 4420 1824 4504 ipsi
1858 4420 2290 4504 ingesserant,
2335 4417 2450 4486 sed

509 4511 924 4573 accesserant
992 4505 1135 4570 Deo
1188 4519 1484 4571 vocante.
1582 4506 1780 4573 Unde
1863 4506 2204 4585 discimus,
2278 4528 2449 4571 nun·

507 4612 709 4677 quam
790 4590 1056 4657 modum
1138 4589 1450 4657 excedere
1514 4602 1804 4657 nostram
1874 4591 2243 4665 audaciam,
2328 4612 2451 4657 nec

507 4676 905 4744 temeritatis
969 4698 1160 4762 posse
1234 4675 1562 4758 damnari,
1628 4677 1736 4744 ubi
1810 4680 1879 4744 111
1948 4677 2075 4743 Dei
2139 4677 2450 4742 mandato

502 4763 786 4832 fundata
844 4770 959 4830 est.
1071 4761 1288 4831 Sicuti
1342 4764 1520 4828 omni
1578 4764 1884 4848 superbia
1945 4773 2011 4828 et
2053 4763 2451 4829 confidentia

507 4851 796 4918 deterior
831 4859 931 4916 est
966 4850 1299 4926 timiditas,
1337 4870 1503 4933 quae
1546 4859 1886 4932 praetextu
1922 4847 2281 4915 modestiae
2325 4850 2445 4915 dif-

502 4938 713 5006 fidere
766 4958 889 5001 nos
939 4937 1064 5002 Dei
1127 4937 1326 5002 verbo
1362 4936 1537 5001 facit.
1628 4934 1702 5001 Si
1760 4936 2079 5019 quispiam
2125 4957 2161 5000 e
2204 4935 2448 5019 populo

509 5026 687 5090 idem
731 5021 903 5107 quod
932 5023 1279 5173 <principes
1324 5033 1661 5103 tentasset,
1706 5032 2016 5104 expertus
2052 5020 2284 5087 fuisset
2326 5041 2446 5088 suo

503 5108 781 5175 interitu
817 5108 927 5191 9111
1017 5111 1104 5173 sit
1148 5107 1322 5173 ultra
1367 5119 1575 5173 metas
1620 5128 2058 5191 perrumpere.
2150 5105 2444 5174 Seniori-

505 5197 631 5263 bus
668 5203 891 5259 autem
930 5195 1082 5276 91118
1105 5193 1250 5259 Deo
1287 5195 1537 5260 iubenti
1564 5204 1943 5278 paruerunt,
1988 5192 2267 5258 feliciter
2303 5214 2445 5260 suc·

506 5282 708 5349 cessit
748 5279 913 5344 liber
957 5287 1023 5345 et
1062 5281 1429 5364 intrepidus
1479 5301 1793 5348 88888888.
1884 5277 2077 5361 Quod
2130 5281 2442 5363 sequitur,

506 5369 687 5453 ipsos
742 5364 1131 5450 comedisse,
1196 5366 1276 5431 de
1332 5387 1521 5433 sacro
1573 5376 1641 5432 et
1703 5365 1958 5435 solenni
2002 5366 2193 5449 epulo
2238 5365 2444 5430 inter-

2556 644 2808 721 pretor,
2835 635 3004 721 quod
3029 645 3172 702 erat
3199 658 3352 721 pars
3387 636 3496 703 vel
3540 635 3874 721 appendix
3908 634 4235 702 sacrificii:
4274 654 4496 719 quem-

2557 720 2906 788 admodum
2949 720 3165 788 Exodi
3200 723 3450 790 decimo
3491 731 3723 790 octavo
3759 730 3827 788 et
3871 721 4015 787 aliis
4060 720 4356 805 pluribus
4399 720 4495 787 lo·

2557 811 2650 875 cis
2689 807 2901 876 visum
2948 819 3066 874 est.

2731 894 2832 960 12.
2868 893 3174 977 Dixitque
3212 892 3444 960 Iehova
3478 894 3563 959 ad
3597 891 3836 960 Mosen.
3924 892 4068 957 Iam
4106 890 4301 959 altius
4339 912 4494 958 eve-

2558 979 2742 1045 hitur
2800 980 3020 1046 Moses
3075 980 3248 1065 ipse:
3314 980 3471 1065 quia
3513 980 3675 1046 satis
3720 986 3863 1044 erat
3903 979 4193 1045 seniores
4237 977 4493 1044 adhibi-

2558 1074 2659 1131 tos
2716 1088 2858 1132 esse
2917 1064 2999 1131 ad
3057 1066 3240 1131 illam
3305 1066 3587 1131 mediam
3634 1065 3972 1145 visionem,
4015 1085 4097 1130 ex
4142 1085 4273 1148 qua
4316 1072 4495 1129 certo

2555 1159 3023 1237 cognoscerent
3066 1174 3216 1218 eum
3276 1152 3550 1218 ulterius
3603 1172 3732 1216 non
3792 1149 4127 1235 progredi,
4189 1150 4320 1215 nisi
4363 1149 4494 1216 Dei

2558 1238 2898 1317 mandato,
2960 1247 3032 1304 ut
3086 1237 3171 1303 ad
3207 1237 3530 1303 familiare
3572 1236 3965 1320 colloquium
4010 1235 4492 1301 admitteretur.

2558 1323 2708 1389 Etsi
2776 1331 2996 1389 autem
3065 1345 3214 1391 cum
3271 1324 3413 1408 ipso
3476 1323 3796 1408 proficisci
3855 1322 4069 1406 coepit
4124 1321 4318 1387 Iosue
4337 1373 4353 1401 ,
4409 1343 4491 1387 ex

2556 1411 2854 1494 proximo
2900 1422 3121 1475 tamen
3171 1430 3370 1475 versu
3425 1419 3603 1495 patet
3648 1429 3765 1474 sex
3810 1418 4064 1473 tantum
4114 1406 4343 1473 diebus
4387 1407 4494 1472 fu-

2557 1497 2688 1562 isse
2721 1497 3042 1574 eomitem,
3090 1496 3295 1563 donec
3330 1517 3405 1560 eo
3441 1496 3669 1562 relicto
3705 1494 3926 1560 Moses
3959 1495 4025 1557 in
4073 1494 4313 1559 nubem
4360 1492 4494 1560 col-

2555 1581 2763 1648 lectus
2819 1592 2937 1647 est.
3019 1581 3238 1663 Quum
3297 1582 3691 1665 pronunciat
3735 1579 3922 1645 Deus
3964 1601 4034 1645 se
4079 1578 4386 1645 daturum
4429 1579 4494 1644 ei

2558 1668 2769 1753 legem
2837 1678 2902 1732 et
2959 1676 3409 1753 praeceptum,
3466 1668 3533 1733 id
3590 1668 3670 1732 de
3726 1685 3898 1732 nova
3941 1664 4160 1748 aliqua
4200 1663 4494 1731 doctrina

2560 1752 2846 1837 intelligi
2881 1774 3016 1818 non
3063 1752 3272 1832 debet,
3317 1753 3430 1819 sed
3478 1754 3558 1819 de
3603 1751 3983 1819 authentica
4024 1751 4191 1835 legis
4233 1751 4493 1834 consig-

2561 1841 2844 1906 natione.
2959 1839 3130 1904 Nam
3196 1840 3303 1905 ubi
3375 1839 3455 1906 de
3522 1839 3762 1905 tabulis
3819 1837 4071 1904 duabus
4140 1836 4493 1919 loquuntus

2561 1936 2691 2002 est,
2750 1925 3115 2009 appositive
3156 1947 3308 1990 mox
3353 1925 3651 1991 nominat
3692 1925 3904 2009 legem
3949 1932 4017 1989 et
4051 1932 4493 2006 praeceptum,

2562 2011 2643 2077 ad
2681 2012 3212 2096 explicationem:
3260 2032 3334 2076 ac
3378 2013 3432 2077 si
3478 2010 3723 2077 diceret
3765 2033 3835 2076 se
3881 2008 4140 2075 tabulas
4184 2009 4495 2075 daturum

2561 2118 2724 2182 quae
2768 2096 3045 2163 coeleste
3089 2109 3593 2164 monumentum
3638 2105 3857 2163 essent
3915 2096 4017 2161 sui
4064 2094 4371 2160 foederis:
4417 2101 4496 2159 ut

2560 2203 2819 2249 summa
2862 2182 3195 2249 doctrinae
3239 2184 3413 2267 apud
3439 2183 3755 2268 populum
3801 2189 4110 2261 exstaret,
4154 2202 4285 2246 non
4322 2188 4495 2246 atra-

2563 2281 2784 2335 mento
2838 2278 2905 2334 et
2963 2289 3161 2334 manu
3213 2269 3496 2335 hominis
3540 2269 3816 2352 scripta,
3862 2268 3976 2334 sed
4020 2288 4260 2333 arcana
4302 2266 4495 2349 spiri-

2564 2365 2672 2420 tus
2729 2355 2833 2420 sui
2890 2354 3157 2421 virtute.
3271 2353 3644 2439 Speculatio
3703 2354 4054 2437 Augustini
4114 2373 4346 2419 vereor
4411 2373 4495 2417 ne

2564 2449 2800 2527 arguta
2836 2441 2924 2506 sit
2957 2443 3168 2526 magis
3202 2461 3396 2525 quam
3438 2442 3648 2521 firma,
3689 2439 3903 2524 legem
3948 2439 4255 2523 scriptam
4292 2437 4496 2503 fuisse

2564 2527 2768 2612 digito
2814 2527 2973 2608 Dei,
3031 2528 3185 2610 quia
3242 2528 3420 2594 solus
3480 2528 3605 2593 Dei
3664 2527 3933 2611 spiritus
3989 2546 4136 2591 eam
4193 2524 4497 2591 cordibus

2562 2614 2804 2679 nostris
2855 2614 3184 2698 insculpit.
3264 2613 3357 2680 Ut
3415 2613 3593 2679 enim
3648 2612 3946 2677 omittam
3994 2632 4128 2676 non
4172 2618 4497 2675 mutatam

2563 2700 2765 2766 fuisse
2826 2698 3132 2764 duritiem
3191 2699 3263 2765 in
3321 2698 3678 2785 lapidibus:
3736 2697 3896 2781 quid
3951 2696 4076 2763 sibi
4133 2694 4280 2763 vult
4332 2696 4497 2761 frac-

2561 2792 2710 2851 tura
2763 2781 2843 2849 de
2894 2805 3021 2868 qua
3071 2793 3304 2869 postea
3357 2784 3634 2871 agetur?
3715 2784 3911 2849 Certe
3970 2804 4100 2849 non
4168 2781 4496 2857 convenit,

2558 2892 2760 2956 quum
2817 2870 2898 2935 ad
2957 2872 3155 2936 finem
3217 2893 3424 2956 usque
3483 2872 3709 2955 vigeat
3763 2868 4278 2951 regenerationis
4344 2887 4494 2951 gra-

2558 2960 2670 3037 tia,
2715 2958 2928 3041 legem
2964 2956 3044 3022 ad
3082 2968 3484 3022 momentum
3524 2957 3848 3022 duntaxat
3889 2954 4238 3021 efficaciter
4284 2974 4322 3018 a
4361 2952 4497 3035 spi-

2556 3046 2688 3109 ritu
2741 3051 2969 3109 sancto
3011 3043 3295 3126 insculpi
3330 3042 3634 3110 cordibus
3680 3042 4047 3107 hominum.
4140 3039 4330 3122 Quod
4377 3057 4496 3103 au-

2557 3136 2691 3195 tem
2743 3127 3001 3194 attulit:
3062 3137 3250 3194 extra
3302 3128 3821 3196 controversiam
3863 3136 3963 3194 est
4008 3128 4217 3211 legem
4264 3144 4494 3191 exara-

2559 3227 2692 3282 tam
2738 3215 2941 3281 fuisse
2984 3214 3052 3279 in
3098 3215 3337 3281 tabulis
3365 3215 3498 3280 illis
3540 3215 3778 3299 politis,
3824 3226 3898 3279 ut
3940 3212 4218 3279 foederis
4261 3230 4491 3295 perpe·

2558 3303 2756 3368 tuitas
2801 3300 3102 3367 omnibus
3146 3301 3420 3367 saeculis
3462 3309 3700 3367 testata
3741 3308 3929 3366 esset.

2732 3387 2832 3452 14.
2889 3385 3141 3453 Monate
3194 3386 3296 3454 hic
3336 3388 3521 3453 donec
3576 3392 3788 3454 γενεή.
3876 3385 4026 3450 Νο11
4070 3384 4166 3448 ita
4207 3381 4498 3467 praecise

2556 3471 2760 3541 verba
2795 3472 3063 3557 accipio,
3100 3495 3175 3540 ac
3204 3473 3260 3538 si
3299 3472 3653 3539 subsistere
3681 3474 3751 3538 in
3783 3472 4007 3539 eodem
4035 3470 4173 3536 loco
4208 3468 4496 3534 iuberet:

2557 3559 2672 3626 sed
2716 3579 2918 3642 quum
2979 3579 3132 3625 mox
3175 3561 3620 3644 segregandus
3665 3572 3837 3625 esset
3881 3559 3962 3624 ab
4008 3556 4351 3623 hominum
4398 3573 4498 3617 so-

2557 3648 2825 3722 cietate,
2871 3643 2995 3712 hoc
3041 3646 3349 3712 adverbio
3385 3646 3599 3712 notari
3648 3654 3805 3730 puto
3850 3654 4185 3709 terrenum
4230 3638 4499 3705 domici-

2553 3731 2754 3796 lium:
2799 3731 2951 3815 quia
2985 3751 3143 3796 mox
3176 3733 3489 3815 sequitur,
3531 3733 3589 3799 si
3634 3731 3789 3816 quid
3834 3729 4142 3797 acciderit
4163 3779 4179 3807 ,
4225 3725 4496 3791 Aharon

2557 3826 2625 3883 et
2666 3817 2823 3883 Hur
2857 3816 3185 3883 adiutores
3229 3819 3367 3883 fore
3408 3819 3479 3882 in
3516 3817 3803 3903 regendo
3846 3815 4108 3902 populo,
4155 3820 4222 3877 et
4265 3811 4493 3877 litibus

2557 3903 2884 3970 sedandis.
2967 3903 3297 3985 Quoniam
3363 3904 3537 3969 enim
3582 3911 3840 3988 poterat
3882 3922 4042 3970 cura
4086 3907 4151 3965 et
4192 3898 4494 3963 anxietas

2558 3989 2869 4072 obrepere
2912 4010 3136 4055 eorum
3172 3990 3426 4071 animis,
3471 4009 3546 4056 ac
3589 3990 3646 4055 si
3679 3989 3878 4055 unico
3920 3986 4175 4054 consilii
4220 3983 4383 4050 duce
4426 3991 4495 4048 et

2557 4077 2787 4141 salutis
2859 4076 3160 4141 ministro
3227 4073 3774 4154 destituerentur,
3854 4073 4182 4159 proposito
4260 4069 4493 4136 solatio

2557 4183 2666 4228 eos
2738 4160 2819 4226 ad
2879 4160 3043 4226 bene
3101 4161 3503 4244 sperandum
3554 4162 3820 4227 animat.
3917 4159 4113 4227 Unde
4178 4157 4492 4240 sequitur,

2555 4248 2805 4313 remitti
2849 4247 2929 4312 ad
2978 4247 3149 4313 vices
3194 4267 3349 4312 suas
3389 4247 3753 4313 obeundas:
3800 4245 3970 4329 quod
4014 4244 4159 4310 fieri
4204 4263 4331 4308 non
4379 4261 4492 4324 po-

2555 4342 2754 4409 terat,
2816 4333 2942 4398 nisi
3002 4333 3244 4398 versati
3292 4341 3509 4399 essent
3553 4354 3702 4400 cum
3761 4332 4019 4417 populo.
4109 4330 4319 4395 Porro
4375 4348 4491 4392 ne-

2554 4420 2763 4485 scitur
2825 4439 2910 4482 an
2967 4417 3047 4483 de
3104 4426 3397 4502 tempore
3505 4418 3905 4485 raemonitus
3959 4416 4192 4483 fuisset
4242 4415 4490 4480 Moses:

2554 4526 2928 4589 quanquam
2991 4525 3099 4570 ma
3150 4504 3163 4517 '
3258 4503 3466 4588 proba
3508 4505 3596 4570 ile
3662 4513 3762 4570 est
3818 4521 4208 4587 suspensum
4262 4507 4330 4565 et
4372 4497 4493 4562 du·

2556 4591 2735 4656 bium
2795 4591 3027 4667 fuisse,
3134 4611 3292 4657 onec
3350 4591 3423 4655 in
3477 4590 3930 4657 absconditum
3977 4590 4104 4655 Dei
4147 4584 4491 4654 consilium

2555 4676 2943 4762 penetravit.
3023 4675 3132 4741 Ex
3175 4676 3536 4761 penultimo
3579 4697 3782 4743 versu
3828 4676 4158 4751 discimus,
4196 4670 4494 4756 quamvis

2560 4764 2924 4830 senioribus
2960 4761 3200 4828 clarius
3236 4764 3562 4845 patefacta
3596 4763 3796 4828 fuerit
3819 4761 3949 4827 Dei
3982 4761 4306 4834 maiestas,
4345 4777 4496 4822 con-

2557 4850 2849 4933 spicuam
2926 4858 3150 4914 tamen
3218 4851 3522 4916 omnibus
3587 4848 3794 4915 fuisse
3852 4870 3891 4914 a
3954 4845 4228 4912 minimo
4292 4861 4493 4925 usque

2558 4934 2637 5000 ad
2673 4935 3047 5012 maximam,
3086 4957 3169 5000 ne
3204 4955 3332 5018 qua
3365 4936 3778 5021 ignorantiae
3822 4930 4155 5000 excusatio
4200 4927 4352 4993 ullis
4397 4949 4494 4991 re-

2554 5019 2735 5104 liqua
2768 5029 2960 5086 esset.
3048 5020 3218 5085 Nam
3265 5042 3464 5104 quum
3511 5043 3628 5088 sex
3674 5021 3900 5086 diebus
3943 5013 4274 5082 continuis
4309 5014 4493 5079 visus

2554 5107 2754 5172 fuerit
2810 5106 2985 5190 ignis
3030 5107 3295 5172 ardere:
3349 5129 3424 5175 ac
3466 5109 3524 5174 si
3566 5116 3853 5172 montem
3900 5110 4335 5181 consumeret,
4380 5099 4492 5184 qui

2550 5204 2780 5275 postea
2814 5192 3166 5258 obtendere
3204 5191 3390 5258 licuit
3426 5215 3558 5259 non
3595 5192 3757 5259 satis
3801 5188 4045 5273 liquido
4081 5194 4490 5271 compertum

2550 5299 2691 5345 esse
2736 5300 2776 5342 a
2821 5300 2948 5361 quo
2992 5288 3223 5343 autore
3267 5279 3563 5362 profecta
3605 5278 3712 5343 lex
3756 5282 3949 5342 esset.
