<?xml version="1.0" encoding="UTF-8"?>
<!DOCTYPE html PUBLIC "-//W3C//DTD XHTML 1.0 Transitional//EN"
    "http://www.w3.org/TR/xhtml1/DTD/xhtml1-transitional.dtd">
<html xmlns="http://www.w3.org/1999/xhtml" xml:lang="en" lang="en">
 <head>
  <title>
</title>
<meta http-equiv="Content-Type" content="text/html;charset=utf-8" />
  <meta name='ocr-system' content='tesseract 3.04.00' />
  <meta name='ocr-capabilities' content='ocr_page ocr_carea ocr_par ocr_line ocrx_word'/>
</head>
<body>
  <div class='ocr_page' id='page_1' title='image "./ioanniscalvinio06unkngoog_0029.png"; bbox 0 0 5017 6142; ppageno 0'>
   <div class='ocr_carea' id='block_1_1' title="bbox 442 442 530 512">
    <p class='ocr_par' dir='ltr' id='par_1_1' title="bbox 442 442 530 512">
     <span class='ocr_line' id='line_1_1' title="bbox 442 442 530 512; baseline 0 0"><span class='ocrx_word' id='word_1_1' title='bbox 442 442 530 512; x_wconf 81' lang='lat'><strong>33</strong></span> 
     </span>
    </p>
   </div>
   <div class='ocr_carea' id='block_1_2' title="bbox 448 626 2409 4839">
    <p class='ocr_par' dir='ltr' id='par_1_2' title="bbox 448 626 2399 1143">
     <span class='ocr_line' id='line_1_2' title="bbox 448 626 2394 713; baseline -0.004 -14"><span class='ocrx_word' id='word_1_2' title='bbox 448 629 687 699; x_wconf 90' lang='lat' dir='ltr'><strong>deinde</strong></span> <span class='ocrx_word' id='word_1_3' title='bbox 750 627 1058 713; x_wconf 91' lang='lat' dir='ltr'><strong>loquendi</strong></span> <span class='ocrx_word' id='word_1_4' title='bbox 1121 628 1334 695; x_wconf 86' lang='lat' dir='ltr'><strong>forma</strong></span> <span class='ocrx_word' id='word_1_5' title='bbox 1398 628 1575 697; x_wconf 90' lang='lat' dir='ltr'><strong>idem</strong></span> <span class='ocrx_word' id='word_1_6' title='bbox 1642 628 2023 709; x_wconf 89' lang='lat' dir='ltr'><strong>confirmat,</strong></span> <span class='ocrx_word' id='word_1_7' title='bbox 2099 626 2394 712; x_wconf 79' lang='lat' dir='ltr'><strong>pluviam</strong></span> 
     </span>
     <span class='ocr_line' id='line_1_3' title="bbox 449 713 2395 798; baseline -0.005 -11"><span class='ocrx_word' id='word_1_8' title='bbox 449 737 836 787; x_wconf 84' lang='lat' dir='ltr'><strong>conversum</strong></span> <span class='ocrx_word' id='word_1_9' title='bbox 878 716 960 781; x_wconf 89' lang='lat' dir='ltr'><strong>iri</strong></span> <span class='ocrx_word' id='word_1_10' title='bbox 1004 716 1075 779; x_wconf 92' lang='lat' dir='ltr'><strong>in</strong></span> <span class='ocrx_word' id='word_1_11' title='bbox 1119 716 1408 782; x_wconf 91' lang='lat' dir='ltr'><strong>cinerem</strong></span> <span class='ocrx_word' id='word_1_12' title='bbox 1450 723 1518 780; x_wconf 91' lang='lat' dir='ltr'><strong>et</strong></span> <span class='ocrx_word' id='word_1_13' title='bbox 1559 715 1920 798; x_wconf 84' lang='lat' dir='ltr'><strong>pulverem.</strong></span> <span class='ocrx_word' id='word_1_14' title='bbox 2003 713 2395 797; x_wconf 80' lang='lat' dir='ltr'><strong>Quanquam</strong></span> 
     </span>
     <span class='ocr_line' id='line_1_4' title="bbox 452 799 2395 886; baseline -0.004 -15"><span class='ocrx_word' id='word_1_15' title='bbox 452 802 704 871; x_wconf 89' lang='lat' dir='ltr'><strong>duobus</strong></span> <span class='ocrx_word' id='word_1_16' title='bbox 768 800 979 867; x_wconf 90' lang='lat' dir='ltr'><strong>modis</strong></span> <span class='ocrx_word' id='word_1_17' title='bbox 1044 803 1282 884; x_wconf 81' lang='lat' dir='ltr'>exponi</span> <span class='ocrx_word' id='word_1_18' title='bbox 1346 807 1559 886; x_wconf 90' lang='lat' dir='ltr'><strong>potest</strong></span> <span class='ocrx_word' id='word_1_19' title='bbox 1624 801 1747 866; x_wconf 92' lang='lat' dir='ltr'><strong>hoc</strong></span> <span class='ocrx_word' id='word_1_20' title='bbox 1813 801 2212 880; x_wconf 90' lang='lat' dir='ltr'><strong>membrum,</strong></span> <span class='ocrx_word' id='word_1_21' title='bbox 2288 799 2395 865; x_wconf 82' lang='lat' dir='ltr'><strong>vel</strong></span> 
     </span>
     <span class='ocr_line' id='line_1_5' title="bbox 453 885 2397 977; baseline -0.003 -21"><span class='ocrx_word' id='word_1_22' title='bbox 453 888 626 977; x_wconf 89' lang='lat' dir='ltr'><strong>quod</strong></span> <span class='ocrx_word' id='word_1_23' title='bbox 667 887 894 973; x_wconf 84' lang='lat' dir='ltr'><strong>pluvia</strong></span> <span class='ocrx_word' id='word_1_24' title='bbox 936 887 1146 954; x_wconf 86' lang='lat' dir='ltr'>nihilo</span> <span class='ocrx_word' id='word_1_25' title='bbox 1188 887 1400 973; x_wconf 87' lang='lat' dir='ltr'><strong>magis</strong></span> <span class='ocrx_word' id='word_1_26' title='bbox 1455 885 1877 953; x_wconf 84' lang='lat' dir='ltr'><strong>foecundabit</strong></span> <span class='ocrx_word' id='word_1_27' title='bbox 1919 893 2164 952; x_wconf 88' lang='lat' dir='ltr'><strong>terram</strong></span> <span class='ocrx_word' id='word_1_28' title='bbox 2201 905 2397 970; x_wconf 89' lang='lat' dir='ltr'><strong>quam</strong></span> 
     </span>
     <span class='ocr_line' id='line_1_6' title="bbox 451 970 2399 1057; baseline -0.004 -14"><span class='ocrx_word' id='word_1_29' title='bbox 451 977 652 1057; x_wconf 89' lang='lat' dir='ltr'><strong>cinis,</strong></span> <span class='ocrx_word' id='word_1_30' title='bbox 708 974 813 1042; x_wconf 83' lang='lat' dir='ltr'><strong>vel</strong></span> <span class='ocrx_word' id='word_1_31' title='bbox 871 973 1042 1057; x_wconf 91' lang='lat' dir='ltr'><strong>quod</strong></span> <span class='ocrx_word' id='word_1_32' title='bbox 1098 972 1241 1039; x_wconf 93' lang='lat' dir='ltr'><strong>loco</strong></span> <span class='ocrx_word' id='word_1_33' title='bbox 1284 972 1554 1056; x_wconf 83' lang='lat' dir='ltr'><strong>pluviae</strong></span> <span class='ocrx_word' id='word_1_34' title='bbox 1597 970 1945 1039; x_wconf 74' lang='lat' dir='ltr'><strong>descendet</strong></span> <span class='ocrx_word' id='word_1_35' title='bbox 1989 970 2277 1049; x_wconf 89' lang='lat' dir='ltr'><strong>adustio,</strong></span> <span class='ocrx_word' id='word_1_36' title='bbox 2323 989 2399 1035; x_wconf 87' lang='lat' dir='ltr'><strong>ac</strong></span> 
     </span>
     <span class='ocr_line' id='line_1_7' title="bbox 451 1058 2396 1143; baseline -0.003 -15"><span class='ocrx_word' id='word_1_37' title='bbox 451 1064 507 1128; x_wconf 92' lang='lat' dir='ltr'><strong>si</strong></span> <span class='ocrx_word' id='word_1_38' title='bbox 553 1064 736 1128; x_wconf 88' lang='lat' dir='ltr'><strong>Deus</strong></span> <span class='ocrx_word' id='word_1_39' title='bbox 792 1079 1022 1142; x_wconf 89' lang='lat' dir='ltr'><strong>sparso</strong></span> <span class='ocrx_word' id='word_1_40' title='bbox 1079 1058 1299 1125; x_wconf 92' lang='lat' dir='ltr'><strong>cinere</strong></span> <span class='ocrx_word' id='word_1_41' title='bbox 1358 1059 1668 1143; x_wconf 79' lang='lat' dir='ltr'><strong>pinguem</strong></span> <span class='ocrx_word' id='word_1_42' title='bbox 1731 1066 1979 1123; x_wconf 92' lang='lat' dir='ltr'><strong>terram</strong></span> <span class='ocrx_word' id='word_1_43' title='bbox 2023 1058 2396 1123; x_wconf 87' lang='lat' dir='ltr'><strong>arefaceret.</strong></span> 
     </span>
    </p>

    <p class='ocr_par' dir='ltr' id='par_1_3' title="bbox 449 1141 2409 3794">
     <span class='ocr_line' id='line_1_8' title="bbox 622 1141 2399 1226; baseline -0.003 -13"><span class='ocrx_word' id='word_1_44' title='bbox 622 1146 728 1213; x_wconf 84' lang='lat'><strong>25.</strong></span> <span class='ocrx_word' id='word_1_45' title='bbox 771 1144 976 1212; x_wconf 75' lang='lat' dir='ltr'><strong>Dabit</strong></span> <span class='ocrx_word' id='word_1_46' title='bbox 1015 1150 1071 1211; x_wconf 79' lang='lat' dir='ltr'><strong>te</strong></span> <span class='ocrx_word' id='word_1_47' title='bbox 1114 1143 1342 1212; x_wconf 76' lang='lat' dir='ltr'><strong>Iehova</strong></span> <span class='ocrx_word' id='word_1_48' title='bbox 1385 1164 1653 1210; x_wconf 68' lang='lat' dir='ltr'><strong>caesum.</strong></span> <span class='ocrx_word' id='word_1_49' title='bbox 1744 1143 1938 1226; x_wconf 80' lang='lat' dir='ltr'><strong>Quod</strong></span> <span class='ocrx_word' id='word_1_50' title='bbox 1984 1141 2272 1210; x_wconf 85' lang='lat' dir='ltr'><strong>breviter</strong></span> <span class='ocrx_word' id='word_1_51' title='bbox 2318 1143 2399 1209; x_wconf 89' lang='lat' dir='ltr'><strong>de</strong></span> 
     </span>
     <span class='ocr_line' id='line_1_9' title="bbox 449 1229 2399 1320; baseline -0.003 -21"><span class='ocrx_word' id='word_1_52' title='bbox 449 1233 669 1320; x_wconf 89' lang='lat' dir='ltr'><strong>gladio</strong></span> <span class='ocrx_word' id='word_1_53' title='bbox 727 1232 1016 1297; x_wconf 89' lang='lat' dir='ltr'><strong>minatus</strong></span> <span class='ocrx_word' id='word_1_54' title='bbox 1072 1232 1315 1311; x_wconf 90' lang='lat' dir='ltr'><strong>fuerat,</strong></span> <span class='ocrx_word' id='word_1_55' title='bbox 1383 1229 1678 1314; x_wconf 91' lang='lat' dir='ltr'><strong>pluribus</strong></span> <span class='ocrx_word' id='word_1_56' title='bbox 1736 1250 1911 1295; x_wconf 89' lang='lat' dir='ltr'><strong>nunc</strong></span> <span class='ocrx_word' id='word_1_57' title='bbox 1967 1230 2399 1314; x_wconf 79' lang='lat' dir='ltr'><strong>prosequitur,</strong></span> 
     </span>
     <span class='ocr_line' id='line_1_10' title="bbox 453 1315 2398 1399; baseline -0.004 -12"><span class='ocrx_word' id='word_1_58' title='bbox 453 1319 773 1387; x_wconf 91' lang='lat' dir='ltr'><strong>obnoxios</strong></span> <span class='ocrx_word' id='word_1_59' title='bbox 818 1318 956 1383; x_wconf 87' lang='lat' dir='ltr'><strong>fore</strong></span> <span class='ocrx_word' id='word_1_60' title='bbox 1005 1316 1297 1383; x_wconf 87' lang='lat' dir='ltr'><strong>hostium</strong></span> <span class='ocrx_word' id='word_1_61' title='bbox 1353 1336 1619 1383; x_wconf 90' lang='lat' dir='ltr'><strong>suorum</strong></span> <span class='ocrx_word' id='word_1_62' title='bbox 1681 1315 1972 1396; x_wconf 89' lang='lat' dir='ltr'><strong>libidini,</strong></span> <span class='ocrx_word' id='word_1_63' title='bbox 2026 1324 2098 1381; x_wconf 94' lang='lat' dir='ltr'><strong>ut</strong></span> <span class='ocrx_word' id='word_1_64' title='bbox 2155 1315 2398 1399; x_wconf 90' lang='lat' dir='ltr'><strong>passim</strong></span> 
     </span>
     <span class='ocr_line' id='line_1_11' title="bbox 453 1400 2401 1471; baseline -0.003 0"><span class='ocrx_word' id='word_1_65' title='bbox 453 1404 884 1471; x_wconf 76' lang='lat' dir='ltr'><strong>trucidentur.</strong></span> <span class='ocrx_word' id='word_1_66' title='bbox 952 1400 1125 1469; x_wconf 89' lang='lat' dir='ltr'><strong>Ante</strong></span> <span class='ocrx_word' id='word_1_67' title='bbox 1163 1401 1445 1469; x_wconf 87' lang='lat' dir='ltr'><strong>vidimus</strong></span> <span class='ocrx_word' id='word_1_68' title='bbox 1480 1403 1651 1468; x_wconf 90' lang='lat' dir='ltr'><strong>iusto</strong></span> <span class='ocrx_word' id='word_1_69' title='bbox 1686 1403 1813 1468; x_wconf 89' lang='lat' dir='ltr'><strong>Dei</strong></span> <span class='ocrx_word' id='word_1_70' title='bbox 1849 1401 2089 1468; x_wconf 88' lang='lat' dir='ltr'><strong>iudicio</strong></span> <span class='ocrx_word' id='word_1_71' title='bbox 2124 1400 2401 1468; x_wconf 83' lang='lat' dir='ltr'><strong>excitari</strong></span> 
     </span>
     <span class='ocr_line' id='line_1_12' title="bbox 452 1487 2402 1574; baseline -0.003 -17"><span class='ocrx_word' id='word_1_72' title='bbox 452 1500 518 1558; x_wconf 94' lang='lat' dir='ltr'><strong>et</strong></span> <span class='ocrx_word' id='word_1_73' title='bbox 561 1491 801 1556; x_wconf 90' lang='lat' dir='ltr'><strong>armari</strong></span> <span class='ocrx_word' id='word_1_74' title='bbox 847 1489 961 1573; x_wconf 92' lang='lat' dir='ltr'><strong>qui</strong></span> <span class='ocrx_word' id='word_1_75' title='bbox 1004 1487 1085 1554; x_wconf 92' lang='lat' dir='ltr'><strong>de</strong></span> <span class='ocrx_word' id='word_1_76' title='bbox 1128 1489 1292 1574; x_wconf 90' lang='lat' dir='ltr'><strong>legis</strong></span> <span class='ocrx_word' id='word_1_77' title='bbox 1326 1487 1928 1573; x_wconf 77' lang='lat' dir='ltr'><strong>transgressoribus</strong></span> <span class='ocrx_word' id='word_1_78' title='bbox 1972 1506 2216 1571; x_wconf 87' lang='lat' dir='ltr'><strong>poenas</strong></span> <span class='ocrx_word' id='word_1_79' title='bbox 2259 1487 2402 1552; x_wconf 89' lang='lat' dir='ltr'><strong>exi·</strong></span> 
     </span>
     <span class='ocr_line' id='line_1_13' title="bbox 452 1572 2401 1663; baseline -0.002 -21"><span class='ocrx_word' id='word_1_80' title='bbox 452 1588 637 1663; x_wconf 88' lang='lat' dir='ltr'><strong>gant:</strong></span> <span class='ocrx_word' id='word_1_81' title='bbox 700 1584 953 1659; x_wconf 90' lang='lat' dir='ltr'><strong>partem</strong></span> <span class='ocrx_word' id='word_1_82' title='bbox 998 1574 1179 1640; x_wconf 89' lang='lat' dir='ltr'><strong>illam</strong></span> <span class='ocrx_word' id='word_1_83' title='bbox 1224 1595 1403 1641; x_wconf 91' lang='lat' dir='ltr'><strong>nnnc</strong></span> <span class='ocrx_word' id='word_1_84' title='bbox 1460 1595 1595 1639; x_wconf 90' lang='lat' dir='ltr'><strong>non</strong></span> <span class='ocrx_word' id='word_1_85' title='bbox 1655 1572 1926 1657; x_wconf 82' lang='lat' dir='ltr'><strong>attingit</strong></span> <span class='ocrx_word' id='word_1_86' title='bbox 1971 1574 2224 1651; x_wconf 82' lang='lat' dir='ltr'><strong>Moses,</strong></span> <span class='ocrx_word' id='word_1_87' title='bbox 2285 1572 2401 1638; x_wconf 90' lang='lat' dir='ltr'><strong>sod</strong></span> 
     </span>
     <span class='ocr_line' id='line_1_14' title="bbox 453 1658 2403 1746; baseline -0.004 -16"><span class='ocrx_word' id='word_1_88' title='bbox 453 1669 709 1730; x_wconf 85' lang='lat' dir='ltr'><strong>tantum</strong></span> <span class='ocrx_word' id='word_1_89' title='bbox 755 1660 1150 1746; x_wconf 89' lang='lat' dir='ltr'><strong>pronunciat</strong></span> <span class='ocrx_word' id='word_1_90' title='bbox 1190 1661 1489 1725; x_wconf 91' lang='lat' dir='ltr'><strong>inimicos</strong></span> <span class='ocrx_word' id='word_1_91' title='bbox 1532 1658 1758 1743; x_wconf 87' lang='lat' dir='ltr'><strong>populi</strong></span> <span class='ocrx_word' id='word_1_92' title='bbox 1801 1658 1942 1726; x_wconf 91' lang='lat' dir='ltr'><strong>fore</strong></span> <span class='ocrx_word' id='word_1_93' title='bbox 1984 1659 2283 1738; x_wconf 87' lang='lat' dir='ltr'><strong>victores,</strong></span> <span class='ocrx_word' id='word_1_94' title='bbox 2324 1666 2403 1723; x_wconf 93' lang='lat' dir='ltr'><strong>ut</strong></span> 
     </span>
     <span class='ocr_line' id='line_1_15' title="bbox 453 1745 2402 1831; baseline -0.004 -15"><span class='ocrx_word' id='word_1_95' title='bbox 453 1749 779 1829; x_wconf 82' lang='lat' dir='ltr'><strong>saeviant,</strong></span> <span class='ocrx_word' id='word_1_96' title='bbox 844 1768 919 1812; x_wconf 88' lang='lat' dir='ltr'><strong>ac</strong></span> <span class='ocrx_word' id='word_1_97' title='bbox 982 1746 1343 1831; x_wconf 78' lang='lat' dir='ltr'><strong>fugitantes</strong></span> <span class='ocrx_word' id='word_1_98' title='bbox 1409 1753 1902 1830; x_wconf 88' lang='lat' dir='ltr'><strong>persequantur.</strong></span> <span class='ocrx_word' id='word_1_99' title='bbox 2002 1745 2207 1811; x_wconf 89' lang='lat' dir='ltr'><strong>Porro</strong></span> <span class='ocrx_word' id='word_1_100' title='bbox 2271 1765 2402 1829; x_wconf 91' lang='lat' dir='ltr'><strong>quo</strong></span> 
     </span>
     <span class='ocr_line' id='line_1_16' title="bbox 454 1830 2404 1915; baseline -0.004 -14"><span class='ocrx_word' id='word_1_101' title='bbox 454 1835 773 1902; x_wconf 89' lang='lat' dir='ltr'><strong>illustrius</strong></span> <span class='ocrx_word' id='word_1_102' title='bbox 816 1834 901 1899; x_wconf 90' lang='lat' dir='ltr'><strong>sit</strong></span> <span class='ocrx_word' id='word_1_103' title='bbox 943 1833 1073 1898; x_wconf 92' lang='lat' dir='ltr'><strong>Dei</strong></span> <span class='ocrx_word' id='word_1_104' title='bbox 1131 1832 1440 1899; x_wconf 88' lang='lat' dir='ltr'><strong>iudicium</strong></span> <span class='ocrx_word' id='word_1_105' title='bbox 1459 1881 1475 1912; x_wconf 92' lang='lat'><strong>,</strong></span> <span class='ocrx_word' id='word_1_106' title='bbox 1533 1830 1723 1909; x_wconf 89' lang='lat' dir='ltr'><strong>dicit,</strong></span> <span class='ocrx_word' id='word_1_107' title='bbox 1784 1851 1984 1915; x_wconf 90' lang='lat' dir='ltr'><strong>quum</strong></span> <span class='ocrx_word' id='word_1_108' title='bbox 2041 1830 2404 1915; x_wconf 83' lang='lat' dir='ltr'><strong>prodierint</strong></span> 
     </span>
     <span class='ocr_line' id='line_1_17' title="bbox 452 1915 2403 2002; baseline -0.003 -15"><span class='ocrx_word' id='word_1_109' title='bbox 452 1922 522 1987; x_wconf 91' lang='lat' dir='ltr'><strong>in</strong></span> <span class='ocrx_word' id='word_1_110' title='bbox 565 1919 808 1987; x_wconf 88' lang='lat' dir='ltr'><strong>bellum</strong></span> <span class='ocrx_word' id='word_1_111' title='bbox 855 1940 988 1984; x_wconf 93' lang='lat' dir='ltr'><strong>una</strong></span> <span class='ocrx_word' id='word_1_112' title='bbox 1029 1919 1157 1996; x_wconf 83' lang='lat' dir='ltr'><strong>via,</strong></span> <span class='ocrx_word' id='word_1_113' title='bbox 1203 1939 1441 2002; x_wconf 88' lang='lat' dir='ltr'><strong>nempe</strong></span> <span class='ocrx_word' id='word_1_114' title='bbox 1485 1918 1778 1983; x_wconf 90' lang='lat' dir='ltr'><strong>exercitu</strong></span> <span class='ocrx_word' id='word_1_115' title='bbox 1822 1918 1894 1983; x_wconf 90' lang='lat' dir='ltr'><strong>in</strong></span> <span class='ocrx_word' id='word_1_116' title='bbox 1938 1938 2092 1982; x_wconf 89' lang='lat' dir='ltr'><strong>suos</strong></span> <span class='ocrx_word' id='word_1_117' title='bbox 2136 1915 2403 1982; x_wconf 87' lang='lat' dir='ltr'><strong>ordines</strong></span> 
     </span>
     <span class='ocr_line' id='line_1_18' title="bbox 452 2002 2405 2089; baseline -0.003 -15"><span class='ocrx_word' id='word_1_118' title='bbox 452 2007 621 2074; x_wconf 88' lang='lat' dir='ltr'><strong>bene</strong></span> <span class='ocrx_word' id='word_1_119' title='bbox 664 2004 996 2089; x_wconf 90' lang='lat' dir='ltr'><strong>disposito,</strong></span> <span class='ocrx_word' id='word_1_120' title='bbox 1042 2004 1368 2070; x_wconf 84' lang='lat' dir='ltr'><strong>redituros</strong></span> <span class='ocrx_word' id='word_1_121' title='bbox 1410 2025 1527 2087; x_wconf 89' lang='lat' dir='ltr'><strong>per</strong></span> <span class='ocrx_word' id='word_1_122' title='bbox 1571 2024 1641 2070; x_wconf 90' lang='lat' dir='ltr'><strong>se</strong></span> <span class='ocrx_word' id='word_1_123' title='bbox 1689 2011 1824 2068; x_wconf 93' lang='lat' dir='ltr'><strong>tem</strong></span> <span class='ocrx_word' id='word_1_124' title='bbox 1869 2002 2045 2069; x_wconf 87' lang='lat' dir='ltr'><strong>vias:</strong></span> <span class='ocrx_word' id='word_1_125' title='bbox 2091 2003 2245 2086; x_wconf 87' lang='lat' dir='ltr'><strong>quia</strong></span> <span class='ocrx_word' id='word_1_126' title='bbox 2281 2013 2405 2068; x_wconf 89' lang='lat' dir='ltr'><strong>tre-</strong></span> 
     </span>
     <span class='ocr_line' id='line_1_19' title="bbox 453 2089 2403 2177; baseline -0.002 -19"><span class='ocrx_word' id='word_1_127' title='bbox 453 2092 606 2177; x_wconf 89' lang='lat' dir='ltr'><strong>pide</strong></span> <span class='ocrx_word' id='word_1_128' title='bbox 669 2090 1012 2175; x_wconf 87' lang='lat' dir='ltr'><strong>fugiendo,</strong></span> <span class='ocrx_word' id='word_1_129' title='bbox 1079 2091 1212 2156; x_wconf 93' lang='lat' dir='ltr'><strong>huc</strong></span> <span class='ocrx_word' id='word_1_130' title='bbox 1276 2098 1343 2155; x_wconf 89' lang='lat' dir='ltr'><strong>et</strong></span> <span class='ocrx_word' id='word_1_131' title='bbox 1405 2090 1563 2155; x_wconf 91' lang='lat' dir='ltr'><strong>illuc</strong></span> <span class='ocrx_word' id='word_1_132' title='bbox 1672 2090 2103 2174; x_wconf 87' lang='lat' dir='ltr'><strong>ispergentur.</strong></span> <span class='ocrx_word' id='word_1_133' title='bbox 2206 2089 2403 2156; x_wconf 86' lang='lat' dir='ltr'><strong>Unde</strong></span> 
     </span>
     <span class='ocr_line' id='line_1_20' title="bbox 460 2173 2403 2261; baseline -0.004 -15"><span class='ocrx_word' id='word_1_134' title='bbox 460 2179 859 2261; x_wconf 84' lang='lat' dir='ltr'><strong>colligimus,</strong></span> <span class='ocrx_word' id='word_1_135' title='bbox 902 2178 972 2240; x_wconf 90' lang='lat' dir='ltr'><strong>in</strong></span> <span class='ocrx_word' id='word_1_136' title='bbox 1017 2176 1287 2242; x_wconf 85' lang='lat' dir='ltr'><strong>arbitrio</strong></span> <span class='ocrx_word' id='word_1_137' title='bbox 1330 2176 1458 2242; x_wconf 91' lang='lat' dir='ltr'><strong>Dei</strong></span> <span class='ocrx_word' id='word_1_138' title='bbox 1504 2195 1648 2241; x_wconf 89' lang='lat' dir='ltr'><strong>esse</strong></span> <span class='ocrx_word' id='word_1_139' title='bbox 1689 2174 2031 2241; x_wconf 89' lang='lat' dir='ltr'><strong>hominum</strong></span> <span class='ocrx_word' id='word_1_140' title='bbox 2076 2173 2403 2241; x_wconf 89' lang='lat' dir='ltr'><strong>fortitudi-</strong></span> 
     </span>
     <span class='ocr_line' id='line_1_21' title="bbox 458 2261 2403 2352; baseline -0.004 -21"><span class='ocrx_word' id='word_1_141' title='bbox 458 2286 641 2341; x_wconf 89' lang='lat' dir='ltr'><strong>nem,</strong></span> <span class='ocrx_word' id='word_1_142' title='bbox 702 2273 777 2329; x_wconf 91' lang='lat' dir='ltr'><strong>ut</strong></span> <span class='ocrx_word' id='word_1_143' title='bbox 831 2261 1296 2329; x_wconf 77' lang='lat' dir='ltr'><strong>audacissimos</strong></span> <span class='ocrx_word' id='word_1_144' title='bbox 1354 2281 1675 2345; x_wconf 88' lang='lat' dir='ltr'><strong>quosque,</strong></span> <span class='ocrx_word' id='word_1_145' title='bbox 1733 2261 1983 2352; x_wconf 68' lang='lat' dir='ltr'><strong>quoties</strong></span> <span class='ocrx_word' id='word_1_146' title='bbox 2037 2261 2134 2325; x_wconf 90' lang='lat' dir='ltr'><strong>ita</strong></span> <span class='ocrx_word' id='word_1_147' title='bbox 2186 2263 2403 2328; x_wconf 84' lang='lat' dir='ltr'><strong>visum</strong></span> 
     </span>
     <span class='ocr_line' id='line_1_22' title="bbox 456 2346 2404 2431; baseline -0.004 -14"><span class='ocrx_word' id='word_1_148' title='bbox 456 2359 589 2431; x_wconf 91' lang='lat' dir='ltr'><strong>est,</strong></span> <span class='ocrx_word' id='word_1_149' title='bbox 645 2350 997 2416; x_wconf 87' lang='lat' dir='ltr'><strong>exanimet.</strong></span> <span class='ocrx_word' id='word_1_150' title='bbox 1086 2351 1186 2415; x_wconf 90' lang='lat' dir='ltr'><strong>Ac</strong></span> <span class='ocrx_word' id='word_1_151' title='bbox 1246 2346 1601 2414; x_wconf 86' lang='lat' dir='ltr'><strong>tenendum</strong></span> <span class='ocrx_word' id='word_1_152' title='bbox 1649 2355 1751 2412; x_wconf 90' lang='lat' dir='ltr'><strong>est</strong></span> <span class='ocrx_word' id='word_1_153' title='bbox 1805 2347 1974 2431; x_wconf 93' lang='lat' dir='ltr'><strong>quod</strong></span> <span class='ocrx_word' id='word_1_154' title='bbox 2016 2346 2176 2413; x_wconf 88' lang='lat' dir='ltr'><strong>alibi</strong></span> <span class='ocrx_word' id='word_1_155' title='bbox 2219 2346 2404 2411; x_wconf 82' lang='lat' dir='ltr'><strong>vide-</strong></span> 
     </span>
     <span class='ocr_line' id='line_1_23' title="bbox 455 2432 2409 2517; baseline -0.004 -13"><span class='ocrx_word' id='word_1_156' title='bbox 455 2438 706 2504; x_wconf 89' lang='lat' dir='ltr'><strong>bimus:</strong></span> <span class='ocrx_word' id='word_1_157' title='bbox 754 2433 1095 2517; x_wconf 78' lang='lat' dir='ltr'><strong>Quomodo</strong></span> <span class='ocrx_word' id='word_1_158' title='bbox 1138 2443 1572 2517; x_wconf 89' lang='lat' dir='ltr'><strong>persequutus</strong></span> <span class='ocrx_word' id='word_1_159' title='bbox 1616 2434 1848 2500; x_wconf 87' lang='lat' dir='ltr'><strong>fuisset</strong></span> <span class='ocrx_word' id='word_1_160' title='bbox 1888 2453 2059 2499; x_wconf 90' lang='lat' dir='ltr'><strong>unus</strong></span> <span class='ocrx_word' id='word_1_161' title='bbox 2092 2432 2293 2511; x_wconf 87' lang='lat' dir='ltr'><strong>mille,</strong></span> <span class='ocrx_word' id='word_1_162' title='bbox 2338 2439 2409 2497; x_wconf 91' lang='lat' dir='ltr'><strong>et</strong></span> 
     </span>
     <span class='ocr_line' id='line_1_24' title="bbox 460 2516 2406 2606; baseline -0.004 -17"><span class='ocrx_word' id='word_1_163' title='bbox 460 2522 588 2589; x_wconf 92' lang='lat' dir='ltr'><strong>duo</strong></span> <span class='ocrx_word' id='word_1_164' title='bbox 631 2523 972 2606; x_wconf 80' lang='lat' dir='ltr'><strong>fugassent</strong></span> <span class='ocrx_word' id='word_1_165' title='bbox 1015 2518 1238 2585; x_wconf 88' lang='lat' dir='ltr'><strong>decem</strong></span> <span class='ocrx_word' id='word_1_166' title='bbox 1281 2520 1510 2598; x_wconf 89' lang='lat' dir='ltr'><strong>millia,</strong></span> <span class='ocrx_word' id='word_1_167' title='bbox 1549 2519 1678 2585; x_wconf 90' lang='lat' dir='ltr'><strong>nisi</strong></span> <span class='ocrx_word' id='word_1_168' title='bbox 1712 2520 1866 2602; x_wconf 91' lang='lat' dir='ltr'><strong>quia</strong></span> <span class='ocrx_word' id='word_1_169' title='bbox 1885 2518 2071 2585; x_wconf 91' lang='lat' dir='ltr'><strong>Deus</strong></span> <span class='ocrx_word' id='word_1_170' title='bbox 2106 2516 2406 2585; x_wconf 81' lang='lat' dir='ltr'><strong>vendidit</strong></span> 
     </span>
     <span class='ocr_line' id='line_1_25' title="bbox 460 2602 2400 2692; baseline -0.004 -17"><span class='ocrx_word' id='word_1_171' title='bbox 460 2629 589 2686; x_wconf 89' lang='lat' dir='ltr'><strong>eos,</strong></span> <span class='ocrx_word' id='word_1_172' title='bbox 625 2616 694 2674; x_wconf 88' lang='lat' dir='ltr'><strong>et</strong></span> <span class='ocrx_word' id='word_1_173' title='bbox 727 2605 1048 2673; x_wconf 91' lang='lat' dir='ltr'><strong>conclusit</strong></span> <span class='ocrx_word' id='word_1_174' title='bbox 1083 2604 1206 2671; x_wconf 90' lang='lat' dir='ltr'><strong>sub</strong></span> <span class='ocrx_word' id='word_1_175' title='bbox 1238 2626 1511 2671; x_wconf 92' lang='lat' dir='ltr'><strong>manum</strong></span> <span class='ocrx_word' id='word_1_176' title='bbox 1548 2605 1813 2670; x_wconf 88' lang='lat' dir='ltr'><strong>illorum</strong></span> <span class='ocrx_word' id='word_1_177' title='bbox 1837 2602 2063 2692; x_wconf 90' lang='lat' dir='ltr'><strong>(Deut.</strong></span> <span class='ocrx_word' id='word_1_178' title='bbox 2100 2604 2204 2682; x_wconf 83' lang='lat'><strong>32,</strong></span> <span class='ocrx_word' id='word_1_179' title='bbox 2242 2602 2400 2691; x_wconf 79' lang='lat'><strong>30)?</strong></span> 
     </span>
     <span class='ocr_line' id='line_1_26' title="bbox 458 2692 2401 2778; baseline -0.003 -17"><span class='ocrx_word' id='word_1_180' title='bbox 458 2697 680 2778; x_wconf 80' lang='lat' dir='ltr'><strong>Atque</strong></span> <span class='ocrx_word' id='word_1_181' title='bbox 732 2693 856 2760; x_wconf 88' lang='lat' dir='ltr'><strong>hac</strong></span> <span class='ocrx_word' id='word_1_182' title='bbox 919 2692 1173 2758; x_wconf 89' lang='lat' dir='ltr'><strong>ratione</strong></span> <span class='ocrx_word' id='word_1_183' title='bbox 1225 2713 1298 2757; x_wconf 89' lang='lat' dir='ltr'><strong>se</strong></span> <span class='ocrx_word' id='word_1_184' title='bbox 1353 2693 1651 2757; x_wconf 87' lang='lat' dir='ltr'><strong>nominat</strong></span> <span class='ocrx_word' id='word_1_185' title='bbox 1693 2692 1912 2757; x_wconf 90' lang='lat' dir='ltr'><strong>Deum</strong></span> <span class='ocrx_word' id='word_1_186' title='bbox 1971 2693 2401 2767; x_wconf 78' lang='lat' dir='ltr'><strong>exercituum,</strong></span> 
     </span>
     <span class='ocr_line' id='line_1_27' title="bbox 457 2776 2403 2862; baseline -0.003 -16"><span class='ocrx_word' id='word_1_187' title='bbox 457 2789 536 2846; x_wconf 92' lang='lat' dir='ltr'><strong>ut</strong></span> <span class='ocrx_word' id='word_1_188' title='bbox 578 2800 805 2846; x_wconf 89' lang='lat' dir='ltr'><strong>secure</strong></span> <span class='ocrx_word' id='word_1_189' title='bbox 848 2776 972 2843; x_wconf 91' lang='lat' dir='ltr'><strong>sub</strong></span> <span class='ocrx_word' id='word_1_190' title='bbox 1014 2778 1158 2843; x_wconf 90' lang='lat' dir='ltr'><strong>eius</strong></span> <span class='ocrx_word' id='word_1_191' title='bbox 1214 2777 1536 2862; x_wconf 91' lang='lat' dir='ltr'><strong>praesidio</strong></span> <span class='ocrx_word' id='word_1_192' title='bbox 1595 2776 1842 2862; x_wconf 86' lang='lat' dir='ltr'><strong>degant</strong></span> <span class='ocrx_word' id='word_1_193' title='bbox 1897 2776 2159 2843; x_wconf 89' lang='lat' dir='ltr'><strong>fideles:</strong></span> <span class='ocrx_word' id='word_1_194' title='bbox 2215 2776 2403 2861; x_wconf 91' lang='lat' dir='ltr'><strong>impii</strong></span> 
     </span>
     <span class='ocr_line' id='line_1_28' title="bbox 456 2862 2404 2948; baseline -0.003 -14"><span class='ocrx_word' id='word_1_195' title='bbox 456 2888 613 2947; x_wconf 65' lang='lat' dir='ltr'><strong>vero</strong></span> <span class='ocrx_word' id='word_1_196' title='bbox 631 2914 646 2941; x_wconf 84' lang='lat'><strong>,</strong></span> <span class='ocrx_word' id='word_1_197' title='bbox 700 2872 771 2932; x_wconf 92' lang='lat' dir='ltr'><strong>et</strong></span> <span class='ocrx_word' id='word_1_198' title='bbox 823 2865 992 2948; x_wconf 87' lang='lat' dir='ltr'><strong>legis</strong></span> <span class='ocrx_word' id='word_1_199' title='bbox 1047 2871 1552 2947; x_wconf 85' lang='lat' dir='ltr'><strong>contemptores,</strong></span> <span class='ocrx_word' id='word_1_200' title='bbox 1606 2882 1683 2928; x_wconf 93' lang='lat' dir='ltr'><strong>eo</strong></span> <span class='ocrx_word' id='word_1_201' title='bbox 1739 2862 1977 2929; x_wconf 90' lang='lat' dir='ltr'><strong>infesto</strong></span> <span class='ocrx_word' id='word_1_202' title='bbox 2034 2868 2404 2946; x_wconf 83' lang='lat' dir='ltr'><strong>expaveant</strong></span> 
     </span>
     <span class='ocr_line' id='line_1_29' title="bbox 459 2946 2399 3033; baseline -0.002 -15"><span class='ocrx_word' id='word_1_203' title='bbox 459 2954 543 3018; x_wconf 87' lang='lat' dir='ltr'><strong>ad</strong></span> <span class='ocrx_word' id='word_1_204' title='bbox 599 2951 906 3017; x_wconf 88' lang='lat' dir='ltr'><strong>minimos</strong></span> <span class='ocrx_word' id='word_1_205' title='bbox 962 2970 1255 3033; x_wconf 90' lang='lat' dir='ltr'><strong>quosque</strong></span> <span class='ocrx_word' id='word_1_206' title='bbox 1297 2961 1534 3014; x_wconf 90' lang='lat' dir='ltr'><strong>motus.</strong></span> <span class='ocrx_word' id='word_1_207' title='bbox 1625 2946 1819 3030; x_wconf 80' lang='lat' dir='ltr'><strong>Quod</strong></span> <span class='ocrx_word' id='word_1_208' title='bbox 1874 2949 2200 3033; x_wconf 90' lang='lat' dir='ltr'><strong>sequitur,</strong></span> <span class='ocrx_word' id='word_1_209' title='bbox 2261 2949 2399 3015; x_wconf 79' lang='lat' dir='ltr'><strong>fore</strong></span> 
     </span>
     <span class='ocr_line' id='line_1_30' title="bbox 456 3034 2397 3119; baseline -0.003 -15"><span class='ocrx_word' id='word_1_210' title='bbox 456 3040 529 3104; x_wconf 90' lang='lat' dir='ltr'><strong>in</strong></span> <span class='ocrx_word' id='word_1_211' title='bbox 572 3036 1071 3104; x_wconf 89' lang='lat' dir='ltr'><strong>commotionem</strong></span> <span class='ocrx_word' id='word_1_212' title='bbox 1116 3036 1373 3101; x_wconf 91' lang='lat' dir='ltr'><strong>cunctis</strong></span> <span class='ocrx_word' id='word_1_213' title='bbox 1415 3034 1637 3119; x_wconf 90' lang='lat' dir='ltr'><strong>regnis</strong></span> <span class='ocrx_word' id='word_1_214' title='bbox 1690 3043 1904 3100; x_wconf 88' lang='lat' dir='ltr'><strong>terrae</strong></span> <span class='ocrx_word' id='word_1_215' title='bbox 1923 3085 1939 3114; x_wconf 93' lang='lat'><strong>,</strong></span> <span class='ocrx_word' id='word_1_216' title='bbox 1996 3034 2259 3118; x_wconf 90' lang='lat' dir='ltr'><strong>quidam</strong></span> <span class='ocrx_word' id='word_1_217' title='bbox 2317 3034 2397 3099; x_wconf 89' lang='lat' dir='ltr'><strong>ad</strong></span> 
     </span>
     <span class='ocr_line' id='line_1_31' title="bbox 458 3120 2403 3206; baseline -0.003 -16"><span class='ocrx_word' id='word_1_218' title='bbox 458 3123 818 3190; x_wconf 88' lang='lat' dir='ltr'><strong>ludibrium</strong></span> <span class='ocrx_word' id='word_1_219' title='bbox 861 3121 1188 3202; x_wconf 82' lang='lat' dir='ltr'><strong>referunt,</strong></span> <span class='ocrx_word' id='word_1_220' title='bbox 1245 3121 1399 3206; x_wconf 89' lang='lat' dir='ltr'><strong>quia</strong></span> <span class='ocrx_word' id='word_1_221' title='bbox 1441 3120 1818 3187; x_wconf 89' lang='lat' dir='ltr'><strong>insultando</strong></span> <span class='ocrx_word' id='word_1_222' title='bbox 1861 3120 2147 3188; x_wconf 89' lang='lat' dir='ltr'><strong>solemus</strong></span> <span class='ocrx_word' id='word_1_223' title='bbox 2189 3121 2403 3205; x_wconf 85' lang='lat' dir='ltr'><strong>capita</strong></span> 
     </span>
     <span class='ocr_line' id='line_1_32' title="bbox 458 3207 2404 3294; baseline -0.003 -18"><span class='ocrx_word' id='word_1_224' title='bbox 458 3221 752 3294; x_wconf 88' lang='lat' dir='ltr'><strong>quatere,</strong></span> <span class='ocrx_word' id='word_1_225' title='bbox 796 3208 906 3274; x_wconf 82' lang='lat' dir='ltr'><strong>vel</strong></span> <span class='ocrx_word' id='word_1_226' title='bbox 950 3227 1247 3274; x_wconf 84' lang='lat' dir='ltr'><strong>movere:</strong></span> <span class='ocrx_word' id='word_1_227' title='bbox 1291 3207 1405 3273; x_wconf 92' lang='lat' dir='ltr'><strong>alii</strong></span> <span class='ocrx_word' id='word_1_228' title='bbox 1448 3227 1606 3273; x_wconf 83' lang='lat' dir='ltr'><strong>vero</strong></span> <span class='ocrx_word' id='word_1_229' title='bbox 1648 3214 2021 3291; x_wconf 83' lang='lat' dir='ltr'><strong>exponunt,</strong></span> <span class='ocrx_word' id='word_1_230' title='bbox 2086 3226 2291 3292; x_wconf 83' lang='lat' dir='ltr'><strong>vagos</strong></span> <span class='ocrx_word' id='word_1_231' title='bbox 2337 3216 2404 3271; x_wconf 93' lang='lat' dir='ltr'><strong>et</strong></span> 
     </span>
     <span class='ocr_line' id='line_1_33' title="bbox 459 3293 2402 3378; baseline -0.003 -15"><span class='ocrx_word' id='word_1_232' title='bbox 459 3297 772 3363; x_wconf 88' lang='lat' dir='ltr'><strong>erraticos</strong></span> <span class='ocrx_word' id='word_1_233' title='bbox 824 3293 964 3360; x_wconf 86' lang='lat' dir='ltr'><strong>fore</strong></span> <span class='ocrx_word' id='word_1_234' title='bbox 1022 3316 1138 3378; x_wconf 91' lang='lat' dir='ltr'><strong>per</strong></span> <span class='ocrx_word' id='word_1_235' title='bbox 1193 3295 1445 3360; x_wconf 90' lang='lat' dir='ltr'><strong>incerta</strong></span> <span class='ocrx_word' id='word_1_236' title='bbox 1493 3293 1743 3360; x_wconf 87' lang='lat' dir='ltr'><strong>exsilia.</strong></span> <span class='ocrx_word' id='word_1_237' title='bbox 1830 3293 2028 3359; x_wconf 91' lang='lat' dir='ltr'><strong>Prior</strong></span> <span class='ocrx_word' id='word_1_238' title='bbox 2082 3293 2402 3376; x_wconf 83' lang='lat' dir='ltr'><strong>expositio</strong></span> 
     </span>
     <span class='ocr_line' id='line_1_34' title="bbox 458 3376 2403 3466; baseline -0.002 -18"><span class='ocrx_word' id='word_1_239' title='bbox 458 3381 626 3448; x_wconf 89' lang='lat' dir='ltr'><strong>mihi</strong></span> <span class='ocrx_word' id='word_1_240' title='bbox 672 3381 884 3464; x_wconf 90' lang='lat' dir='ltr'><strong>magis</strong></span> <span class='ocrx_word' id='word_1_241' title='bbox 939 3380 1167 3465; x_wconf 88' lang='lat' dir='ltr'><strong>placet.</strong></span> <span class='ocrx_word' id='word_1_242' title='bbox 1256 3380 1451 3464; x_wconf 85' lang='lat' dir='ltr'><strong>Apud</strong></span> <span class='ocrx_word' id='word_1_243' title='bbox 1496 3379 1912 3446; x_wconf 80' lang='lat' dir='ltr'><strong>Ezechielem</strong></span> <span class='ocrx_word' id='word_1_244' title='bbox 1957 3376 2089 3465; x_wconf 85' lang='grc'><strong>(23,</strong></span> <span class='ocrx_word' id='word_1_245' title='bbox 2129 3377 2247 3466; x_wconf 76' lang='lat'><strong>46)</strong></span> <span class='ocrx_word' id='word_1_246' title='bbox 2284 3400 2403 3463; x_wconf 89' lang='lat' dir='ltr'><strong>pro</strong></span> 
     </span>
     <span class='ocr_line' id='line_1_35' title="bbox 460 3465 2404 3551; baseline -0.002 -19"><span class='ocrx_word' id='word_1_247' title='bbox 460 3467 866 3535; x_wconf 88' lang='lat' dir='ltr'><strong>tumultuosa</strong></span> <span class='ocrx_word' id='word_1_248' title='bbox 925 3466 1347 3551; x_wconf 86' lang='lat' dir='ltr'><strong>dissipatione</strong></span> <span class='ocrx_word' id='word_1_249' title='bbox 1411 3465 1762 3548; x_wconf 83' lang='lat' dir='ltr'><strong>accipitur:</strong></span> <span class='ocrx_word' id='word_1_250' title='bbox 1835 3486 2047 3548; x_wconf 87' lang='lat' dir='ltr'><strong>neque</strong></span> <span class='ocrx_word' id='word_1_251' title='bbox 2111 3486 2404 3550; x_wconf 89' lang='lat' dir='ltr'><strong>repugno</strong></span> 
     </span>
     <span class='ocr_line' id='line_1_36' title="bbox 457 3551 2405 3638; baseline -0.001 -19"><span class='ocrx_word' id='word_1_252' title='bbox 457 3553 617 3638; x_wconf 91' lang='lat' dir='ltr'><strong>quin</strong></span> <span class='ocrx_word' id='word_1_253' title='bbox 660 3551 867 3637; x_wconf 89' lang='lat' dir='ltr'><strong>possit</strong></span> <span class='ocrx_word' id='word_1_254' title='bbox 903 3552 1026 3620; x_wconf 94' lang='lat' dir='ltr'><strong>hoc</strong></span> <span class='ocrx_word' id='word_1_255' title='bbox 1070 3552 1265 3619; x_wconf 93' lang='lat' dir='ltr'><strong>modo</strong></span> <span class='ocrx_word' id='word_1_256' title='bbox 1317 3551 1605 3637; x_wconf 86' lang='lat' dir='ltr'><strong>intelligi</strong></span> <span class='ocrx_word' id='word_1_257' title='bbox 1622 3601 1637 3630; x_wconf 91' lang='lat'><strong>,</strong></span> <span class='ocrx_word' id='word_1_258' title='bbox 1692 3572 2120 3636; x_wconf 85' lang='lat' dir='ltr'><strong>quaecunque</strong></span> <span class='ocrx_word' id='word_1_259' title='bbox 2176 3560 2405 3638; x_wconf 87' lang='lat' dir='ltr'><strong>gentes</strong></span> 
     </span>
     <span class='ocr_line' id='line_1_37' title="bbox 456 3637 2405 3794; baseline -0.001 -90"><span class='ocrx_word' id='word_1_260' title='bbox 456 3640 637 3794; x_wconf 55' lang='lat' dir='ltr'><strong>{131⁸OE</strong></span> <span class='ocrx_word' id='word_1_261' title='bbox 662 3659 1030 3788; x_wconf 65' lang='lat' dir='ltr'><strong>iaggressae</strong></span> <span class='ocrx_word' id='word_1_262' title='bbox 1087 3639 1363 3717; x_wconf 77' lang='lat' dir='ltr'><strong>fuerint,</strong></span> <span class='ocrx_word' id='word_1_263' title='bbox 1431 3637 1515 3705; x_wconf 88' lang='lat' dir='ltr'><strong>ad</strong></span> <span class='ocrx_word' id='word_1_264' title='bbox 1570 3638 1897 3721; x_wconf 89' lang='lat' dir='ltr'><strong>quoslibet</strong></span> <span class='ocrx_word' id='word_1_265' title='bbox 1937 3639 2223 3723; x_wconf 88' lang='lat' dir='ltr'><strong>impetus</strong></span> <span class='ocrx_word' id='word_1_266' title='bbox 2266 3658 2405 3704; x_wconf 93' lang='lat' dir='ltr'><strong>mo-</strong></span> 
     </span>
    </p>

    <p class='ocr_par' dir='ltr' id='par_1_4' title="bbox 499 3746 823 3792">
     <span class='ocr_line' id='line_1_38' title="bbox 499 3746 823 3792; baseline -0.003 -1"><span class='ocrx_word' id='word_1_267' title='bbox 499 3746 620 3792; x_wconf 75' lang='lat' dir='ltr'><strong>les</strong></span> <span class='ocrx_word' id='word_1_268' title='bbox 691 3746 823 3791; x_wconf 90' lang='lat' dir='ltr'><strong>ore.</strong></span> 
     </span>
    </p>

    <p class='ocr_par' dir='ltr' id='par_1_5' title="bbox 455 3808 2407 4839">
     <span class='ocr_line' id='line_1_39' title="bbox 629 3808 2406 3894; baseline -0.002 -17"><span class='ocrx_word' id='word_1_269' title='bbox 629 3812 734 3877; x_wconf 89' lang='grc'><strong>26.</strong></span> <span class='ocrx_word' id='word_1_270' title='bbox 771 3811 925 3877; x_wconf 78' lang='lat' dir='ltr'><strong>Erit</strong></span> <span class='ocrx_word' id='word_1_271' title='bbox 952 3814 1281 3894; x_wconf 58' lang='lat' dir='ltr'><strong>praeterea</strong></span> <span class='ocrx_word' id='word_1_272' title='bbox 1322 3811 1592 3877; x_wconf 77' lang='lat' dir='ltr'><strong>cadaver</strong></span> <span class='ocrx_word' id='word_1_273' title='bbox 1634 3814 1830 3877; x_wconf 77' lang='lat' dir='ltr'><strong>tuum.</strong></span> <span class='ocrx_word' id='word_1_274' title='bbox 1919 3809 2050 3875; x_wconf 91' lang='lat' dir='ltr'><strong>Hic</strong></span> <span class='ocrx_word' id='word_1_275' title='bbox 2092 3808 2406 3876; x_wconf 90' lang='lat' dir='ltr'><strong>dedecore</strong></span> 
     </span>
     <span class='ocr_line' id='line_1_40' title="bbox 457 3893 2407 3981; baseline -0.002 -17"><span class='ocrx_word' id='word_1_276' title='bbox 457 3897 541 3964; x_wconf 89' lang='lat' dir='ltr'><strong>ad</strong></span> <span class='ocrx_word' id='word_1_277' title='bbox 603 3904 882 3964; x_wconf 89' lang='lat' dir='ltr'><strong>mortem</strong></span> <span class='ocrx_word' id='word_1_278' title='bbox 947 3895 1200 3975; x_wconf 88' lang='lat' dir='ltr'><strong>addito,</strong></span> <span class='ocrx_word' id='word_1_279' title='bbox 1266 3917 1476 3979; x_wconf 90' lang='lat' dir='ltr'><strong>poena</strong></span> <span class='ocrx_word' id='word_1_280' title='bbox 1542 3895 1931 3981; x_wconf 84' lang='lat' dir='ltr'><strong>duplicatur.</strong></span> <span class='ocrx_word' id='word_1_281' title='bbox 2042 3893 2407 3978; x_wconf 83' lang='lat' dir='ltr'><strong>Sepultura</strong></span> 
     </span>
     <span class='ocr_line' id='line_1_41' title="bbox 460 3979 2406 4066; baseline -0.003 -16"><span class='ocrx_word' id='word_1_282' title='bbox 460 3985 633 4050; x_wconf 92' lang='lat' dir='ltr'><strong>enim</strong></span> <span class='ocrx_word' id='word_1_283' title='bbox 694 4003 914 4051; x_wconf 89' lang='lat' dir='ltr'><strong>carere</strong></span> <span class='ocrx_word' id='word_1_284' title='bbox 980 3982 1364 4066; x_wconf 88' lang='lat' dir='ltr'><strong>probrosum</strong></span> <span class='ocrx_word' id='word_1_285' title='bbox 1431 3989 1531 4048; x_wconf 89' lang='lat' dir='ltr'><strong>est</strong></span> <span class='ocrx_word' id='word_1_286' title='bbox 1547 4034 1563 4061; x_wconf 93' lang='lat'><strong>,</strong></span> <span class='ocrx_word' id='word_1_287' title='bbox 1629 3981 1993 4064; x_wconf 91' lang='lat' dir='ltr'><strong>meritoque</strong></span> <span class='ocrx_word' id='word_1_288' title='bbox 2043 3981 2222 4046; x_wconf 89' lang='lat' dir='ltr'><strong>inter</strong></span> <span class='ocrx_word' id='word_1_289' title='bbox 2273 3979 2406 4046; x_wconf 89' lang='lat' dir='ltr'><strong>Dei</strong></span> 
     </span>
     <span class='ocr_line' id='line_1_42' title="bbox 458 4068 2401 4151; baseline -0.002 -16"><span class='ocrx_word' id='word_1_290' title='bbox 458 4068 947 4136; x_wconf 88' lang='lat' dir='ltr'><strong>maledictiones</strong></span> <span class='ocrx_word' id='word_1_291' title='bbox 983 4078 1319 4134; x_wconf 89' lang='lat' dir='ltr'><strong>censetur:</strong></span> <span class='ocrx_word' id='word_1_292' title='bbox 1356 4068 1550 4134; x_wconf 91' lang='lat' dir='ltr'><strong>sicuti</strong></span> <span class='ocrx_word' id='word_1_293' title='bbox 1582 4068 1842 4151; x_wconf 86' lang='lat' dir='ltr'><strong>paterni</strong></span> <span class='ocrx_word' id='word_1_294' title='bbox 1874 4068 2117 4133; x_wconf 84' lang='lat' dir='ltr'><strong>favoris</strong></span> <span class='ocrx_word' id='word_1_295' title='bbox 2138 4068 2401 4150; x_wconf 91' lang='lat' dir='ltr'><strong>signum</strong></span> 
     </span>
     <span class='ocr_line' id='line_1_43' title="bbox 459 4152 2403 4237; baseline -0.002 -16"><span class='ocrx_word' id='word_1_296' title='bbox 459 4164 563 4221; x_wconf 90' lang='lat' dir='ltr'><strong>est</strong></span> <span class='ocrx_word' id='word_1_297' title='bbox 595 4175 634 4220; x_wconf 90' lang='lat' dir='ltr'><strong>a</strong></span> <span class='ocrx_word' id='word_1_298' title='bbox 665 4154 880 4221; x_wconf 88' lang='lat' dir='ltr'><strong>brutis</strong></span> <span class='ocrx_word' id='word_1_299' title='bbox 916 4153 1309 4220; x_wconf 84' lang='lat' dir='ltr'><strong>animalibus</strong></span> <span class='ocrx_word' id='word_1_300' title='bbox 1344 4175 1466 4219; x_wconf 91' lang='lat' dir='ltr'><strong>nos</strong></span> <span class='ocrx_word' id='word_1_301' title='bbox 1501 4153 1817 4221; x_wconf 88' lang='lat' dir='ltr'><strong>discerni:</strong></span> <span class='ocrx_word' id='word_1_302' title='bbox 1861 4155 2015 4237; x_wconf 89' lang='lat' dir='ltr'><strong>quia</strong></span> <span class='ocrx_word' id='word_1_303' title='bbox 2049 4152 2403 4237; x_wconf 89' lang='lat' dir='ltr'><strong>sepeliendi</strong></span> 
     </span>
     <span class='ocr_line' id='line_1_44' title="bbox 458 4238 2402 4324; baseline -0.001 -18"><span class='ocrx_word' id='word_1_304' title='bbox 458 4241 626 4307; x_wconf 90' lang='lat' dir='ltr'><strong>ritus</strong></span> <span class='ocrx_word' id='word_1_305' title='bbox 660 4238 746 4305; x_wconf 88' lang='lat' dir='ltr'><strong>ad</strong></span> <span class='ocrx_word' id='word_1_306' title='bbox 778 4261 963 4324; x_wconf 90' lang='lat' dir='ltr'><strong>spem</strong></span> <span class='ocrx_word' id='word_1_307' title='bbox 1005 4239 1500 4307; x_wconf 87' lang='lat' dir='ltr'><strong>resurrectionis</strong></span> <span class='ocrx_word' id='word_1_308' title='bbox 1541 4251 1606 4305; x_wconf 93' lang='lat' dir='ltr'><strong>et</strong></span> <span class='ocrx_word' id='word_1_309' title='bbox 1642 4239 2035 4306; x_wconf 90' lang='lat' dir='ltr'><strong>immortalis</strong></span> <span class='ocrx_word' id='word_1_310' title='bbox 2073 4241 2246 4304; x_wconf 85' lang='lat' dir='ltr'><strong>vitae</strong></span> <span class='ocrx_word' id='word_1_311' title='bbox 2282 4260 2402 4304; x_wconf 89' lang='lat' dir='ltr'><strong>nos</strong></span> 
     </span>
     <span class='ocr_line' id='line_1_45' title="bbox 458 4324 2398 4410; baseline -0.001 -18"><span class='ocrx_word' id='word_1_312' title='bbox 458 4328 730 4393; x_wconf 88' lang='lat' dir='ltr'><strong>excitat:</strong></span> <span class='ocrx_word' id='word_1_313' title='bbox 796 4348 952 4410; x_wconf 86' lang='lat' dir='ltr'><strong>ergo</strong></span> <span class='ocrx_word' id='word_1_314' title='bbox 1018 4347 1101 4393; x_wconf 87' lang='lat' dir='ltr'><strong>ex</strong></span> <span class='ocrx_word' id='word_1_315' title='bbox 1157 4326 1481 4410; x_wconf 89' lang='lat' dir='ltr'><strong>opposito,</strong></span> <span class='ocrx_word' id='word_1_316' title='bbox 1561 4325 1859 4410; x_wconf 89' lang='lat' dir='ltr'><strong>sepulcro</strong></span> <span class='ocrx_word' id='word_1_317' title='bbox 1932 4326 2148 4409; x_wconf 84' lang='lat' dir='ltr'><strong>privat</strong></span> <span class='ocrx_word' id='word_1_318' title='bbox 2212 4324 2398 4391; x_wconf 88' lang='lat' dir='ltr'><strong>Deus</strong></span> 
     </span>
     <span class='ocr_line' id='line_1_46' title="bbox 456 4410 2398 4496; baseline -0.001 -18"><span class='ocrx_word' id='word_1_319' title='bbox 456 4432 616 4496; x_wconf 90' lang='lat' dir='ltr'><strong>quos</strong></span> <span class='ocrx_word' id='word_1_320' title='bbox 657 4411 1008 4479; x_wconf 87' lang='lat' dir='ltr'><strong>maledicit.</strong></span> <span class='ocrx_word' id='word_1_321' title='bbox 1097 4410 1480 4492; x_wconf 83' lang='lat' dir='ltr'><strong>Caeterum,</strong></span> <span class='ocrx_word' id='word_1_322' title='bbox 1541 4419 1616 4476; x_wconf 94' lang='lat' dir='ltr'><strong>ut</strong></span> <span class='ocrx_word' id='word_1_323' title='bbox 1658 4411 1976 4492; x_wconf 81' lang='lat' dir='ltr'><strong>diximus,</strong></span> <span class='ocrx_word' id='word_1_324' title='bbox 2030 4411 2398 4495; x_wconf 85' lang='lat' dir='ltr'><strong>corporales</strong></span> 
     </span>
     <span class='ocr_line' id='line_1_47' title="bbox 456 4496 2398 4583; baseline -0.001 -20"><span class='ocrx_word' id='word_1_325' title='bbox 456 4518 703 4583; x_wconf 89' lang='lat' dir='ltr'><strong>poenas</strong></span> <span class='ocrx_word' id='word_1_326' title='bbox 776 4499 903 4582; x_wconf 90' lang='lat' dir='ltr'><strong>piis</strong></span> <span class='ocrx_word' id='word_1_327' title='bbox 974 4506 1042 4563; x_wconf 93' lang='lat' dir='ltr'><strong>et</strong></span> <span class='ocrx_word' id='word_1_328' title='bbox 1117 4497 1410 4581; x_wconf 87' lang='lat' dir='ltr'><strong>reprobis</strong></span> <span class='ocrx_word' id='word_1_329' title='bbox 1486 4517 1865 4563; x_wconf 89' lang='lat' dir='ltr'><strong>communes</strong></span> <span class='ocrx_word' id='word_1_330' title='bbox 1951 4517 2122 4577; x_wconf 88' lang='lat' dir='ltr'><strong>esse,</strong></span> <span class='ocrx_word' id='word_1_331' title='bbox 2222 4496 2398 4563; x_wconf 91' lang='lat' dir='ltr'><strong>idem</strong></span> 
     </span>
     <span class='ocr_line' id='line_1_48' title="bbox 457 4581 2399 4668; baseline 0 -19"><span class='ocrx_word' id='word_1_332' title='bbox 457 4605 715 4668; x_wconf 91' lang='lat' dir='ltr'><strong>quoque</strong></span> <span class='ocrx_word' id='word_1_333' title='bbox 751 4584 832 4650; x_wconf 91' lang='lat' dir='ltr'><strong>de</strong></span> <span class='ocrx_word' id='word_1_334' title='bbox 880 4583 1162 4667; x_wconf 88' lang='lat' dir='ltr'><strong>sepulcri</strong></span> <span class='ocrx_word' id='word_1_335' title='bbox 1196 4581 1571 4668; x_wconf 80' lang='lat' dir='ltr'><strong>privatione</strong></span> <span class='ocrx_word' id='word_1_336' title='bbox 1605 4582 2027 4649; x_wconf 89' lang='lat' dir='ltr'><strong>sentiendum</strong></span> <span class='ocrx_word' id='word_1_337' title='bbox 2062 4591 2192 4649; x_wconf 91' lang='lat' dir='ltr'><strong>est:</strong></span> <span class='ocrx_word' id='word_1_338' title='bbox 2244 4585 2399 4668; x_wconf 91' lang='lat' dir='ltr'><strong>quia</strong></span> 
     </span>
     <span class='ocr_line' id='line_1_49' title="bbox 455 4667 2396 4755; baseline 0.001 -21"><span class='ocrx_word' id='word_1_339' title='bbox 455 4670 788 4737; x_wconf 86' lang='lat' dir='ltr'><strong>interdum</strong></span> <span class='ocrx_word' id='word_1_340' title='bbox 832 4670 1160 4755; x_wconf 89' lang='lat' dir='ltr'><strong>contingit</strong></span> <span class='ocrx_word' id='word_1_341' title='bbox 1200 4668 1510 4754; x_wconf 90' lang='lat' dir='ltr'><strong>reprobos</strong></span> <span class='ocrx_word' id='word_1_342' title='bbox 1549 4667 1908 4736; x_wconf 91' lang='lat' dir='ltr'><strong>honorifice</strong></span> <span class='ocrx_word' id='word_1_343' title='bbox 1967 4668 2261 4754; x_wconf 88' lang='lat' dir='ltr'><strong>sepeliri,</strong></span> <span class='ocrx_word' id='word_1_344' title='bbox 2306 4670 2396 4736; x_wconf 90' lang='lat' dir='ltr'><strong>si-</strong></span> 
     </span>
     <span class='ocr_line' id='line_1_50' title="bbox 456 4755 2395 4839; baseline -0.002 -15"><span class='ocrx_word' id='word_1_345' title='bbox 456 4757 591 4824; x_wconf 90' lang='lat' dir='ltr'><strong>cuti</strong></span> <span class='ocrx_word' id='word_1_346' title='bbox 649 4756 730 4822; x_wconf 92' lang='lat' dir='ltr'><strong>de</strong></span> <span class='ocrx_word' id='word_1_347' title='bbox 782 4757 1121 4824; x_wconf 91' lang='lat' dir='ltr'><strong>luxurioso</strong></span> <span class='ocrx_word' id='word_1_348' title='bbox 1181 4755 1385 4822; x_wconf 87' lang='lat' dir='ltr'><strong>divite</strong></span> <span class='ocrx_word' id='word_1_349' title='bbox 1449 4764 1677 4821; x_wconf 89' lang='lat' dir='ltr'><strong>narrat</strong></span> <span class='ocrx_word' id='word_1_350' title='bbox 1731 4756 2073 4822; x_wconf 84' lang='lat' dir='ltr'><strong>Christus:</strong></span> <span class='ocrx_word' id='word_1_351' title='bbox 2137 4756 2395 4839; x_wconf 90' lang='lat' dir='ltr'><strong>piorum</strong></span> 
     </span>
    </p>
   </div>
   <div class='ocr_carea' id='block_1_3' title="bbox 456 4841 2532 4942">
    <p class='ocr_par' dir='ltr' id='par_1_6' title="bbox 456 4841 2532 4942">
     <span class='ocr_line' id='line_1_51' title="bbox 456 4841 2532 4942; baseline 0.001 -36"><span class='ocrx_word' id='word_1_352' title='bbox 456 4863 612 4908; x_wconf 84' lang='lat' dir='ltr'><strong>vero</strong></span> <span class='ocrx_word' id='word_1_353' title='bbox 654 4841 977 4909; x_wconf 85' lang='lat' dir='ltr'><strong>cadavera</strong></span> <span class='ocrx_word' id='word_1_354' title='bbox 1033 4842 1468 4942; x_wconf 82' lang='lat' dir='ltr'><strong>ignominiose</strong></span> <span class='ocrx_word' id='word_1_355' title='bbox 1521 4842 1748 4924; x_wconf 87' lang='lat' dir='ltr'><strong>proiici</strong></span> <span class='ocrx_word' id='word_1_356' title='bbox 1790 4843 1862 4908; x_wconf 92' lang='lat' dir='ltr'><strong>in</strong></span> <span class='ocrx_word' id='word_1_357' title='bbox 1905 4862 2119 4908; x_wconf 89' lang='lat' dir='ltr'><strong>escam</strong></span> <span class='ocrx_word' id='word_1_358' title='bbox 2168 4841 2396 4909; x_wconf 85' lang='lat' dir='ltr'><strong>avibus</strong></span> <span class='ocrx_word' id='word_1_359' title='bbox 2523 4864 2532 4870; x_wconf 88' lang='lat'><strong>·</strong></span> 
     </span>
    </p>
   </div>
   <div class='ocr_carea' id='block_1_4' title="bbox 453 4924 2398 5530">
    <p class='ocr_par' dir='ltr' id='par_1_7' title="bbox 453 4924 2398 5530">
     <span class='ocr_line' id='line_1_52' title="bbox 455 4924 2395 5014; baseline -0.001 -20"><span class='ocrx_word' id='word_1_360' title='bbox 455 4936 521 4994; x_wconf 89' lang='lat' dir='ltr'><strong>et</strong></span> <span class='ocrx_word' id='word_1_361' title='bbox 578 4928 829 4994; x_wconf 89' lang='lat' dir='ltr'><strong>bestiis:</strong></span> <span class='ocrx_word' id='word_1_362' title='bbox 889 4929 1083 4996; x_wconf 77' lang='lat' dir='ltr'><strong>sicuti</strong></span> <span class='ocrx_word' id='word_1_363' title='bbox 1139 4928 1460 5012; x_wconf 89' lang='lat' dir='ltr'><strong>propheta</strong></span> <span class='ocrx_word' id='word_1_364' title='bbox 1512 4927 1582 4991; x_wconf 92' lang='lat' dir='ltr'><strong>in</strong></span> <span class='ocrx_word' id='word_1_365' title='bbox 1628 4927 1899 4993; x_wconf 88' lang='lat' dir='ltr'><strong>Psalmo</strong></span> <span class='ocrx_word' id='word_1_366' title='bbox 1955 4924 2085 5012; x_wconf 82' lang='lat'><strong>(79,</strong></span> <span class='ocrx_word' id='word_1_367' title='bbox 2131 4926 2200 5014; x_wconf 92' lang='grc'><strong>2)</strong></span> <span class='ocrx_word' id='word_1_368' title='bbox 2243 4949 2395 4994; x_wconf 92' lang='lat' dir='ltr'><strong>con-</strong></span> 
     </span>
     <span class='ocr_line' id='line_1_53' title="bbox 457 5013 2398 5098; baseline 0.001 -19"><span class='ocrx_word' id='word_1_369' title='bbox 457 5015 770 5097; x_wconf 89' lang='lat' dir='ltr'><strong>queritur.</strong></span> <span class='ocrx_word' id='word_1_370' title='bbox 838 5015 940 5079; x_wconf 91' lang='lat' dir='ltr'><strong>Ea</strong></span> <span class='ocrx_word' id='word_1_371' title='bbox 972 5023 1196 5079; x_wconf 90' lang='lat' dir='ltr'><strong>tamen</strong></span> <span class='ocrx_word' id='word_1_372' title='bbox 1233 5014 1584 5098; x_wconf 89' lang='lat' dir='ltr'><strong>permixtio</strong></span> <span class='ocrx_word' id='word_1_373' title='bbox 1627 5034 1757 5078; x_wconf 91' lang='lat' dir='ltr'><strong>non</strong></span> <span class='ocrx_word' id='word_1_374' title='bbox 1793 5013 2007 5079; x_wconf 88' lang='lat' dir='ltr'><strong>obstat</strong></span> <span class='ocrx_word' id='word_1_375' title='bbox 2051 5016 2398 5096; x_wconf 90' lang='lat' dir='ltr'><strong>quominus</strong></span> 
     </span>
     <span class='ocr_line' id='line_1_54' title="bbox 457 5098 2396 5185; baseline 0.002 -22"><span class='ocrx_word' id='word_1_376' title='bbox 457 5100 621 5185; x_wconf 86' lang='lat' dir='ltr'><strong>legis</strong></span> <span class='ocrx_word' id='word_1_377' title='bbox 665 5121 824 5166; x_wconf 87' lang='lat' dir='ltr'><strong>suae</strong></span> <span class='ocrx_word' id='word_1_378' title='bbox 868 5110 1315 5184; x_wconf 90' lang='lat' dir='ltr'><strong>contemptum</strong></span> <span class='ocrx_word' id='word_1_379' title='bbox 1359 5099 1711 5165; x_wconf 89' lang='lat' dir='ltr'><strong>ulciscatur</strong></span> <span class='ocrx_word' id='word_1_380' title='bbox 1758 5099 1940 5165; x_wconf 91' lang='lat' dir='ltr'><strong>Deus</strong></span> <span class='ocrx_word' id='word_1_381' title='bbox 1982 5098 2106 5167; x_wconf 91' lang='lat' dir='ltr'><strong>hoc</strong></span> <span class='ocrx_word' id='word_1_382' title='bbox 2146 5121 2396 5184; x_wconf 89' lang='lat' dir='ltr'><strong>poenae</strong></span> 
     </span>
     <span class='ocr_line' id='line_1_55' title="bbox 454 5184 1866 5271; baseline -0.001 -19"><span class='ocrx_word' id='word_1_383' title='bbox 454 5207 714 5270; x_wconf 87' lang='lat' dir='ltr'><strong>genere,</strong></span> <span class='ocrx_word' id='word_1_384' title='bbox 757 5187 947 5254; x_wconf 90' lang='lat' dir='ltr'><strong>sicuti</strong></span> <span class='ocrx_word' id='word_1_385' title='bbox 993 5197 1193 5271; x_wconf 89' lang='lat' dir='ltr'><strong>peste,</strong></span> <span class='ocrx_word' id='word_1_386' title='bbox 1239 5186 1429 5260; x_wconf 85' lang='lat' dir='ltr'><strong>fame,</strong></span> <span class='ocrx_word' id='word_1_387' title='bbox 1474 5195 1588 5251; x_wconf 90' lang='lat' dir='ltr'><strong>aut</strong></span> <span class='ocrx_word' id='word_1_388' title='bbox 1631 5184 1866 5270; x_wconf 88' lang='lat' dir='ltr'><strong>gladio.</strong></span> 
     </span>
     <span class='ocr_line' id='line_1_56' title="bbox 625 5269 2395 5340; baseline -0.001 -2"><span class='ocrx_word' id='word_1_389' title='bbox 625 5273 730 5339; x_wconf 83' lang='grc'><strong>27.</strong></span> <span class='ocrx_word' id='word_1_390' title='bbox 779 5271 1090 5339; x_wconf 60' lang='lat' dir='ltr'><strong>Permanet</strong></span> <span class='ocrx_word' id='word_1_391' title='bbox 1129 5276 1187 5337; x_wconf 80' lang='lat' dir='ltr'><strong>te</strong></span> <span class='ocrx_word' id='word_1_392' title='bbox 1233 5271 1480 5337; x_wconf 81' lang='lat' dir='ltr'><strong>Iehova.</strong></span> <span class='ocrx_word' id='word_1_393' title='bbox 1572 5269 1730 5338; x_wconf 83' lang='lat' dir='ltr'><strong>Sive</strong></span> <span class='ocrx_word' id='word_1_394' title='bbox 1796 5270 1974 5338; x_wconf 93' lang='lat' dir='ltr'><strong>hunc</strong></span> <span class='ocrx_word' id='word_1_395' title='bbox 2030 5271 2247 5340; x_wconf 92' lang='lat' dir='ltr'><strong>locum</strong></span> <span class='ocrx_word' id='word_1_396' title='bbox 2292 5274 2395 5338; x_wconf 90' lang='lat' dir='ltr'><strong>in-</strong></span> 
     </span>
     <span class='ocr_line' id='line_1_57' title="bbox 453 5356 2397 5443; baseline 0.002 -20"><span class='ocrx_word' id='word_1_397' title='bbox 453 5358 713 5442; x_wconf 85' lang='lat' dir='ltr'><strong>telligas</strong></span> <span class='ocrx_word' id='word_1_398' title='bbox 759 5359 838 5423; x_wconf 91' lang='lat' dir='ltr'><strong>de</strong></span> <span class='ocrx_word' id='word_1_399' title='bbox 881 5360 1091 5442; x_wconf 90' lang='lat' dir='ltr'><strong>plagis</strong></span> <span class='ocrx_word' id='word_1_400' title='bbox 1135 5358 1446 5435; x_wconf 88' lang='lat' dir='ltr'><strong>insolitis,</strong></span> <span class='ocrx_word' id='word_1_401' title='bbox 1508 5379 1670 5441; x_wconf 91' lang='lat' dir='ltr'><strong>quas</strong></span> <span class='ocrx_word' id='word_1_402' title='bbox 1714 5356 1900 5425; x_wconf 91' lang='lat' dir='ltr'><strong>Deus</strong></span> <span class='ocrx_word' id='word_1_403' title='bbox 1938 5358 2076 5441; x_wconf 62' lang='lat' dir='ltr'><strong>,sub</strong></span> <span class='ocrx_word' id='word_1_404' title='bbox 2136 5367 2397 5443; x_wconf 89' lang='lat' dir='ltr'><strong>tempus</strong></span> 
     </span>
     <span class='ocr_line' id='line_1_58' title="bbox 660 5459 1515 5530; baseline -0.007 -10"><span class='ocrx_word' id='word_1_405' title='bbox 660 5459 883 5520; x_wconf 64' lang='lat' dir='ltr'><strong>calum</strong></span> <span class='ocrx_word' id='word_1_406' title='bbox 908 5474 1097 5530; x_wconf 76' lang='lat' dir='ltr'><strong>opera.</strong></span> <span class='ocrx_word' id='word_1_407' title='bbox 1172 5460 1291 5516; x_wconf 81' lang='lat' dir='ltr'><strong>Vol.</strong></span> <span class='ocrx_word' id='word_1_408' title='bbox 1325 5459 1515 5517; x_wconf 80' lang='lat' dir='ltr'><strong>XXV.</strong></span> 
     </span>
    </p>
   </div>
   <div class='ocr_carea' id='block_1_5' title="bbox 1432 436 3455 508">
    <p class='ocr_par' dir='ltr' id='par_1_8' title="bbox 1432 436 3455 508">
     <span class='ocr_line' id='line_1_59' title="bbox 1432 436 3455 508; baseline -0 -2"><span class='ocrx_word' id='word_1_409' title='bbox 1432 437 2013 507; x_wconf 77' lang='lat' dir='ltr'><strong>SANCTIONES</strong></span> <span class='ocrx_word' id='word_1_410' title='bbox 2056 438 2119 505; x_wconf 91' lang='lat' dir='ltr'>A</span> <span class='ocrx_word' id='word_1_411' title='bbox 2162 436 2958 508; x_wconf 82' lang='lat' dir='ltr'>PROMISSIONIBUS</span> <span class='ocrx_word' id='word_1_412' title='bbox 3004 438 3123 505; x_wconf 80' lang='grc' dir='ltr'><strong>ΕΤ</strong></span> <span class='ocrx_word' id='word_1_413' title='bbox 3168 436 3455 506; x_wconf 83' lang='lat' dir='ltr'><strong>MINIS.</strong></span> 
     </span>
    </p>
   </div>
   <div class='ocr_carea' id='block_1_6' title="bbox 2448 648 2462 5431">
    <p class='ocr_par' dir='ltr' id='par_1_9' title="bbox 2448 648 2462 5431">
     <span class='ocr_line' id='line_1_60' title="bbox 2448 648 2462 5431; baseline 0 0"><span class='ocrx_word' id='word_1_414' title='bbox 2448 648 2462 5431; x_wconf 95' lang='lat' dir='ltr'><strong> </strong></span> 
     </span>
    </p>
   </div>
   <div class='ocr_carea' id='block_1_7' title="bbox 4367 436 4456 504">
    <p class='ocr_par' dir='ltr' id='par_1_10' title="bbox 4367 436 4456 504">
     <span class='ocr_line' id='line_1_61' title="bbox 4367 436 4456 504; baseline 0 -2"><span class='ocrx_word' id='word_1_415' title='bbox 4367 436 4456 504; x_wconf 85' lang='lat'><strong>34</strong></span> 
     </span>
    </p>
   </div>
   <div class='ocr_carea' id='block_1_8' title="bbox 2496 626 4470 4737">
    <p class='ocr_par' dir='ltr' id='par_1_11' title="bbox 2498 626 4452 2849">
     <span class='ocr_line' id='line_1_62' title="bbox 2499 626 4452 714; baseline 0.004 -22"><span class='ocrx_word' id='word_1_416' title='bbox 2499 627 2905 694; x_wconf 89' lang='lat' dir='ltr'><strong>liberationis</strong></span> <span class='ocrx_word' id='word_1_417' title='bbox 2959 627 3182 711; x_wconf 90' lang='lat' dir='ltr'><strong>populi</strong></span> <span class='ocrx_word' id='word_1_418' title='bbox 3250 629 3351 695; x_wconf 91' lang='lat' dir='ltr'><strong>sui</strong></span> <span class='ocrx_word' id='word_1_419' title='bbox 3408 626 3755 714; x_wconf 84' lang='lat' dir='ltr'><strong>Aegyptiis</strong></span> <span class='ocrx_word' id='word_1_420' title='bbox 3820 628 4093 708; x_wconf 83' lang='lat' dir='ltr'><strong>inflixit,</strong></span> <span class='ocrx_word' id='word_1_421' title='bbox 4161 631 4301 698; x_wconf 88' lang='lat' dir='ltr'><strong>sive</strong></span> <span class='ocrx_word' id='word_1_422' title='bbox 4364 632 4452 700; x_wconf 90' lang='lat' dir='ltr'><strong>de</strong></span> 
     </span>
     <span class='ocr_line' id='line_1_63' title="bbox 2498 712 4444 807; baseline 0.004 -29"><span class='ocrx_word' id='word_1_423' title='bbox 2498 712 2848 779; x_wconf 84' lang='lat' dir='ltr'><strong>ordinariis</strong></span> <span class='ocrx_word' id='word_1_424' title='bbox 2906 714 3151 780; x_wconf 89' lang='lat' dir='ltr'><strong>morbis</strong></span> <span class='ocrx_word' id='word_1_425' title='bbox 3205 715 3317 798; x_wconf 92' lang='lat' dir='ltr'><strong>qui</strong></span> <span class='ocrx_word' id='word_1_426' title='bbox 3374 720 3529 779; x_wconf 92' lang='lat' dir='ltr'><strong>aute</strong></span> <span class='ocrx_word' id='word_1_427' title='bbox 3586 714 3867 798; x_wconf 87' lang='lat' dir='ltr'><strong>grassati</strong></span> <span class='ocrx_word' id='word_1_428' title='bbox 3926 716 4192 782; x_wconf 85' lang='lat' dir='ltr'><strong>fuerant</strong></span> <span class='ocrx_word' id='word_1_429' title='bbox 4246 717 4444 807; x_wconf 91' lang='lat' dir='ltr'><strong>(quod</strong></span> 
     </span>
     <span class='ocr_line' id='line_1_64' title="bbox 2499 798 4447 886; baseline 0.004 -21"><span class='ocrx_word' id='word_1_430' title='bbox 2499 798 2858 865; x_wconf 89' lang='lat' dir='ltr'><strong>secundum</strong></span> <span class='ocrx_word' id='word_1_431' title='bbox 2924 801 3135 884; x_wconf 89' lang='lat' dir='ltr'><strong>magis</strong></span> <span class='ocrx_word' id='word_1_432' title='bbox 3198 798 3532 883; x_wconf 90' lang='lat' dir='ltr'><strong>probabile</strong></span> <span class='ocrx_word' id='word_1_433' title='bbox 3585 799 3740 886; x_wconf 89' lang='lat' dir='ltr'><strong>est):</strong></span> <span class='ocrx_word' id='word_1_434' title='bbox 3797 800 4167 868; x_wconf 89' lang='lat' dir='ltr'><strong>subindicat</strong></span> <span class='ocrx_word' id='word_1_435' title='bbox 4223 814 4447 872; x_wconf 86' lang='lat' dir='ltr'><strong>tamen</strong></span> 
     </span>
     <span class='ocr_line' id='line_1_65' title="bbox 2500 885 4443 976; baseline 0.004 -26"><span class='ocrx_word' id='word_1_436' title='bbox 2500 886 2751 965; x_wconf 82' lang='lat' dir='ltr'><strong>Moses,</strong></span> <span class='ocrx_word' id='word_1_437' title='bbox 2833 885 2991 950; x_wconf 89' lang='lat' dir='ltr'><strong>dum</strong></span> <span class='ocrx_word' id='word_1_438' title='bbox 3070 885 3174 950; x_wconf 91' lang='lat' dir='ltr'><strong>his</strong></span> <span class='ocrx_word' id='word_1_439' title='bbox 3237 886 3447 970; x_wconf 89' lang='lat' dir='ltr'><strong>plagis</strong></span> <span class='ocrx_word' id='word_1_440' title='bbox 3512 887 4046 970; x_wconf 88' lang='lat' dir='ltr'><strong>percutiebantur</strong></span> <span class='ocrx_word' id='word_1_441' title='bbox 4109 889 4443 976; x_wconf 87' lang='lat' dir='ltr'><strong>Aegyptii,</strong></span> 
     </span>
     <span class='ocr_line' id='line_1_66' title="bbox 2501 971 4446 1057; baseline 0.005 -21"><span class='ocrx_word' id='word_1_442' title='bbox 2501 992 2726 1037; x_wconf 90' lang='lat' dir='ltr'><strong>earum</strong></span> <span class='ocrx_word' id='word_1_443' title='bbox 2773 992 2854 1036; x_wconf 89' lang='lat' dir='ltr'><strong>ex</strong></span> <span class='ocrx_word' id='word_1_444' title='bbox 2903 979 3108 1038; x_wconf 91' lang='lat' dir='ltr'><strong>ertem</strong></span> <span class='ocrx_word' id='word_1_445' title='bbox 3153 973 3357 1037; x_wconf 79' lang='lat' dir='ltr'><strong>fuisse</strong></span> <span class='ocrx_word' id='word_1_446' title='bbox 3380 971 3508 1037; x_wconf 91' lang='lat' dir='ltr'><strong>Dei</strong></span> <span class='ocrx_word' id='word_1_447' title='bbox 3551 973 3888 1057; x_wconf 88' lang='lat' dir='ltr'><strong>populum,</strong></span> <span class='ocrx_word' id='word_1_448' title='bbox 3933 986 4011 1039; x_wconf 92' lang='lat' dir='ltr'><strong>ut</strong></span> <span class='ocrx_word' id='word_1_449' title='bbox 4050 975 4176 1043; x_wconf 90' lang='lat' dir='ltr'><strong>hoc</strong></span> <span class='ocrx_word' id='word_1_450' title='bbox 4222 977 4446 1044; x_wconf 90' lang='lat' dir='ltr'><strong>discri-</strong></span> 
     </span>
     <span class='ocr_line' id='line_1_67' title="bbox 2501 1057 4443 1149; baseline 0.004 -27"><span class='ocrx_word' id='word_1_451' title='bbox 2501 1078 2653 1122; x_wconf 90' lang='lat' dir='ltr'><strong>men</strong></span> <span class='ocrx_word' id='word_1_452' title='bbox 2719 1057 2959 1124; x_wconf 78' lang='lat' dir='ltr'><strong>clarius</strong></span> <span class='ocrx_word' id='word_1_453' title='bbox 3025 1057 3154 1123; x_wconf 89' lang='lat' dir='ltr'><strong>Dei</strong></span> <span class='ocrx_word' id='word_1_454' title='bbox 3219 1059 3495 1141; x_wconf 87' lang='lat' dir='ltr'><strong>gratiam</strong></span> <span class='ocrx_word' id='word_1_455' title='bbox 3556 1069 4098 1141; x_wconf 77' lang='lat' dir='ltr'><strong>repraesentaret.</strong></span> <span class='ocrx_word' id='word_1_456' title='bbox 4209 1062 4443 1149; x_wconf 90' lang='lat' dir='ltr'><strong>Neque</strong></span> 
     </span>
     <span class='ocr_line' id='line_1_68' title="bbox 2501 1143 4447 1227; baseline 0.005 -19"><span class='ocrx_word' id='word_1_457' title='bbox 2501 1144 2678 1208; x_wconf 89' lang='lat' dir='ltr'><strong>enim</strong></span> <span class='ocrx_word' id='word_1_458' title='bbox 2714 1144 2857 1209; x_wconf 89' lang='lat' dir='ltr'><strong>fieri</strong></span> <span class='ocrx_word' id='word_1_459' title='bbox 2894 1144 3282 1209; x_wconf 88' lang='lat' dir='ltr'><strong>naturaliter</strong></span> <span class='ocrx_word' id='word_1_460' title='bbox 3313 1145 3529 1227; x_wconf 89' lang='lat' dir='ltr'><strong>potuit</strong></span> <span class='ocrx_word' id='word_1_461' title='bbox 3563 1156 3640 1209; x_wconf 90' lang='lat' dir='ltr'><strong>ut</strong></span> <span class='ocrx_word' id='word_1_462' title='bbox 3673 1143 3901 1211; x_wconf 91' lang='lat' dir='ltr'><strong>eodem</strong></span> <span class='ocrx_word' id='word_1_463' title='bbox 3936 1147 4010 1211; x_wconf 91' lang='lat' dir='ltr'><strong>in</strong></span> <span class='ocrx_word' id='word_1_464' title='bbox 4049 1146 4194 1215; x_wconf 93' lang='lat' dir='ltr'><strong>loco</strong></span> <span class='ocrx_word' id='word_1_465' title='bbox 4232 1151 4447 1217; x_wconf 91' lang='lat' dir='ltr'><strong>morbi</strong></span> 
     </span>
     <span class='ocr_line' id='line_1_69' title="bbox 2502 1229 4446 1322; baseline 0.005 -29"><span class='ocrx_word' id='word_1_466' title='bbox 2502 1250 2543 1294; x_wconf 92' lang='lat' dir='ltr'><strong>a</strong></span> <span class='ocrx_word' id='word_1_467' title='bbox 2586 1229 2819 1312; x_wconf 90' lang='lat' dir='ltr'><strong>quibus</strong></span> <span class='ocrx_word' id='word_1_468' title='bbox 2861 1230 3191 1295; x_wconf 89' lang='lat' dir='ltr'><strong>immunes</strong></span> <span class='ocrx_word' id='word_1_469' title='bbox 3235 1239 3426 1295; x_wconf 87' lang='lat' dir='ltr'><strong>erant</strong></span> <span class='ocrx_word' id='word_1_470' title='bbox 3468 1229 3836 1312; x_wconf 87' lang='lat' dir='ltr'><strong>Israelitae‚</strong></span> <span class='ocrx_word' id='word_1_471' title='bbox 3895 1233 4051 1298; x_wconf 89' lang='lat' dir='ltr'><strong>solis</strong></span> <span class='ocrx_word' id='word_1_472' title='bbox 4097 1235 4446 1322; x_wconf 81' lang='lat' dir='ltr'><strong>Aegyptiis</strong></span> 
     </span>
     <span class='ocr_line' id='line_1_70' title="bbox 2500 1314 4445 1403; baseline 0.005 -24"><span class='ocrx_word' id='word_1_473' title='bbox 2500 1314 2759 1382; x_wconf 90' lang='lat' dir='ltr'><strong>molesti</strong></span> <span class='ocrx_word' id='word_1_474' title='bbox 2802 1325 3050 1382; x_wconf 84' lang='lat' dir='ltr'><strong>essent.</strong></span> <span class='ocrx_word' id='word_1_475' title='bbox 3123 1316 3421 1382; x_wconf 84' lang='lat' dir='ltr'><strong>Minatur</strong></span> <span class='ocrx_word' id='word_1_476' title='bbox 3464 1337 3619 1400; x_wconf 91' lang='lat' dir='ltr'><strong>ergo</strong></span> <span class='ocrx_word' id='word_1_477' title='bbox 3657 1318 3858 1399; x_wconf 89' lang='lat' dir='ltr'><strong>Deus,</strong></span> <span class='ocrx_word' id='word_1_478' title='bbox 3901 1319 3959 1385; x_wconf 89' lang='lat' dir='ltr'><strong>si</strong></span> <span class='ocrx_word' id='word_1_479' title='bbox 4001 1319 4211 1403; x_wconf 90' lang='lat' dir='ltr'><strong>legem</strong></span> <span class='ocrx_word' id='word_1_480' title='bbox 4259 1343 4445 1389; x_wconf 90' lang='lat' dir='ltr'><strong>suam</strong></span> 
     </span>
     <span class='ocr_line' id='line_1_71' title="bbox 2501 1401 4447 1484; baseline 0.004 -17"><span class='ocrx_word' id='word_1_481' title='bbox 2501 1403 3035 1484; x_wconf 86' lang='lat' dir='ltr'><strong>contempserint,</strong></span> <span class='ocrx_word' id='word_1_482' title='bbox 3080 1422 3229 1467; x_wconf 91' lang='lat' dir='ltr'><strong>cum</strong></span> <span class='ocrx_word' id='word_1_483' title='bbox 3277 1401 3410 1468; x_wconf 92' lang='lat' dir='ltr'><strong>illis</strong></span> <span class='ocrx_word' id='word_1_484' title='bbox 3451 1423 3524 1468; x_wconf 91' lang='lat' dir='ltr'><strong>se</strong></span> <span class='ocrx_word' id='word_1_485' title='bbox 3567 1412 3866 1469; x_wconf 88' lang='lat' dir='ltr'><strong>acturum</strong></span> <span class='ocrx_word' id='word_1_486' title='bbox 3912 1405 4103 1472; x_wconf 90' lang='lat' dir='ltr'><strong>sicuti</strong></span> <span class='ocrx_word' id='word_1_487' title='bbox 4140 1407 4447 1474; x_wconf 86' lang='lat' dir='ltr'><strong>viderant</strong></span> 
     </span>
     <span class='ocr_line' id='line_1_72' title="bbox 2502 1488 4445 1577; baseline 0.004 -25"><span class='ocrx_word' id='word_1_488' title='bbox 2502 1508 2655 1552; x_wconf 93' lang='lat' dir='ltr'><strong>eum</strong></span> <span class='ocrx_word' id='word_1_489' title='bbox 2700 1508 2897 1572; x_wconf 87' lang='lat' dir='ltr'><strong>agere</strong></span> <span class='ocrx_word' id='word_1_490' title='bbox 2940 1507 3088 1553; x_wconf 92' lang='lat' dir='ltr'><strong>cum</strong></span> <span class='ocrx_word' id='word_1_491' title='bbox 3133 1488 3426 1571; x_wconf 87' lang='lat' dir='ltr'><strong>profanis</strong></span> <span class='ocrx_word' id='word_1_492' title='bbox 3470 1489 3795 1574; x_wconf 89' lang='lat' dir='ltr'><strong>gentibus.</strong></span> <span class='ocrx_word' id='word_1_493' title='bbox 3888 1491 3980 1556; x_wconf 88' lang='lat' dir='ltr'><strong>Et</strong></span> <span class='ocrx_word' id='word_1_494' title='bbox 4018 1502 4195 1558; x_wconf 87' lang='lat' dir='ltr'><strong>certe</strong></span> <span class='ocrx_word' id='word_1_495' title='bbox 4240 1515 4445 1577; x_wconf 92' lang='lat' dir='ltr'><strong>quum</strong></span> 
     </span>
     <span class='ocr_line' id='line_1_73' title="bbox 2503 1572 4445 1664; baseline 0.005 -27"><span class='ocrx_word' id='word_1_496' title='bbox 2503 1572 2890 1639; x_wconf 89' lang='lat' dir='ltr'><strong>mirabiliter</strong></span> <span class='ocrx_word' id='word_1_497' title='bbox 2970 1584 3125 1639; x_wconf 90' lang='lat' dir='ltr'><strong>tunc</strong></span> <span class='ocrx_word' id='word_1_498' title='bbox 3205 1593 3449 1660; x_wconf 87' lang='lat' dir='ltr'><strong>augere</strong></span> <span class='ocrx_word' id='word_1_499' title='bbox 3524 1575 3806 1642; x_wconf 89' lang='lat' dir='ltr'><strong>voluerit</strong></span> <span class='ocrx_word' id='word_1_500' title='bbox 3869 1578 4052 1643; x_wconf 90' lang='lat' dir='ltr'><strong>Deus</strong></span> <span class='ocrx_word' id='word_1_501' title='bbox 4130 1581 4445 1664; x_wconf 89' lang='lat' dir='ltr'><strong>populum</strong></span> 
     </span>
     <span class='ocr_line' id='line_1_74' title="bbox 2503 1658 4446 1751; baseline 0.005 -28"><span class='ocrx_word' id='word_1_502' title='bbox 2503 1679 2728 1737; x_wconf 89' lang='lat' dir='ltr'><strong>suum,</strong></span> <span class='ocrx_word' id='word_1_503' title='bbox 2774 1658 3046 1725; x_wconf 89' lang='lat' dir='ltr'><strong>minime</strong></span> <span class='ocrx_word' id='word_1_504' title='bbox 3092 1658 3364 1726; x_wconf 89' lang='lat' dir='ltr'><strong>dubium</strong></span> <span class='ocrx_word' id='word_1_505' title='bbox 3408 1668 3510 1726; x_wconf 89' lang='lat' dir='ltr'><strong>est</strong></span> <span class='ocrx_word' id='word_1_506' title='bbox 3551 1662 3708 1744; x_wconf 91' lang='lat' dir='ltr'><strong>quin</strong></span> <span class='ocrx_word' id='word_1_507' title='bbox 3752 1664 4100 1729; x_wconf 86' lang='lat' dir='ltr'><strong>sanitatem</strong></span> <span class='ocrx_word' id='word_1_508' title='bbox 4148 1673 4214 1729; x_wconf 91' lang='lat' dir='ltr'><strong>et</strong></span> <span class='ocrx_word' id='word_1_509' title='bbox 4256 1667 4446 1751; x_wconf 81' lang='lat' dir='ltr'><strong>vigo-</strong></span> 
     </span>
     <span class='ocr_line' id='line_1_75' title="bbox 2503 1744 4449 1829; baseline 0.004 -20"><span class='ocrx_word' id='word_1_510' title='bbox 2503 1766 2642 1809; x_wconf 91' lang='lat' dir='ltr'><strong>rem</strong></span> <span class='ocrx_word' id='word_1_511' title='bbox 2687 1744 2970 1810; x_wconf 85' lang='lat' dir='ltr'><strong>mirabili</strong></span> <span class='ocrx_word' id='word_1_512' title='bbox 3015 1745 3360 1829; x_wconf 82' lang='lat' dir='ltr'><strong>privilegio</strong></span> <span class='ocrx_word' id='word_1_513' title='bbox 3403 1747 3769 1814; x_wconf 88' lang='lat' dir='ltr'><strong>contulerit.</strong></span> <span class='ocrx_word' id='word_1_514' title='bbox 3860 1749 3992 1814; x_wconf 89' lang='lat' dir='ltr'><strong>Per</strong></span> <span class='ocrx_word' id='word_1_515' title='bbox 4034 1751 4293 1819; x_wconf 89' lang='lat' dir='ltr'><strong>morbos</strong></span> <span class='ocrx_word' id='word_1_516' title='bbox 4337 1753 4449 1818; x_wconf 89' lang='lat' dir='ltr'><strong>ani</strong></span> 
     </span>
     <span class='ocr_line' id='line_1_76' title="bbox 2504 1829 4450 1915; baseline 0.005 -21"><span class='ocrx_word' id='word_1_517' title='bbox 2504 1829 2772 1897; x_wconf 89' lang='lat' dir='ltr'><strong>dubium</strong></span> <span class='ocrx_word' id='word_1_518' title='bbox 2818 1839 2917 1898; x_wconf 87' lang='lat' dir='ltr'><strong>est</strong></span> <span class='ocrx_word' id='word_1_519' title='bbox 2959 1831 3371 1915; x_wconf 88' lang='lat' dir='ltr'><strong>signifioetne</strong></span> <span class='ocrx_word' id='word_1_520' title='bbox 3415 1832 3969 1915; x_wconf 89' lang='lat' dir='ltr'><strong>haemorrhoidas,</strong></span> <span class='ocrx_word' id='word_1_521' title='bbox 4016 1857 4099 1901; x_wconf 90' lang='lat' dir='ltr'><strong>an</strong></span> <span class='ocrx_word' id='word_1_522' title='bbox 4145 1835 4450 1904; x_wconf 89' lang='lat' dir='ltr'><strong>deiectio-</strong></span> 
     </span>
     <span class='ocr_line' id='line_1_77' title="bbox 2502 1916 4452 2006; baseline 0.005 -26"><span class='ocrx_word' id='word_1_523' title='bbox 2502 1936 2655 1981; x_wconf 90' lang='lat' dir='ltr'><strong>nem</strong></span> <span class='ocrx_word' id='word_1_524' title='bbox 2701 1916 2895 1996; x_wconf 90' lang='lat' dir='ltr'><strong>sedis,</strong></span> <span class='ocrx_word' id='word_1_525' title='bbox 2938 1937 3025 1981; x_wconf 89' lang='lat' dir='ltr'><strong>an</strong></span> <span class='ocrx_word' id='word_1_526' title='bbox 3069 1917 3272 1983; x_wconf 91' lang='lat' dir='ltr'><strong>alium</strong></span> <span class='ocrx_word' id='word_1_527' title='bbox 3314 1919 3638 1986; x_wconf 88' lang='lat' dir='ltr'><strong>occultum</strong></span> <span class='ocrx_word' id='word_1_528' title='bbox 3684 1921 4004 1999; x_wconf 89' lang='lat' dir='ltr'><strong>morbum,</strong></span> <span class='ocrx_word' id='word_1_529' title='bbox 4049 1921 4257 2006; x_wconf 90' lang='lat' dir='ltr'><strong>qualis</strong></span> <span class='ocrx_word' id='word_1_530' title='bbox 4293 1924 4452 1989; x_wconf 90' lang='lat' dir='ltr'><strong>Phi-</strong></span> 
     </span>
     <span class='ocr_line' id='line_1_78' title="bbox 2503 2002 4448 2087; baseline 0.005 -21"><span class='ocrx_word' id='word_1_531' title='bbox 2503 2002 2759 2068; x_wconf 90' lang='lat' dir='ltr'><strong>listinos</strong></span> <span class='ocrx_word' id='word_1_532' title='bbox 2823 2003 3138 2087; x_wconf 88' lang='lat' dir='ltr'><strong>corripuit</strong></span> <span class='ocrx_word' id='word_1_533' title='bbox 3210 2024 3413 2086; x_wconf 90' lang='lat' dir='ltr'><strong>quum</strong></span> <span class='ocrx_word' id='word_1_534' title='bbox 3491 2027 3709 2072; x_wconf 88' lang='lat' dir='ltr'><strong>arcam</strong></span> <span class='ocrx_word' id='word_1_535' title='bbox 3789 2007 4069 2073; x_wconf 86' lang='lat' dir='ltr'><strong>foederis</strong></span> <span class='ocrx_word' id='word_1_536' title='bbox 4147 2017 4448 2076; x_wconf 87' lang='lat' dir='ltr'><strong>tenerent</strong></span> 
     </span>
     <span class='ocr_line' id='line_1_79' title="bbox 2503 2088 4447 2179; baseline 0.004 -26"><span class='ocrx_word' id='word_1_537' title='bbox 2503 2088 2853 2171; x_wconf 84' lang='lat' dir='ltr'><strong>captivam.</strong></span> <span class='ocrx_word' id='word_1_538' title='bbox 2923 2089 3109 2155; x_wconf 92' lang='lat' dir='ltr'><strong>Alios</strong></span> <span class='ocrx_word' id='word_1_539' title='bbox 3152 2088 3411 2157; x_wconf 87' lang='lat' dir='ltr'><strong>morbos</strong></span> <span class='ocrx_word' id='word_1_540' title='bbox 3455 2090 3756 2177; x_wconf 89' lang='lat' dir='ltr'><strong>adiungit</strong></span> <span class='ocrx_word' id='word_1_541' title='bbox 3798 2094 3867 2157; x_wconf 90' lang='lat' dir='ltr'><strong>in</strong></span> <span class='ocrx_word' id='word_1_542' title='bbox 3913 2094 4150 2177; x_wconf 89' lang='lat' dir='ltr'><strong>quibus</strong></span> <span class='ocrx_word' id='word_1_543' title='bbox 4192 2096 4447 2179; x_wconf 87' lang='lat' dir='ltr'><strong>conspi-</strong></span> 
     </span>
     <span class='ocr_line' id='line_1_80' title="bbox 2504 2176 4450 2259; baseline 0.004 -18"><span class='ocrx_word' id='word_1_544' title='bbox 2504 2176 2767 2241; x_wconf 91' lang='lat' dir='ltr'><strong>ciuntur</strong></span> <span class='ocrx_word' id='word_1_545' title='bbox 2819 2176 3112 2259; x_wconf 90' lang='lat' dir='ltr'><strong>insignes</strong></span> <span class='ocrx_word' id='word_1_546' title='bbox 3167 2177 3304 2241; x_wconf 88' lang='lat' dir='ltr'><strong>irae</strong></span> <span class='ocrx_word' id='word_1_547' title='bbox 3362 2176 3490 2243; x_wconf 90' lang='lat' dir='ltr'><strong>Dei</strong></span> <span class='ocrx_word' id='word_1_548' title='bbox 3548 2187 3762 2244; x_wconf 88' lang='lat' dir='ltr'><strong>notae.</strong></span> <span class='ocrx_word' id='word_1_549' title='bbox 3851 2178 3996 2245; x_wconf 87' lang='lat' dir='ltr'><strong>Etsi</strong></span> <span class='ocrx_word' id='word_1_550' title='bbox 4057 2189 4273 2247; x_wconf 89' lang='lat' dir='ltr'><strong>autem</strong></span> <span class='ocrx_word' id='word_1_551' title='bbox 4321 2182 4450 2248; x_wconf 90' lang='lat' dir='ltr'><strong>Dei</strong></span> 
     </span>
     <span class='ocr_line' id='line_1_81' title="bbox 2506 2261 4450 2346; baseline 0.005 -22"><span class='ocrx_word' id='word_1_552' title='bbox 2506 2280 2760 2343; x_wconf 89' lang='lat' dir='ltr'><strong>quoque</strong></span> <span class='ocrx_word' id='word_1_553' title='bbox 2806 2261 2972 2327; x_wconf 84' lang='lat' dir='ltr'><strong>filios</strong></span> <span class='ocrx_word' id='word_1_554' title='bbox 3006 2261 3339 2327; x_wconf 90' lang='lat' dir='ltr'><strong>interdum</strong></span> <span class='ocrx_word' id='word_1_555' title='bbox 3376 2262 3756 2346; x_wconf 88' lang='lat' dir='ltr'><strong>corripiunt,</strong></span> <span class='ocrx_word' id='word_1_556' title='bbox 3803 2265 3959 2331; x_wconf 91' lang='lat' dir='ltr'><strong>alibi</strong></span> <span class='ocrx_word' id='word_1_557' title='bbox 3996 2275 4220 2332; x_wconf 89' lang='lat' dir='ltr'><strong>tamen</strong></span> <span class='ocrx_word' id='word_1_558' title='bbox 4258 2267 4450 2334; x_wconf 87' lang='lat' dir='ltr'><strong>docui</strong></span> 
     </span>
     <span class='ocr_line' id='line_1_82' title="bbox 2505 2346 4450 2439; baseline 0.003 -26"><span class='ocrx_word' id='word_1_559' title='bbox 2505 2348 2600 2413; x_wconf 92' lang='lat' dir='ltr'><strong>sic</strong></span> <span class='ocrx_word' id='word_1_560' title='bbox 2643 2347 2996 2430; x_wconf 88' lang='lat' dir='ltr'><strong>temperari</strong></span> <span class='ocrx_word' id='word_1_561' title='bbox 3038 2346 3285 2413; x_wconf 92' lang='lat' dir='ltr'><strong>similes</strong></span> <span class='ocrx_word' id='word_1_562' title='bbox 3328 2348 3397 2413; x_wconf 93' lang='lat' dir='ltr'><strong>in</strong></span> <span class='ocrx_word' id='word_1_563' title='bbox 3445 2349 3738 2432; x_wconf 86' lang='lat' dir='ltr'><strong>utrisque</strong></span> <span class='ocrx_word' id='word_1_564' title='bbox 3796 2371 4067 2434; x_wconf 91' lang='lat' dir='ltr'><strong>poenas,</strong></span> <span class='ocrx_word' id='word_1_565' title='bbox 4126 2366 4201 2417; x_wconf 88' lang='lat' dir='ltr'><strong>ut</strong></span> <span class='ocrx_word' id='word_1_566' title='bbox 4256 2353 4450 2439; x_wconf 87' lang='lat' dir='ltr'><strong>longe</strong></span> 
     </span>
     <span class='ocr_line' id='line_1_83' title="bbox 2507 2430 4450 2523; baseline 0.006 -27"><span class='ocrx_word' id='word_1_567' title='bbox 2507 2432 2621 2497; x_wconf 89' lang='lat' dir='ltr'><strong>alii</strong></span> <span class='ocrx_word' id='word_1_568' title='bbox 2662 2430 2745 2497; x_wconf 89' lang='lat' dir='ltr'><strong>ab</strong></span> <span class='ocrx_word' id='word_1_569' title='bbox 2787 2432 2931 2498; x_wconf 90' lang='lat' dir='ltr'><strong>aliis</strong></span> <span class='ocrx_word' id='word_1_570' title='bbox 2986 2431 3311 2500; x_wconf 85' lang='lat' dir='ltr'><strong>differant.</strong></span> <span class='ocrx_word' id='word_1_571' title='bbox 3397 2433 3799 2519; x_wconf 89' lang='lat' dir='ltr'><strong>Prodigiosis</strong></span> <span class='ocrx_word' id='word_1_572' title='bbox 3857 2437 4190 2504; x_wconf 88' lang='lat' dir='ltr'><strong>ulceribus</strong></span> <span class='ocrx_word' id='word_1_573' title='bbox 4248 2461 4450 2523; x_wconf 91' lang='lat' dir='ltr'><strong>quum</strong></span> 
     </span>
     <span class='ocr_line' id='line_1_84' title="bbox 2505 2517 4448 2610; baseline 0.005 -27"><span class='ocrx_word' id='word_1_574' title='bbox 2505 2517 2627 2583; x_wconf 89' lang='lat' dir='ltr'><strong>Iob</strong></span> <span class='ocrx_word' id='word_1_575' title='bbox 2668 2538 3018 2602; x_wconf 90' lang='lat' dir='ltr'><strong>percussus</strong></span> <span class='ocrx_word' id='word_1_576' title='bbox 3061 2519 3346 2601; x_wconf 85' lang='lat' dir='ltr'><strong>foeteret,</strong></span> <span class='ocrx_word' id='word_1_577' title='bbox 3389 2522 3572 2587; x_wconf 83' lang='lat' dir='ltr'><strong>visus</strong></span> <span class='ocrx_word' id='word_1_578' title='bbox 3615 2522 3739 2586; x_wconf 86' lang='lat' dir='ltr'><strong>fuit</strong></span> <span class='ocrx_word' id='word_1_579' title='bbox 3772 2521 3854 2587; x_wconf 89' lang='lat' dir='ltr'><strong>ad</strong></span> <span class='ocrx_word' id='word_1_580' title='bbox 3893 2530 4153 2607; x_wconf 88' lang='lat' dir='ltr'><strong>tempus</strong></span> <span class='ocrx_word' id='word_1_581' title='bbox 4188 2526 4448 2610; x_wconf 90' lang='lat' dir='ltr'><strong>reprobi</strong></span> 
     </span>
     <span class='ocr_line' id='line_1_85' title="bbox 2506 2603 4451 2690; baseline 0.005 -21"><span class='ocrx_word' id='word_1_582' title='bbox 2506 2605 2792 2670; x_wconf 89' lang='lat' dir='ltr'><strong>hominis</strong></span> <span class='ocrx_word' id='word_1_583' title='bbox 2836 2603 3007 2670; x_wconf 78' lang='lat' dir='ltr'><strong>ferre</strong></span> <span class='ocrx_word' id='word_1_584' title='bbox 3051 2605 3368 2690; x_wconf 88' lang='lat' dir='ltr'><strong>insignia:</strong></span> <span class='ocrx_word' id='word_1_585' title='bbox 3428 2627 3662 2673; x_wconf 85' lang='lat' dir='ltr'><strong>verum</strong></span> <span class='ocrx_word' id='word_1_586' title='bbox 3705 2608 3878 2690; x_wconf 91' lang='lat' dir='ltr'><strong>quod</strong></span> <span class='ocrx_word' id='word_1_587' title='bbox 3921 2608 3992 2673; x_wconf 89' lang='lat' dir='ltr'><strong>in</strong></span> <span class='ocrx_word' id='word_1_588' title='bbox 4036 2620 4261 2677; x_wconf 85' lang='lat' dir='ltr'><strong>sancto</strong></span> <span class='ocrx_word' id='word_1_589' title='bbox 4307 2614 4451 2679; x_wconf 82' lang='lat' dir='ltr'><strong>viro</strong></span> 
     </span>
     <span class='ocr_line' id='line_1_86' title="bbox 2504 2691 4448 2778; baseline 0.005 -23"><span class='ocrx_word' id='word_1_590' title='bbox 2504 2691 2857 2774; x_wconf 86' lang='lat' dir='ltr'><strong>patientiae</strong></span> <span class='ocrx_word' id='word_1_591' title='bbox 2923 2691 3307 2758; x_wconf 90' lang='lat' dir='ltr'><strong>exercitium</strong></span> <span class='ocrx_word' id='word_1_592' title='bbox 3371 2693 3531 2773; x_wconf 83' lang='lat' dir='ltr'><strong>fuit,</strong></span> <span class='ocrx_word' id='word_1_593' title='bbox 3612 2694 3777 2778; x_wconf 89' lang='lat' dir='ltr'><strong>legis</strong></span> <span class='ocrx_word' id='word_1_594' title='bbox 3855 2699 4448 2778; x_wconf 87' lang='lat' dir='ltr'><strong>transgressoribus</strong></span> 
     </span>
     <span class='ocr_line' id='line_1_87' title="bbox 2504 2776 4295 2849; baseline 0.005 -9"><span class='ocrx_word' id='word_1_595' title='bbox 2504 2776 2682 2842; x_wconf 88' lang='lat' dir='ltr'><strong>iusta</strong></span> <span class='ocrx_word' id='word_1_596' title='bbox 2723 2785 2824 2842; x_wconf 93' lang='lat' dir='ltr'><strong>est</strong></span> <span class='ocrx_word' id='word_1_597' title='bbox 2863 2777 3183 2843; x_wconf 87' lang='lat' dir='ltr'><strong>scelerum</strong></span> <span class='ocrx_word' id='word_1_598' title='bbox 3226 2799 3476 2845; x_wconf 89' lang='lat' dir='ltr'><strong>meroes</strong></span> <span class='ocrx_word' id='word_1_599' title='bbox 3520 2801 3601 2844; x_wconf 89' lang='lat' dir='ltr'><strong>ex</strong></span> <span class='ocrx_word' id='word_1_600' title='bbox 3646 2778 3774 2845; x_wconf 87' lang='lat' dir='ltr'><strong>Dei</strong></span> <span class='ocrx_word' id='word_1_601' title='bbox 3821 2780 4295 2849; x_wconf 89' lang='lat' dir='ltr'><strong>maledictione.</strong></span> 
     </span>
    </p>

    <p class='ocr_par' dir='ltr' id='par_1_12' title="bbox 2496 2861 4470 4737">
     <span class='ocr_line' id='line_1_88' title="bbox 2496 2861 4470 2946; baseline 0.005 -20"><span class='ocrx_word' id='word_1_602' title='bbox 2496 2934 2514 2943; x_wconf 68' lang='lat'><strong>-</strong></span> <span class='ocrx_word' id='word_1_603' title='bbox 2677 2862 2781 2929; x_wconf 87' lang='grc'><strong>28.</strong></span> <span class='ocrx_word' id='word_1_604' title='bbox 2832 2861 3141 2930; x_wconf 73' lang='lat' dir='ltr'><strong>Perontiet</strong></span> <span class='ocrx_word' id='word_1_605' title='bbox 3193 2868 3249 2929; x_wconf 82' lang='lat' dir='ltr'><strong>te</strong></span> <span class='ocrx_word' id='word_1_606' title='bbox 3284 2864 3515 2931; x_wconf 75' lang='lat' dir='ltr'><strong>Iehova</strong></span> <span class='ocrx_word' id='word_1_607' title='bbox 3555 2867 3827 2932; x_wconf 79' lang='lat' dir='ltr'><strong>amentia</strong></span> <span class='ocrx_word' id='word_1_608' title='bbox 3869 2872 3926 2932; x_wconf 79' lang='lat' dir='ltr'><strong>et</strong></span> <span class='ocrx_word' id='word_1_609' title='bbox 3965 2869 4285 2946; x_wconf 74' lang='lat' dir='ltr'><strong>caecitate,</strong></span> <span class='ocrx_word' id='word_1_610' title='bbox 4343 2875 4470 2936; x_wconf 74' lang='lat' dir='ltr'><strong>etc.-</strong></span> 
     </span>
     <span class='ocr_line' id='line_1_89' title="bbox 2502 2948 4449 3039; baseline 0.005 -26"><span class='ocrx_word' id='word_1_611' title='bbox 2502 2949 2734 3015; x_wconf 90' lang='lat' dir='ltr'><strong>Poena</strong></span> <span class='ocrx_word' id='word_1_612' title='bbox 2810 2948 2972 3016; x_wconf 86' lang='lat' dir='ltr'><strong>haec</strong></span> <span class='ocrx_word' id='word_1_613' title='bbox 3049 2950 3337 3016; x_wconf 90' lang='lat' dir='ltr'><strong>maxime</strong></span> <span class='ocrx_word' id='word_1_614' title='bbox 3399 2950 3767 3018; x_wconf 88' lang='lat' dir='ltr'><strong>celebratur</strong></span> <span class='ocrx_word' id='word_1_615' title='bbox 3837 2953 4013 3037; x_wconf 87' lang='lat' dir='ltr'><strong>apud</strong></span> <span class='ocrx_word' id='word_1_616' title='bbox 4077 2955 4449 3039; x_wconf 87' lang='lat' dir='ltr'><strong>prophetas,</strong></span> 
     </span>
     <span class='ocr_line' id='line_1_90' title="bbox 2508 3034 4453 3126; baseline 0.004 -26"><span class='ocrx_word' id='word_1_617' title='bbox 2508 3034 2665 3100; x_wconf 90' lang='lat' dir='ltr'><strong>dum</strong></span> <span class='ocrx_word' id='word_1_618' title='bbox 2704 3042 3042 3117; x_wconf 89' lang='lat' dir='ltr'><strong>percutere</strong></span> <span class='ocrx_word' id='word_1_619' title='bbox 3080 3034 3320 3102; x_wconf 90' lang='lat' dir='ltr'><strong>dicitur</strong></span> <span class='ocrx_word' id='word_1_620' title='bbox 3342 3035 3529 3103; x_wconf 92' lang='lat' dir='ltr'><strong>Deus</strong></span> <span class='ocrx_word' id='word_1_621' title='bbox 3562 3038 3798 3121; x_wconf 90' lang='lat' dir='ltr'><strong>impios</strong></span> <span class='ocrx_word' id='word_1_622' title='bbox 3833 3040 4065 3123; x_wconf 90' lang='lat' dir='ltr'><strong>spiritu</strong></span> <span class='ocrx_word' id='word_1_623' title='bbox 4103 3041 4453 3126; x_wconf 83' lang='lat' dir='ltr'><strong>vertiginis</strong></span> 
     </span>
     <span class='ocr_line' id='line_1_91' title="bbox 2507 3121 4454 3212; baseline 0.004 -26"><span class='ocrx_word' id='word_1_624' title='bbox 2507 3130 2577 3186; x_wconf 91' lang='lat' dir='ltr'><strong>et</strong></span> <span class='ocrx_word' id='word_1_625' title='bbox 2620 3122 2943 3186; x_wconf 86' lang='lat' dir='ltr'><strong>amentiae</strong></span> <span class='ocrx_word' id='word_1_626' title='bbox 2960 3172 2977 3201; x_wconf 90' lang='lat'><strong>,</strong></span> <span class='ocrx_word' id='word_1_627' title='bbox 3042 3121 3367 3189; x_wconf 86' lang='lat' dir='ltr'><strong>inebriare</strong></span> <span class='ocrx_word' id='word_1_628' title='bbox 3410 3132 3693 3206; x_wconf 90' lang='lat' dir='ltr'><strong>stupore.</strong></span> <span class='ocrx_word' id='word_1_629' title='bbox 3779 3125 3985 3193; x_wconf 92' lang='lat' dir='ltr'><strong>Porro</strong></span> <span class='ocrx_word' id='word_1_630' title='bbox 4029 3125 4224 3212; x_wconf 91' lang='lat' dir='ltr'><strong>longe</strong></span> <span class='ocrx_word' id='word_1_631' title='bbox 4266 3137 4454 3211; x_wconf 87' lang='lat' dir='ltr'><strong>patet</strong></span> 
     </span>
     <span class='ocr_line' id='line_1_92' title="bbox 2506 3205 4452 3290; baseline 0.005 -19"><span class='ocrx_word' id='word_1_632' title='bbox 2506 3206 2822 3290; x_wconf 90' lang='lat' dir='ltr'><strong>quidquid</strong></span> <span class='ocrx_word' id='word_1_633' title='bbox 2847 3205 2928 3273; x_wconf 89' lang='lat' dir='ltr'><strong>de</strong></span> <span class='ocrx_word' id='word_1_634' title='bbox 2963 3206 3339 3274; x_wconf 85' lang='lat' dir='ltr'><strong>huiusmodi</strong></span> <span class='ocrx_word' id='word_1_635' title='bbox 3373 3210 3831 3277; x_wconf 85' lang='lat' dir='ltr'><strong>excaecatione</strong></span> <span class='ocrx_word' id='word_1_636' title='bbox 3866 3219 3934 3276; x_wconf 93' lang='lat' dir='ltr'><strong>et</strong></span> <span class='ocrx_word' id='word_1_637' title='bbox 3966 3210 4188 3278; x_wconf 86' lang='lat' dir='ltr'><strong>furore</strong></span> <span class='ocrx_word' id='word_1_638' title='bbox 4211 3214 4452 3281; x_wconf 90' lang='lat' dir='ltr'><strong>mentis</strong></span> 
     </span>
     <span class='ocr_line' id='line_1_93' title="bbox 2507 3293 4452 3383; baseline 0.004 -24"><span class='ocrx_word' id='word_1_639' title='bbox 2507 3294 2691 3360; x_wconf 93' lang='lat' dir='ltr'><strong>Deus</strong></span> <span class='ocrx_word' id='word_1_640' title='bbox 2734 3293 3148 3377; x_wconf 88' lang='lat' dir='ltr'><strong>pronunciat.</strong></span> <span class='ocrx_word' id='word_1_641' title='bbox 3235 3293 3416 3362; x_wconf 90' lang='lat' dir='ltr'><strong>Hinc</strong></span> <span class='ocrx_word' id='word_1_642' title='bbox 3459 3296 3634 3360; x_wconf 93' lang='lat' dir='ltr'><strong>enim</strong></span> <span class='ocrx_word' id='word_1_643' title='bbox 3681 3298 3756 3361; x_wconf 90' lang='lat' dir='ltr'><strong>fit</strong></span> <span class='ocrx_word' id='word_1_644' title='bbox 3797 3308 3870 3361; x_wconf 92' lang='lat' dir='ltr'><strong>ut</strong></span> <span class='ocrx_word' id='word_1_645' title='bbox 3912 3308 4146 3380; x_wconf 89' lang='lat' dir='ltr'><strong>sponte</strong></span> <span class='ocrx_word' id='word_1_646' title='bbox 4188 3321 4259 3365; x_wconf 86' lang='lat' dir='ltr'><strong>se</strong></span> <span class='ocrx_word' id='word_1_647' title='bbox 4300 3321 4452 3383; x_wconf 89' lang='lat' dir='ltr'><strong>pro·</strong></span> 
     </span>
     <span class='ocr_line' id='line_1_94' title="bbox 2504 3378 4455 3465; baseline 0.005 -21"><span class='ocrx_word' id='word_1_648' title='bbox 2504 3378 2736 3446; x_wconf 80' lang='lat' dir='ltr'><strong>iiciant</strong></span> <span class='ocrx_word' id='word_1_649' title='bbox 2790 3379 2976 3462; x_wconf 86' lang='lat' dir='ltr'><strong>impii</strong></span> <span class='ocrx_word' id='word_1_650' title='bbox 3030 3379 3102 3444; x_wconf 91' lang='lat' dir='ltr'><strong>in</strong></span> <span class='ocrx_word' id='word_1_651' title='bbox 3159 3378 3384 3447; x_wconf 82' lang='lat' dir='ltr'><strong>foedas</strong></span> <span class='ocrx_word' id='word_1_652' title='bbox 3440 3381 3860 3465; x_wconf 85' lang='lat' dir='ltr'><strong>cupiditates,</strong></span> <span class='ocrx_word' id='word_1_653' title='bbox 3926 3382 4181 3449; x_wconf 91' lang='lat' dir='ltr'><strong>nullum</strong></span> <span class='ocrx_word' id='word_1_654' title='bbox 4240 3386 4455 3455; x_wconf 90' lang='lat' dir='ltr'><strong>scelus</strong></span> 
     </span>
     <span class='ocr_line' id='line_1_95' title="bbox 2507 3464 4453 3550; baseline 0.004 -20"><span class='ocrx_word' id='word_1_655' title='bbox 2507 3464 2940 3545; x_wconf 87' lang='lat' dir='ltr'><strong>exhorreant,</strong></span> <span class='ocrx_word' id='word_1_656' title='bbox 2996 3467 3388 3550; x_wconf 90' lang='lat' dir='ltr'><strong>praecipites</strong></span> <span class='ocrx_word' id='word_1_657' title='bbox 3431 3466 3730 3533; x_wconf 89' lang='lat' dir='ltr'><strong>ferantur</strong></span> <span class='ocrx_word' id='word_1_658' title='bbox 3774 3468 3843 3533; x_wconf 89' lang='lat' dir='ltr'><strong>in</strong></span> <span class='ocrx_word' id='word_1_659' title='bbox 3889 3470 4159 3535; x_wconf 85' lang='lat' dir='ltr'><strong>exitium</strong></span> <span class='ocrx_word' id='word_1_660' title='bbox 4177 3522 4194 3550; x_wconf 90' lang='lat'><strong>,</strong></span> <span class='ocrx_word' id='word_1_661' title='bbox 4254 3471 4453 3537; x_wconf 91' lang='lat' dir='ltr'><strong>desti-</strong></span> 
     </span>
     <span class='ocr_line' id='line_1_96' title="bbox 2509 3551 4456 3637; baseline 0.005 -22"><span class='ocrx_word' id='word_1_662' title='bbox 2509 3559 2785 3616; x_wconf 91' lang='lat' dir='ltr'><strong>tuantur</strong></span> <span class='ocrx_word' id='word_1_663' title='bbox 2828 3552 3006 3617; x_wconf 91' lang='lat' dir='ltr'><strong>omni</strong></span> <span class='ocrx_word' id='word_1_664' title='bbox 3050 3551 3349 3633; x_wconf 87' lang='lat' dir='ltr'><strong>consilio,</strong></span> <span class='ocrx_word' id='word_1_665' title='bbox 3392 3574 3557 3637; x_wconf 88' lang='lat' dir='ltr'><strong>quae</strong></span> <span class='ocrx_word' id='word_1_666' title='bbox 3599 3554 3669 3617; x_wconf 90' lang='lat' dir='ltr'><strong>in</strong></span> <span class='ocrx_word' id='word_1_667' title='bbox 3714 3574 3920 3620; x_wconf 87' lang='lat' dir='ltr'><strong>manu</strong></span> <span class='ocrx_word' id='word_1_668' title='bbox 3964 3565 4120 3622; x_wconf 89' lang='lat' dir='ltr'><strong>sunt</strong></span> <span class='ocrx_word' id='word_1_669' title='bbox 4162 3557 4456 3625; x_wconf 89' lang='lat' dir='ltr'><strong>remedia</strong></span> 
     </span>
     <span class='ocr_line' id='line_1_97' title="bbox 2509 3636 4451 3726; baseline 0.004 -23"><span class='ocrx_word' id='word_1_670' title='bbox 2509 3636 2833 3703; x_wconf 87' lang='lat' dir='ltr'><strong>abiiciant.</strong></span> <span class='ocrx_word' id='word_1_671' title='bbox 2938 3637 3087 3704; x_wconf 87' lang='lat' dir='ltr'><strong>Etsi</strong></span> <span class='ocrx_word' id='word_1_672' title='bbox 3146 3647 3366 3704; x_wconf 85' lang='lat' dir='ltr'><strong>autem</strong></span> <span class='ocrx_word' id='word_1_673' title='bbox 3430 3638 3556 3706; x_wconf 92' lang='lat' dir='ltr'><strong>hoc</strong></span> <span class='ocrx_word' id='word_1_674' title='bbox 3619 3638 3950 3707; x_wconf 83' lang='lat' dir='ltr'><strong>vindictae</strong></span> <span class='ocrx_word' id='word_1_675' title='bbox 4010 3663 4252 3726; x_wconf 87' lang='lat' dir='ltr'><strong>genere</strong></span> <span class='ocrx_word' id='word_1_676' title='bbox 4318 3665 4451 3711; x_wconf 90' lang='lat' dir='ltr'><strong>non</strong></span> 
     </span>
     <span class='ocr_line' id='line_1_98' title="bbox 2508 3723 4457 3812; baseline 0.003 -23"><span class='ocrx_word' id='word_1_677' title='bbox 2508 3723 2672 3789; x_wconf 89' lang='lat' dir='ltr'><strong>adeo</strong></span> <span class='ocrx_word' id='word_1_678' title='bbox 2738 3730 3043 3788; x_wconf 83' lang='lat' dir='ltr'><strong>movetur</strong></span> <span class='ocrx_word' id='word_1_679' title='bbox 3105 3726 3322 3791; x_wconf 86' lang='lat' dir='ltr'><strong>carnis</strong></span> <span class='ocrx_word' id='word_1_680' title='bbox 3385 3746 3617 3792; x_wconf 89' lang='lat' dir='ltr'><strong>sensus</strong></span> <span class='ocrx_word' id='word_1_681' title='bbox 3634 3777 3648 3805; x_wconf 93' lang='lat'><strong>,</strong></span> <span class='ocrx_word' id='word_1_682' title='bbox 3731 3727 3999 3812; x_wconf 84' lang='lat' dir='ltr'><strong>gravius</strong></span> <span class='ocrx_word' id='word_1_683' title='bbox 4064 3735 4286 3793; x_wconf 91' lang='lat' dir='ltr'><strong>tamen</strong></span> <span class='ocrx_word' id='word_1_684' title='bbox 4353 3739 4457 3796; x_wconf 89' lang='lat' dir='ltr'><strong>est</strong></span> 
     </span>
     <span class='ocr_line' id='line_1_99' title="bbox 2506 3809 4452 3896; baseline 0.004 -22"><span class='ocrx_word' id='word_1_685' title='bbox 2506 3809 2809 3874; x_wconf 86' lang='lat' dir='ltr'><strong>omnibus</strong></span> <span class='ocrx_word' id='word_1_686' title='bbox 2875 3811 3204 3892; x_wconf 89' lang='lat' dir='ltr'><strong>corporeis</strong></span> <span class='ocrx_word' id='word_1_687' title='bbox 3262 3811 3538 3890; x_wconf 89' lang='lat' dir='ltr'><strong>morbis,</strong></span> <span class='ocrx_word' id='word_1_688' title='bbox 3605 3832 3680 3877; x_wconf 88' lang='lat' dir='ltr'><strong>ac</strong></span> <span class='ocrx_word' id='word_1_689' title='bbox 3745 3813 3957 3896; x_wconf 84' lang='lat' dir='ltr'><strong>magis</strong></span> <span class='ocrx_word' id='word_1_690' title='bbox 4020 3813 4452 3882; x_wconf 89' lang='lat' dir='ltr'><strong>formidabile.</strong></span> 
     </span>
     <span class='ocr_line' id='line_1_100' title="bbox 2505 3895 4455 3981; baseline 0.004 -21"><span class='ocrx_word' id='word_1_691' title='bbox 2505 3895 2882 3960; x_wconf 82' lang='lat' dir='ltr'><strong>Finxerunt</strong></span> <span class='ocrx_word' id='word_1_692' title='bbox 2935 3905 3166 3979; x_wconf 88' lang='lat' dir='ltr'><strong>poetae</strong></span> <span class='ocrx_word' id='word_1_693' title='bbox 3222 3897 3408 3964; x_wconf 84' lang='lat' dir='ltr'><strong>furiis</strong></span> <span class='ocrx_word' id='word_1_694' title='bbox 3466 3897 3704 3981; x_wconf 85' lang='lat' dir='ltr'><strong>agitari</strong></span> <span class='ocrx_word' id='word_1_695' title='bbox 3759 3898 4110 3965; x_wconf 89' lang='lat' dir='ltr'><strong>sceleratos</strong></span> <span class='ocrx_word' id='word_1_696' title='bbox 4154 3900 4455 3968; x_wconf 90' lang='lat' dir='ltr'><strong>homines</strong></span> 
     </span>
     <span class='ocr_line' id='line_1_101' title="bbox 2504 3982 4449 4067; baseline 0.003 -19"><span class='ocrx_word' id='word_1_697' title='bbox 2504 4001 2581 4048; x_wconf 87' lang='lat' dir='ltr'><strong>ac</strong></span> <span class='ocrx_word' id='word_1_698' title='bbox 2640 3982 2911 4060; x_wconf 90' lang='lat' dir='ltr'><strong>terreri,</strong></span> <span class='ocrx_word' id='word_1_699' title='bbox 2978 4002 3214 4066; x_wconf 89' lang='lat' dir='ltr'><strong>nempe</strong></span> <span class='ocrx_word' id='word_1_700' title='bbox 3273 3985 3426 4067; x_wconf 91' lang='lat' dir='ltr'><strong>quia</strong></span> <span class='ocrx_word' id='word_1_701' title='bbox 3482 3984 3892 4067; x_wconf 80' lang='lat' dir='ltr'><strong>experientia</strong></span> <span class='ocrx_word' id='word_1_702' title='bbox 3944 3983 4246 4066; x_wconf 90' lang='lat' dir='ltr'><strong>docebat,</strong></span> <span class='ocrx_word' id='word_1_703' title='bbox 4315 4009 4449 4054; x_wconf 93' lang='lat' dir='ltr'><strong>non</strong></span> 
     </span>
     <span class='ocr_line' id='line_1_102' title="bbox 2504 4067 4451 4155; baseline 0.004 -23"><span class='ocrx_word' id='word_1_704' title='bbox 2504 4068 2650 4132; x_wconf 90' lang='lat' dir='ltr'><strong>sine</strong></span> <span class='ocrx_word' id='word_1_705' title='bbox 2701 4088 2939 4134; x_wconf 89' lang='lat' dir='ltr'><strong>arcano</strong></span> <span class='ocrx_word' id='word_1_706' title='bbox 2995 4067 3127 4133; x_wconf 89' lang='lat' dir='ltr'><strong>Dei</strong></span> <span class='ocrx_word' id='word_1_707' title='bbox 3181 4069 3465 4152; x_wconf 89' lang='lat' dir='ltr'><strong>impulsu</strong></span> <span class='ocrx_word' id='word_1_708' title='bbox 3520 4069 3667 4136; x_wconf 89' lang='lat' dir='ltr'><strong>illos</strong></span> <span class='ocrx_word' id='word_1_709' title='bbox 3723 4090 3866 4136; x_wconf 90' lang='lat' dir='ltr'><strong>esse</strong></span> <span class='ocrx_word' id='word_1_710' title='bbox 3923 4078 4058 4136; x_wconf 87' lang='lat' dir='ltr'><strong>tam</strong></span> <span class='ocrx_word' id='word_1_711' title='bbox 4119 4073 4451 4155; x_wconf 76' lang='lat' dir='ltr'><strong>vecordeS,</strong></span> 
     </span>
     <span class='ocr_line' id='line_1_103' title="bbox 2501 4154 4455 4240; baseline 0.004 -22"><span class='ocrx_word' id='word_1_712' title='bbox 2501 4174 2704 4237; x_wconf 90' lang='lat' dir='ltr'><strong>quum</strong></span> <span class='ocrx_word' id='word_1_713' title='bbox 2747 4161 2970 4220; x_wconf 89' lang='lat' dir='ltr'><strong>mente</strong></span> <span class='ocrx_word' id='word_1_714' title='bbox 3028 4154 3202 4238; x_wconf 88' lang='lat' dir='ltr'><strong>capti</strong></span> <span class='ocrx_word' id='word_1_715' title='bbox 3264 4163 3573 4240; x_wconf 87' lang='lat' dir='ltr'><strong>tanquam</strong></span> <span class='ocrx_word' id='word_1_716' title='bbox 3617 4156 3864 4222; x_wconf 91' lang='lat' dir='ltr'><strong>bestiae</strong></span> <span class='ocrx_word' id='word_1_717' title='bbox 3907 4166 4128 4223; x_wconf 89' lang='lat' dir='ltr'><strong>essent</strong></span> <span class='ocrx_word' id='word_1_718' title='bbox 4170 4160 4291 4226; x_wconf 91' lang='lat' dir='ltr'><strong>sub</strong></span> <span class='ocrx_word' id='word_1_719' title='bbox 4337 4160 4455 4226; x_wconf 91' lang='lat' dir='ltr'><strong>ho-</strong></span> 
     </span>
     <span class='ocr_line' id='line_1_104' title="bbox 2500 4240 4450 4330; baseline 0.004 -25"><span class='ocrx_word' id='word_1_720' title='bbox 2500 4241 2758 4306; x_wconf 90' lang='lat' dir='ltr'><strong>minum</strong></span> <span class='ocrx_word' id='word_1_721' title='bbox 2833 4240 3048 4305; x_wconf 89' lang='lat' dir='ltr'><strong>forma</strong></span> <span class='ocrx_word' id='word_1_722' title='bbox 3121 4240 3419 4308; x_wconf 89' lang='lat' dir='ltr'><strong>latentes.</strong></span> <span class='ocrx_word' id='word_1_723' title='bbox 3528 4240 3902 4309; x_wconf 83' lang='lat' dir='ltr'><strong>Senserunt</strong></span> <span class='ocrx_word' id='word_1_724' title='bbox 3975 4263 4132 4328; x_wconf 89' lang='lat' dir='ltr'><strong>ergo</strong></span> <span class='ocrx_word' id='word_1_725' title='bbox 4195 4246 4450 4330; x_wconf 87' lang='lat' dir='ltr'><strong>profani</strong></span> 
     </span>
     <span class='ocr_line' id='line_1_105' title="bbox 2500 4326 4450 4416; baseline 0.004 -24"><span class='ocrx_word' id='word_1_726' title='bbox 2500 4346 2760 4411; x_wconf 91' lang='lat' dir='ltr'><strong>quoque</strong></span> <span class='ocrx_word' id='word_1_727' title='bbox 2804 4326 3136 4406; x_wconf 89' lang='lat' dir='ltr'><strong>homines,</strong></span> <span class='ocrx_word' id='word_1_728' title='bbox 3184 4326 3340 4392; x_wconf 89' lang='lat' dir='ltr'><strong>dum</strong></span> <span class='ocrx_word' id='word_1_729' title='bbox 3394 4328 3833 4395; x_wconf 89' lang='lat' dir='ltr'><strong>coniiciuntur</strong></span> <span class='ocrx_word' id='word_1_730' title='bbox 3885 4330 4068 4412; x_wconf 88' lang='lat' dir='ltr'><strong>impii</strong></span> <span class='ocrx_word' id='word_1_731' title='bbox 4112 4330 4180 4394; x_wconf 92' lang='lat' dir='ltr'><strong>in</strong></span> <span class='ocrx_word' id='word_1_732' title='bbox 4227 4352 4450 4416; x_wconf 85' lang='lat' dir='ltr'><strong>repro·</strong></span> 
     </span>
     <span class='ocr_line' id='line_1_106' title="bbox 2499 4411 4450 4497; baseline 0.002 -17"><span class='ocrx_word' id='word_1_733' title='bbox 2499 4413 2658 4480; x_wconf 91' lang='lat' dir='ltr'><strong>bum</strong></span> <span class='ocrx_word' id='word_1_734' title='bbox 2704 4434 2988 4488; x_wconf 87' lang='lat' dir='ltr'><strong>sensum,</strong></span> <span class='ocrx_word' id='word_1_735' title='bbox 3036 4412 3170 4478; x_wconf 90' lang='lat' dir='ltr'><strong>illic</strong></span> <span class='ocrx_word' id='word_1_736' title='bbox 3206 4411 3431 4480; x_wconf 90' lang='lat' dir='ltr'><strong>Deum</strong></span> <span class='ocrx_word' id='word_1_737' title='bbox 3475 4434 3793 4497; x_wconf 87' lang='lat' dir='ltr'><strong>apparere</strong></span> <span class='ocrx_word' id='word_1_738' title='bbox 3835 4415 4087 4481; x_wconf 90' lang='lat' dir='ltr'><strong>iustum</strong></span> <span class='ocrx_word' id='word_1_739' title='bbox 4130 4417 4450 4484; x_wconf 90' lang='lat' dir='ltr'><strong>scelerum</strong></span> 
     </span>
     <span class='ocr_line' id='line_1_107' title="bbox 2500 4496 4446 4586; baseline 0.002 -22"><span class='ocrx_word' id='word_1_740' title='bbox 2500 4499 2803 4565; x_wconf 88' lang='lat' dir='ltr'><strong>ultorem.</strong></span> <span class='ocrx_word' id='word_1_741' title='bbox 2908 4496 3092 4563; x_wconf 93' lang='lat' dir='ltr'><strong>Idem</strong></span> <span class='ocrx_word' id='word_1_742' title='bbox 3151 4498 3329 4564; x_wconf 87' lang='lat' dir='ltr'><strong>valet</strong></span> <span class='ocrx_word' id='word_1_743' title='bbox 3387 4501 3457 4565; x_wconf 93' lang='lat' dir='ltr'><strong>in</strong></span> <span class='ocrx_word' id='word_1_744' title='bbox 3516 4501 3693 4565; x_wconf 91' lang='lat' dir='ltr'><strong>omni</strong></span> <span class='ocrx_word' id='word_1_745' title='bbox 3760 4509 4055 4585; x_wconf 87' lang='lat' dir='ltr'><strong>stupore:</strong></span> <span class='ocrx_word' id='word_1_746' title='bbox 4111 4503 4264 4586; x_wconf 90' lang='lat' dir='ltr'><strong>quia</strong></span> <span class='ocrx_word' id='word_1_747' title='bbox 4321 4504 4446 4569; x_wconf 91' lang='lat' dir='ltr'><strong>Dei</strong></span> 
     </span>
     <span class='ocr_line' id='line_1_108' title="bbox 2500 4587 4452 4671; baseline 0.003 -20"><span class='ocrx_word' id='word_1_748' title='bbox 2500 4606 2703 4651; x_wconf 89' lang='lat' dir='ltr'><strong>manu</strong></span> <span class='ocrx_word' id='word_1_749' title='bbox 2748 4592 3108 4670; x_wconf 88' lang='lat' dir='ltr'><strong>prostratos</strong></span> <span class='ocrx_word' id='word_1_750' title='bbox 3151 4605 3294 4651; x_wconf 89' lang='lat' dir='ltr'><strong>esse</strong></span> <span class='ocrx_word' id='word_1_751' title='bbox 3337 4595 3585 4653; x_wconf 88' lang='lat' dir='ltr'><strong>certum</strong></span> <span class='ocrx_word' id='word_1_752' title='bbox 3632 4596 3733 4652; x_wconf 90' lang='lat' dir='ltr'><strong>est</strong></span> <span class='ocrx_word' id='word_1_753' title='bbox 3772 4589 3886 4671; x_wconf 89' lang='lat' dir='ltr'><strong>qui</strong></span> <span class='ocrx_word' id='word_1_754' title='bbox 3931 4589 4002 4652; x_wconf 92' lang='lat' dir='ltr'><strong>in</strong></span> <span class='ocrx_word' id='word_1_755' title='bbox 4047 4587 4240 4656; x_wconf 89' lang='lat' dir='ltr'><strong>malis</strong></span> <span class='ocrx_word' id='word_1_756' title='bbox 4284 4597 4452 4656; x_wconf 86' lang='lat' dir='ltr'><strong>atto·</strong></span> 
     </span>
     <span class='ocr_line' id='line_1_109' title="bbox 2497 4671 2897 4737; baseline -0.005 0"><span class='ocrx_word' id='word_1_757' title='bbox 2497 4671 2624 4737; x_wconf 88' lang='lat' dir='ltr'><strong>niti</strong></span> <span class='ocrx_word' id='word_1_758' title='bbox 2666 4671 2897 4737; x_wconf 89' lang='lat' dir='ltr'><strong>iacent.</strong></span> 
     </span>
    </p>
   </div>
   <div class='ocr_carea' id='block_1_9' title="bbox 3011 5012 3921 5082">
    <p class='ocr_par' dir='ltr' id='par_1_13' title="bbox 3011 5012 3921 5082">
     <span class='ocr_line' id='line_1_110' title="bbox 3011 5012 3921 5082; baseline 0 -1"><span class='ocrx_word' id='word_1_759' title='bbox 3011 5014 3145 5081; x_wconf 86' lang='lat' dir='ltr'><strong>EX</strong></span> <span class='ocrx_word' id='word_1_760' title='bbox 3189 5012 3520 5080; x_wconf 83' lang='lat' dir='ltr'><strong>EODEM</strong></span> <span class='ocrx_word' id='word_1_761' title='bbox 3565 5015 3921 5082; x_wconf 81' lang='lat' dir='ltr'><strong>CAPI&#39;PE.</strong></span> 
     </span>
    </p>
   </div>
   <div class='ocr_carea' id='block_1_10' title="bbox 2493 5183 4444 5515">
    <p class='ocr_par' dir='ltr' id='par_1_14' title="bbox 2493 5183 4444 5515">
     <span class='ocr_line' id='line_1_111' title="bbox 2667 5183 4444 5269; baseline 0.002 -16"><span class='ocrx_word' id='word_1_762' title='bbox 2667 5187 2771 5254; x_wconf 87' lang='lat'><strong>30.</strong></span> <span class='ocrx_word' id='word_1_763' title='bbox 2842 5187 3113 5255; x_wconf 76' lang='lat' dir='ltr'><strong>Uxorem</strong></span> <span class='ocrx_word' id='word_1_764' title='bbox 3168 5185 3607 5269; x_wconf 60' lang='lat' dir='ltr'><strong>desponsabisf,</strong></span> <span class='ocrx_word' id='word_1_765' title='bbox 3667 5191 3722 5253; x_wconf 74' lang='lat' dir='ltr'><strong>et</strong></span> <span class='ocrx_word' id='word_1_766' title='bbox 3772 5186 3873 5250; x_wconf 77' lang='lat' dir='ltr'><strong>vir</strong></span> <span class='ocrx_word' id='word_1_767' title='bbox 3937 5183 4111 5252; x_wconf 69' lang='lat' dir='ltr'><strong>alius</strong></span> <span class='ocrx_word' id='word_1_768' title='bbox 4172 5187 4444 5257; x_wconf 60' lang='lat' dir='ltr'><strong>domici</strong></span> 
     </span>
     <span class='ocr_line' id='line_1_112' title="bbox 2493 5270 4440 5356; baseline 0 -15"><span class='ocrx_word' id='word_1_769' title='bbox 2493 5293 2636 5342; x_wconf 80' lang='lat' dir='ltr'><strong>cum</strong></span> <span class='ocrx_word' id='word_1_770' title='bbox 2694 5294 2804 5340; x_wconf 84' lang='lat' dir='ltr'><strong>ea.-</strong></span> <span class='ocrx_word' id='word_1_771' title='bbox 2855 5274 3107 5340; x_wconf 79' lang='lat' dir='ltr'><strong>domum</strong></span> <span class='ocrx_word' id='word_1_772' title='bbox 3157 5273 3553 5356; x_wconf 57' lang='lat' dir='ltr'><strong>aedificabis,</strong></span> <span class='ocrx_word' id='word_1_773' title='bbox 3608 5276 3666 5337; x_wconf 75' lang='lat' dir='ltr'><strong>et</strong></span> <span class='ocrx_word' id='word_1_774' title='bbox 3703 5291 3828 5336; x_wconf 74' lang='lat' dir='ltr'><strong>non</strong></span> <span class='ocrx_word' id='word_1_775' title='bbox 3870 5270 4181 5339; x_wconf 75' lang='lat' dir='ltr'><strong>habitabis</strong></span> <span class='ocrx_word' id='word_1_776' title='bbox 4222 5275 4293 5339; x_wconf 76' lang='lat' dir='ltr'><strong>in</strong></span> <span class='ocrx_word' id='word_1_777' title='bbox 4332 5295 4440 5342; x_wconf 81' lang='lat' dir='ltr'><strong>ea:</strong></span> 
     </span>
     <span class='ocr_line' id='line_1_113' title="bbox 2493 5357 4443 5515; baseline 0.002 -89"><span class='ocrx_word' id='word_1_778' title='bbox 2493 5361 2746 5427; x_wconf 77' lang='lat' dir='ltr'><strong>vineam</strong></span> <span class='ocrx_word' id='word_1_779' title='bbox 2798 5358 3152 5445; x_wconf 71' lang='lat' dir='ltr'><strong>plantabis,</strong></span> <span class='ocrx_word' id='word_1_780' title='bbox 3215 5379 3326 5426; x_wconf 79' lang='lat' dir='ltr'><strong>nec</strong></span> <span class='ocrx_word' id='word_1_781' title='bbox 3386 5357 3800 5427; x_wconf 74' lang='lat' dir='ltr'><strong>vindemiabis</strong></span> <span class='ocrx_word' id='word_1_782' title='bbox 3859 5377 4020 5515; x_wconf 55' lang='lat' dir='ltr'><strong>mma</strong></span> <span class='ocrx_word' id='word_1_783' title='bbox 4127 5358 4229 5426; x_wconf 88' lang='lat'><strong>31.</strong></span> <span class='ocrx_word' id='word_1_784' title='bbox 4297 5360 4443 5431; x_wconf 76' lang='lat' dir='ltr'><strong>Bos</strong></span> 
     </span>
    </p>
   </div>
   <div class='ocr_carea' id='block_1_11' title="bbox 5003 5 5010 1269">
    <p class='ocr_par' dir='ltr' id='par_1_15' title="bbox 5003 5 5010 1269">
     <span class='ocr_line' id='line_1_114' title="bbox 5003 5 5010 1269; baseline 0 0"><span class='ocrx_word' id='word_1_785' title='bbox 5003 5 5010 1269; x_wconf 95' lang='lat' dir='ltr'><strong> </strong></span> 
     </span>
    </p>
   </div>
  </div>
 </body>
</html>
