5017 6142
576 406 705 479 323

577 552 714 664 ridr
771 612 1007 661 sensus
1049 589 1263 675 magis
1306 587 1614 672 probatur
1630 637 1647 668 ,
1700 592 1777 651 ιιι
1818 583 2142 669 propitius
2196 583 2268 682 in
2313 591 2526 682 poste-

578 701 755 833 ffugi
756 698 1041 833 gie-{2113
1044 685 1248 829 segite
1250 675 1505 827 galizia
1480 671 1722 825 {egula-lo
1757 692 1898 750 suo,
1943 668 2323 737 memoriale
2364 665 2531 733 illud

1072 1101 1426 1170 NUMER.
1471 1099 1672 1167 GAP.
1729 1096 2034 1164 XXXII.

760 1277 816 1342 1.
887 1273 1213 1341 Peculium
1262 1292 1405 1339 vero
1456 1271 1721 1336 multum
1779 1274 1914 1335 erat
1960 1268 2120 1350 filiis
2165 1266 2383 1333 Ruben
2397 1317 2415 1344 ,
2476 1271 2534 1332 et

579 1362 740 1446 filiis
808 1360 955 1427 Gad
1016 1359 1281 1424 multum
1343 1357 1709 1423 admodum:
1775 1356 1887 1438 qui
1949 1354 2236 1421 viderunt
2297 1358 2532 1418 terram

584 1450 816 1515 Iaaeer
857 1451 915 1511 et
954 1450 1188 1511 terram
1235 1443 1507 1521 Galaad,
1553 1446 1607 1507 et
1644 1462 1787 1519 ecce,
1824 1442 1994 1507 locus
2034 1440 2143 1507 ille
2186 1443 2326 1504 erat
2364 1438 2533 1504 locus

568 1533 826 1618 peculii.
916 1532 976 1596 2.
1057 1530 1367 1595 Venerunt
1407 1529 1604 1611 iyitur
1652 1528 1778 1608 filii
1827 1526 1973 1592 Gad
2014 1531 2069 1591 et
2120 1524 2248 1607 fibii
2292 1524 2531 1602 Ruben,

582 1625 641 1687 et
695 1619 986 1684 diccerunt
1041 1615 1128 1681 ad
1183 1612 1405 1679 Mosen
1455 1618 1511 1678 et
1552 1612 1833 1678 Eleazar
1883 1611 2255 1678 sacerdotem
2268 1661 2285 1689 ,
2345 1615 2399 1675 et
2446 1609 2533 1674 ad

571 1705 903 1788 principes
936 1699 1442 1785 conyreyationis,
1477 1698 1760 1765 dicendo.-
1804 1697 1864 1762 3.
1910 1695 2195 1776 Ataroth,
2232 1701 2288 1761 et
2319 1694 2534 1762 Dibon

582 1795 641 1856 et
679 1790 931 1868 Iaaecr,
979 1790 1033 1852 et
1071 1784 1349 1850 Nimrali
1390 1788 1444 1848 et
1476 1783 1745 1860 Hesbon,
1790 1788 1845 1848 et
1878 1781 2154 1860 Elatech,
2200 1787 2255 1847 et
2293 1781 2533 1860 Sebam,

585 1881 642 1940 et
688 1873 874 1953 Nebo,
918 1877 975 1938 et
1016 1870 1262 1937 Bebon:
1324 1869 1384 1934 4.
1460 1869 1661 1934 Terra
1712 1889 1901 1951 quam
1932 1868 2244 1952 percussit
2302 1866 2533 1932 Iehova

586 1964 729 2026 ante
746 1958 1263 2042 conqreyationem
1285 1955 1510 2033 lsrael,
1544 1960 1715 2020 terra
1728 1955 1961 2037 peculii
1982 1960 2087 2031 est,
2111 1959 2165 2019 et
2183 1954 2386 2019 servis
2404 1953 2537 2018 tuis

589 2050 683 2111 est
707 2044 1042 2126 peculium.
1108 2041 1168 2107 5.
1199 2040 1553 2119 Dixerunt,
1584 2041 1864 2123 inqum,
1904 2042 1965 2105 si
2000 2040 2352 2105 invenimus
2379 2059 2532 2122 yra-

588 2132 747 2197 tiam
778 2130 847 2194 in
881 2128 1074 2195 oculis
1106 2129 1254 2203 tuis,
1295 2127 1475 2192 detur
1508 2131 1679 2191 terra
1719 2125 1866 2191 haec
1898 2126 2098 2190 servis
2132 2127 2259 2190 tuis
2293 2126 2366 2189 in
2388 2143 2536 2207 pos-

589 2217 953 2282 sessionem:
1006 2234 1083 2279 ne
1122 2214 1397 2278 transire
1438 2232 1551 2277 nos
1589 2210 1801 2293 facias
1846 2211 2195 2277 Iordanem.
2283 2210 2342 2275 6.
2412 2209 2555 2275 Re:

590 2301 843 2383 spondit
883 2305 1091 2364 autem
1126 2298 1340 2364 Moses
1378 2296 1540 2379 filiis
1578 2296 1727 2363 Gad
1768 2302 1825 2362 et
1860 2296 2113 2362 Ruben:
2181 2295 2356 2362 Num
2395 2296 2535 2377 fra-

592 2392 717 2452 tres
758 2386 948 2451 vestri
988 2385 1414 2468 inpredientwr
1436 2403 1739 2466 pugnam,
1784 2386 1837 2447 et
1878 2402 1986 2446 vos
2025 2383 2351 2448 manebitis
2391 2380 2539 2446 hic?

597 2472 657 2536 7.
716 2470 805 2536 Et
858 2491 1053 2553 quare
1092 2470 1402 2553 franyetis
1454 2488 1557 2535 cor
1595 2467 1872 2548 filiorum
1918 2468 2153 2546 Israel,
2212 2487 2288 2533 ne
2330 2471 2538 2532 trans-

593 2562 737 2623 eant
800 2557 885 2622 ad
961 2562 1199 2621 terram
1276 2574 1464 2635 quam
1527 2554 1695 2618 dedit
1757 2554 1847 2617 eis
1915 2552 2193 2619 Iehova?
2303 2553 2360 2617 8.
2430 2550 2540 2617 Sic

589 2643 865 2725 fecerunt
888 2647 1107 2724 patres
1138 2641 1330 2706 vestri
1362 2639 1610 2722 quando
1644 2639 1795 2704 misi
1822 2658 1923 2703 eos
1955 2639 2031 2704 de
2056 2637 2541 2705 Gades-Barnea

594 2733 664 2793 ut
724 2728 1001 2793 viderent
1060 2732 1295 2791 terram
1358 2727 1563 2789 istam.
1653 2723 1711 2788 9.
1782 2724 2204 2790 Ascenderunt
2268 2742 2540 2805 namque

594 2833 791 2896 usque
845 2813 932 2879 ad
985 2811 1210 2876 vallem
1253 2809 1511 2889 Eschol,
1568 2810 1966 2892 videruntque
2019 2815 2278 2890 terram,
2322 2813 2543 2892 postea

591 2898 913 2981 fregerunt
955 2917 1059 2963 cor
1096 2897 1376 2979 filiorum
1416 2894 1649 2971 Israel,
1692 2915 1767 2959 ne
1806 2895 2270 2979 inyrederentur
2310 2900 2543 2961 terram

597 3004 788 3066 quam
830 2982 1083 3048 dederat
1123 2983 1218 3047 eis
1260 2980 1507 3047 Iehova.
1600 2979 1700 3045 10.
1784 2979 1954 3046 Unde
1997 2981 2170 3047 irata
2214 2982 2544 3047 excandes-

596 3071 801 3134 centia
846 3067 1111 3133 Iehovae
1168 3068 1239 3131 in
1292 3067 1395 3132 die
1447 3064 1594 3145 illa,
1651 3067 1917 3145 iuravit,
1969 3067 2249 3133 dicendo.-
2316 3066 2414 3130 11.
2467 3065 2543 3131 Si

596 3154 885 3220 videbunt
927 3153 1205 3218 homines
1246 3153 1358 3234 qui
1403 3151 1803 3217 ascenderunt
1844 3172 1921 3216 ex
1964 3151 2272 3235 Aeyypto,
2330 3173 2372 3217 a
2409 3151 2543 3232 fiilio

597 3240 823 3323 viqinti
842 3258 1150 3303 annorum
1166 3243 1221 3303 et
1233 3258 1450 3318 supra,
1473 3241 1704 3302 terram
1725 3237 1800 3302 de
1821 3257 1949 3319 qua
1969 3239 2183 3303 iuravi
2196 3237 2542 3319 Abraham,

599 3325 792 3391 Isaac
846 3331 902 3390 et
944 3322 1160 3389 Iacob.-
1212 3326 1365 3405 quia
1416 3343 1539 3390 non
1585 3323 2030 3406 compleverunt
2079 3325 2176 3390 ire
2213 3330 2363 3406 post
2418 3344 2545 3389 me.-

604 3410 705 3475 12.
760 3407 1018 3475 Praeter
1056 3408 1239 3475 Galeb
1268 3408 1476 3490 filium
1511 3408 1789 3491 Iephune
1827 3407 2218 3490 Cenezaeum,
2263 3414 2319 3476 et
2352 3409 2546 3476 Iosue

595 3496 800 3579 filium
869 3495 1022 3561 Nun
1042 3545 1058 3575 ,
1136 3496 1290 3577 quia
1362 3495 1812 3575 compleverunt
1871 3495 1965 3560 ire
2017 3500 2165 3578 post
2230 3494 2541 3562 Iehovam.

604 3582 704 3648 13.
772 3581 862 3647 Et
900 3582 1072 3647 irata
1121 3586 1211 3646 est
1260 3580 1763 3646 excandescentia
1806 3579 2069 3647 Iehovae
2110 3582 2179 3645 in
2223 3579 2543 3662 Israelem,

599 3666 1254 3821 ”mmmmm
1286 3666 2547 3836 Z‘zadejffiaiiffdfflmssgssffiniffl

604 3842 676 3906 in
737 3838 933 3906 ocutis
988 3837 1269 3936 Iehovae.
1362 3836 1481 3936 14..
1529 3832 1686 3903 Ecce
1727 3843 1955 3937 ‘autem
2008 3841 2380 3905 surrexistis
2421 3861 2547 3922 pro

604 4012 918 4078 adderetis
937 3947 1144 4076 ²‹idhuc
1170 3975 1263 4075 'ad
1296 3923 2305 4109 iramzfcohfflezsssstigssdlffhovae
2322 3931 2549 4078 &optat

601 4095 923 4163 Israelem.
1015 4095 1115 4161 15.
1189 4094 1265 4160 Si
1327 4116 1531 4160 aversi
1589 4094 1844 4177 fuemtis
1905 4100 1975 4161 ut
2026 4116 2146 4161 non
2202 4098 2361 4164 eatis
2401 4101 2548 4179 post

599 4202 760 4263 euin,
800 4189 932 4248 tum
966 4183 1146 4247 addet
1178 4180 1380 4247 adhuc
1411 4181 1687 4247 deserere
1729 4181 1914 4247 illum
1945 4183 2156 4264 ipsum
2190 4184 2258 4247 in
2294 4184 2544 4263 deserte,

599 4274 658 4336 et
686 4269 965 4351 perdetis
996 4270 1355 4333 universum
1384 4267 1692 4349 populum
1733 4267 1910 4335 hunc.

778 4441 835 4506 1.
909 4437 1233 4505 Peculium
1288 4457 1448 4503 ver0.
1535 4437 1619 4503 In
1665 4439 1788 4506 hae
1833 4439 2103 4504 historia
2164 4461 2296 4504 non
2356 4461 2544 4506 secus

603 4536 796 4611 atque
838 4528 907 4591 in
952 4524 1212 4609 speculo
1256 4524 1714 4608 perspicimus,
1771 4524 1928 4590 dum
1973 4526 2242 4609 quisque
2285 4525 2368 4591 ad
2412 4527 2545 4609 pri-

607 4622 832 4680 vatum
868 4608 1276 4679 commodum
1321 4610 1520 4675 nimis
1565 4618 1853 4677 attentus
1888 4620 2004 4690 est,
2049 4611 2345 4678 oblivisci
2389 4611 2544 4696 quid

604 4707 858 4766 rectum
921 4706 1113 4780 atque
1178 4716 1455 4780 aequum
1521 4695 1624 4761 sit.
1715 4696 1863 4761 Non
1920 4704 2229 4780 reputant
2280 4698 2543 4782 quidem

605 4786 717 4869 qui
774 4805 893 4852 sua
946 4789 1302 4867 quaerunt,
1360 4803 1428 4846 se
1484 4780 1627 4849 aliis
1686 4802 1828 4847 esse
1884 4783 2185 4849 iniurios:
2244 4783 2358 4850 sed
2405 4783 2547 4850 fieri

607 4893 739 4939 non
782 4877 997 4956 potest
1034 4870 1195 4952 quin
1237 4868 1384 4952 plus
1428 4875 1742 4950 appetant
1783 4889 1975 4950 quam
2021 4889 2141 4951 par
2184 4869 2301 4948 sit,
2347 4890 2545 4954 seque

608 4957 756 5023 aliis
799 4956 1215 5040 praeferunt,
1257 4950 1426 5036 quod
1475 4961 1725 5037 pugnat
1773 4974 1923 5020 cum
1962 4954 2191 5038 regula
2232 4954 2549 5035 caritatis,

608 5064 692 5109 ne
737 5060 1128 5126 quaeramus
1171 5059 1337 5122 quae
1395 5046 1621 5104 nostra
1663 5050 1838 5105 sunt.
1924 5039 2173 5105 Vident
2216 5039 2333 5106 filii
2378 5041 2549 5122 Gad,

609 5140 679 5193 et
737 5127 851 5192 filii
905 5127 1149 5193 Ruben
1204 5124 1439 5209 quibus
1498 5130 1641 5189 erat
1696 5145 1938 5208 magna
1992 5146 2297 5210 pecorum
2348 5127 2549 5212 copia,

608 5212 891 5278 fertilem
936 5233 1163 5297 agrum
1212 5221 1277 5276 et
1321 5211 1643 5295 opimum:
1690 5210 1937 5276 utilitas
1978 5231 2086 5277 eos
2129 5212 2318 5295 rapit,
2364 5224 2435 5278 ut
2477 5216 2549 5279 in

610 5308 897 5363 mentem
957 5320 1086 5363 non
1136 5297 1353 5362 veniat
1397 5317 1469 5362 se
1509 5294 1823 5361 fratribus
1870 5318 2012 5363 esse
2047 5294 2419 5378 obstrictos,
2469 5322 2550 5367 ne

1989 390 2399 462 REDITUS
2447 392 2575 459 AD
2621 391 3166 462 HISTORIAM.

4451 387 4575 454 324

2677 581 2792 647 nid
2869 579 3197 665 peculiare
3273 584 3619 663 appetant,
3699 584 3768 642 et
3832 576 3914 642 ab
3976 575 4110 642 illis
4179 590 4571 660 separatum.

2633 603 2986 751 gpeciosus
3071 666 3323 731 interea
3407 663 3583 731 color
3667 659 4096 729 obiiciebatur
4173 663 4285 746 qui
4362 662 4576 730 oculos

2633 751 3136 838 perstringeret:
3199 750 3369 817 Aliis
3410 749 3586 815 nihil
3627 746 3914 827 detrahi,
3973 749 4132 831 quin
4175 748 4393 832 potius
4437 758 4576 814 tan-

2634 837 2905 906 tundem
2950 855 3351 904 accrescere:
3396 836 3551 920 quia
3592 833 3715 901 hoc
3757 832 3950 900 modo
3995 841 4130 899 tota
4172 835 4354 919 regio
4396 846 4578 901 trans

2633 924 2983 991 Iordanem
3058 922 3188 989 illis
3275 923 3535 1006 integra
3628 920 3967 986 manebat:
4053 918 4291 986 deinde
4375 921 4578 988 levari

2633 1011 2851 1095 potius
2902 1009 3197 1075 molestia
3256 1028 3451 1091 quam
3510 1005 3755 1090 aliquid
3795 1006 4008 1071 facere
4051 1004 4374 1073 iacturae:
4432 1008 4580 1091 quia

2634 1095 2961 1181 expeditio
3041 1096 3261 1160 minus
3338 1093 3565 1160 futura
3643 1099 3785 1158 erat
3851 1090 4163 1173 difficilis,
4240 1093 4298 1159 si
4362 1093 4572 1174 turba,

2633 1203 2800 1266 quae
2843 1179 3184 1266 pecoribus
3234 1187 3469 1245 onusta
3525 1188 3692 1255 erat,
3751 1176 4147 1256 subsideret,
4206 1198 4328 1244 nec
4369 1199 4579 1244 remo-

2632 1289 2778 1334 ram
2820 1267 3117 1334 iniiceret
3173 1264 3492 1332 exercitui
3549 1263 3760 1348 magis
3802 1262 4051 1343 soluto,
4113 1271 4177 1328 et
4229 1263 4312 1329 ad
4354 1286 4579 1349 prope-

2634 1353 2912 1419 randum
2996 1352 3304 1419 accincto.
3393 1350 3603 1434 Atqui
3684 1348 3837 1414 belli
3912 1349 4185 1415 societas
4264 1349 4579 1417 divinitus

2634 1439 2888 1506 sancita
2907 1491 2924 1519 ,
2981 1459 3093 1504 eos
3134 1436 3470 1504 insolubili
3514 1435 3774 1503 vinculo
3817 1435 4086 1501 tenebat
4126 1436 4456 1516 astrictos,
4498 1456 4581 1502 ne

2633 1526 2956 1609 reliquum
2999 1524 3313 1609 populum
3375 1522 3768 1589 desererent.
3856 1521 4115 1607 Religio
4177 1523 4378 1588 etiam
4419 1531 4576 1604 erat,

2634 1611 2950 1677 terminos
3034 1609 3456 1675 haereditatis
3523 1630 3562 1673 a
3626 1607 3770 1673 Deo
3850 1608 4212 1691 promissae
4295 1628 4576 1674 movere.

2633 1697 2962 1764 Universo
3006 1695 3235 1780 generi
3278 1692 3586 1761 Abrahae
3631 1693 3966 1778 assignata
4008 1707 4150 1759 erat
4194 1701 4371 1759 terra
4415 1693 4580 1759 Cha-

2635 1804 2829 1862 naan,
2873 1782 2945 1847 in
2989 1801 3117 1865 qua
3158 1780 3417 1859 inclusi,
3458 1779 3649 1862 quasi
3692 1778 4085 1863 peculiarem
4133 1778 4360 1845 nidum
4404 1779 4580 1846 inco·

2636 1870 2867 1934 lerent.
2926 1867 2991 1934 Ν
2993 1887 3122 1932 une
3158 1866 3536 1932 transiliunt
3577 1864 3790 1931 tribus
3836 1864 3985 1930 Gad
4031 1874 4098 1930 et
4139 1865 4377 1931 Ruben
4422 1868 4582 1932 fines

2635 1954 2817 2031 illos,
2875 1961 2943 2020 et
2981 1951 3182 2018 simul
3224 1972 3264 2017 a
3305 1971 3572 2034 corpore
3616 1951 3925 2017 ecclesiae
3968 1971 4039 2015 se
4097 1950 4452 2031 divellunt,
4511 1972 4583 2019 ao

2639 2040 2695 2106 si
2741 2039 2986 2106 vellent
3028 2060 3068 2104 a
3110 2039 3255 2104 Deo
3299 2036 3718 2120 emancipari.
3776 2036 3924 2118 Quo
3967 2036 4182 2121 magis
4216 2038 4580 2103 cavendum

2640 2135 2742 2192 est
2784 2146 2869 2189 ne
2904 2132 3051 2208 post
3091 2138 3351 2190 nostras
3394 2122 3782 2205 cupiditates
3839 2142 4168 2205 vagemur.
4257 2124 4348 2188 Et
4383 2145 4580 2208 quum

2641 2212 2799 2277 dicit
2862 2210 3083 2276 Moses
3138 2230 3247 2276 eos
3312 2208 3586 2289 vidisse,
3650 2208 3752 2274 vel
3821 2209 4261 2275 considerasse
4318 2219 4580 2289 terram,

2640 2318 2871 2365 cavere
2916 2296 3243 2362 discamus
3278 2317 3361 2360 ne
3396 2294 3567 2361 oculi
3606 2295 3816 2359 nostri
3852 2294 4081 2359 illicito
4125 2303 4394 2379 aspectu
4431 2314 4583 2363 con-

2640 2383 2920 2468 spiciant
2941 2400 3286 2466 perversas
3306 2378 3643 2447 illecebras
3664 2379 3747 2445 ad
3772 2380 4244 2447 excaecandam
4269 2390 4581 2447 mentem:

2639 2468 2872 2535 deinde
2931 2488 3162 2534 sensus
3205 2478 3534 2533 venenata
3582 2463 3925 2533 dulcedine
3968 2467 4062 2532 sie
4105 2466 4458 2547 fallendos,
4514 2475 4583 2532 ut

2643 2555 2879 2621 obruta
2919 2554 3130 2621 iaceat
3173 2554 3465 2636 aequitas
3509 2560 3574 2617 et
3618 2554 3803 2617 ratio.
3894 2552 4152 2617 Nomen
4208 2552 4585 2619 hebraicum

2642 2662 2761 2725 pro
2827 2660 2954 2723 quo
3021 2640 3347 2723 peculium
3414 2636 3849 2715 reddidimus,
3916 2658 4047 2703 non
4106 2637 4296 2703 modo
4356 2659 4586 2722 pecora

2642 2738 2709 2794 et
2771 2733 3102 2805 armenta,
3180 2722 3293 2791 sed
3361 2723 3558 2790 etiam
3638 2744 3872 2808 greges
3954 2724 4175 2789 ovium
4241 2726 4584 2808 significat.

2642 2815 2855 2879 Erant
2913 2809 3171 2896 quidem
3229 2810 3364 2876 fere
3421 2829 3648 2874 omnes
3699 2809 4040 2875 Israelitae
4095 2811 4411 2894 pecuarii:
4477 2809 4586 2877 sed

2645 2921 2731 2965 ex
2775 2898 2993 2966 verbis
3037 2898 3243 2963 Mosis
3287 2894 3677 2979 colligimus,
3724 2895 3886 2961 duas
3931 2896 4094 2961 istas
4130 2896 4338 2962 tribus
4385 2895 4584 2962 abun-

2647 2985 2833 3050 dasse
2875 3003 3183 3066 pecorum
3240 2979 3697 3047 multitudine:
3756 2982 3925 3047 forte
3968 2981 4125 3064 quia
4172 2982 4352 3066 regio
4398 3003 4587 3066 quam

2643 3070 3029 3136 habitabant
3090 3074 3160 3134 in
3227 3072 3532 3151 Aegypto
3588 3067 3671 3132 ad
3735 3065 4133 3150 pascendum
4200 3069 4589 3134 commodior

2645 3177 2756 3222 eos
2815 3157 3233 3233 incitaverat,
3305 3162 3381 3218 ut
3440 3154 3614 3218 vitae
3686 3174 3896 3237 genus
3970 3152 4213 3236 alioqui
4289 3154 4586 3220 omnibus

2643 3263 3019 3320 commune,
3062 3251 3130 3306 et
3172 3261 3213 3304 a
3257 3240 3549 3323 patribus
3592 3249 3959 3323 acceptum,
4004 3239 4306 3324 cupidius
4350 3241 4587 3306 retine·

2644 3337 2822 3394 rent:
2880 3348 3090 3410 neque
3125 3326 3301 3391 enim
3348 3322 3678 3409 probabile
3728 3334 3826 3391 est
3867 3327 3936 3391 in
3974 3325 4206 3391 itinere
4255 3327 4347 3391 ita
4395 3328 4587 3393 fuisso

2640 3435 2799 3498 prae
2841 3413 2986 3478 aliis
3029 3419 3273 3478 auctos.

2816 3500 2877 3565 2.
2950 3496 3258 3564 Venerunt
3297 3497 3494 3582 iyitur
3533 3497 3661 3579 filii
3710 3498 3873 3565 Gad.
3942 3497 4171 3581 Aequa
4204 3498 4277 3563 in
4313 3498 4589 3582 speciem

2645 3585 3032 3668 postulatio,
3112 3604 3314 3666 quum
3377 3592 3595 3649 terrae
3673 3585 3918 3651 incolas
3999 3583 4326 3667 expulerit
4391 3585 4587 3662 Deus,

2645 3671 2950 3737 fertilitas
3010 3678 3230 3735 autem
3288 3670 3464 3753 ipsos
3520 3670 3602 3734 ad
3645 3669 4075 3735 habitandum
4132 3672 4402 3748 invitet,
4464 3692 4587 3736 non

2648 3778 2789 3823 esse
2835 3753 3213 3841 negandum
3231 3806 3246 3832 ,
3307 3762 3382 3820 ut
3439 3774 3674 3821 vacuos
3719 3764 3785 3821 et
3829 3755 4116 3822 desertos
4160 3777 4350 3840 agros
4396 3756 4588 3840 possi-

2648 3842 2879 3908 deant:
2937 3839 3263 3907 laudanda
3318 3841 3511 3906 etiam
3573 3840 3918 3921 modestia,
3976 3841 4148 3925 quod
4197 3862 4411 3924 neque
4462 3841 4586 3908 dis·

2646 3929 3002 3993 cessionem
3071 3925 3319 3992 faciunt
3374 3947 3412 3991 a
3471 3927 3737 4010 popule,
3809 3948 4023 4011 neque
4090 3927 4586 4007 tumultuantur,

2650 4035 2862 4097 neque
2937 4012 3260 4079 violenter
3337 4012 3478 4078 loca
3553 4013 3674 4078 sibi
3755 4013 3946 4079 utilia
4031 4024 4390 4097 occupant:
4477 4013 4588 4080 sed

2647 4100 2854 4166 Mosis
2897 4107 2963 4163 et
3005 4099 3332 4163 seniorum
3389 4100 3715 4182 permissu
3753 4097 3822 4164 id
3866 4099 3992 4165 sibi
4049 4099 4242 4165 licere
4299 4101 4585 4183 cupiunt,

2646 4207 2722 4252 ae
2797 4186 2854 4251 si
2919 4203 3184 4248 oausam
3264 4205 3450 4249 suam
3530 4184 3921 4251 subiicerent
3997 4204 4224 4250 eorum
4304 4186 4589 4253 arbitrio.

2650 4270 2785 4339 Sed
2837 4268 3409 4357 (quemadmodum
3467 4290 3677 4352 nuper
3734 4268 3895 4357 dixi)
3949 4271 4005 4336 si
4058 4272 4311 4337 animos
4371 4294 4591 4338 eorum

2649 4364 3087 4441 occupaverat
3137 4355 3394 4439 privata
3458 4357 3742 4436 utilitas,
3809 4369 3881 4421 ut
3937 4355 4108 4441 quod
4175 4358 4589 4441 praecipuum

2649 4451 2793 4509 erat
2857 4463 2989 4507 non
3054 4448 3455 4507 occurreret:
3524 4463 3755 4524 nempe
3819 4443 4124 4509 omnibus
4189 4447 4585 4526 propositam

2652 4550 2793 4596 esse
2839 4537 3080 4593 terram
3127 4526 3479 4605 Chanaan,
3536 4540 3608 4593 ut
3647 4527 3781 4594 illic
3840 4529 4035 4594 simul
4086 4529 4494 4603 habitarent,
4552 4548 4589 4592 a

2650 4615 2938 4698 profanis
2973 4613 3277 4696 gentibus
3311 4615 3611 4697 separati,
3657 4612 3892 4680 deinde
3932 4615 4249 4680 iniustum
4286 4636 4427 4682 esse
4464 4635 4587 4680 non

2650 4700 2842 4767 modo
2906 4701 3081 4783 ipsos
3146 4699 3279 4765 otio
3352 4700 3630 4783 perfrui,
3712 4700 3860 4765 aliis
3933 4701 4396 4782 militantibus,
4479 4699 4587 4767 sed

2652 4789 2848 4852 etiam
2910 4787 3241 4868 quiescere
3291 4786 3360 4849 in
3405 4793 3582 4851 certa
3633 4786 3787 4851 sede
3830 4793 3898 4851 et
3949 4786 4334 4870 tranquilla,
4390 4808 4588 4872 quum

2653 4873 2873 4940 decem
2920 4869 3128 4937 tribus
3163 4870 3247 4936 ad
3290 4879 3533 4937 terram
3575 4871 3794 4956 gladio
3837 4871 4343 4957 conquirendam
4379 4873 4594 4940 adhuc

2651 4964 3017 5043 pergerent.

2823 5044 2883 5109 6.
2953 5041 3296 5126 Respondit
3337 5048 3544 5111 autem
3587 5041 3813 5109 Moses.
3902 5043 4067 5109 Tam
4110 5044 4277 5109 acris
4318 5049 4386 5110 et
4428 5042 4590 5110 dura

2652 5129 3014 5215 obiurgatio
3069 5127 3227 5194 mali
3290 5130 3682 5214 gravitatem
3739 5128 4043 5196 ostendit.
4133 5128 4359 5213 Neque
4419 5131 4590 5196 enim

2652 5217 2885 5282 Mosen
2942 5214 3462 5282 inconsideratus
3531 5216 3748 5281 fervor
3805 5214 4224 5299 praecipitem
4289 5216 4453 5300 egit,
4517 5225 4592 5282 ut

2654 5309 2999 5385 tantopere
3056 5300 3587 5381 excandesceret,
3648 5320 3857 5384 neque
3914 5319 4137 5367 errore
4194 5301 4416 5386 lapsus
4474 5312 4590 5381 est,
