5017 6142
522 413 622 479 75
1941 405 2350 476 REDITUS
2400 407 2528 473 AD
2572 406 3125 476 HISTORIAM.
4453 410 4536 477 76

530 601 850 687 expendit
907 599 1239 685 apostolus
1298 598 1378 663 ad
1424 598 1765 665 Hebraeos
1822 598 1908 686 (9,
1958 598 2084 686 19),
2144 598 2261 664 ubi
2320 597 2482 665 dicit

534 692 764 755 Mosen
824 698 970 771 post
1026 686 1238 770 legem
1293 686 1663 768 expositam
1710 684 1952 752 librum
1999 694 2066 749 et
2111 691 2319 750 totum
2366 704 2479 767 po·

535 777 763 859 pulum
811 771 1133 857 sanguine
1177 771 1552 856 aspersisse.
1645 771 1791 837 Etsi
1851 782 2071 836 autem
2132 770 2312 835 nulla
2372 770 2480 836 hie

535 862 685 927 libri
743 861 820 925 fit
869 859 1148 935 mentio,
1207 876 1338 922 non
1400 865 1647 922 temere
1707 857 2041 941 apostolus
2099 859 2219 922 sub
2287 854 2480 920 altari

534 955 845 1012 recenset.
938 942 1193 1009 Deinde
1238 943 1519 1008 alterum
1566 964 1774 1027 genus
1818 943 2152 1021 sacrificii,
2213 940 2293 1006 de
2350 962 2479 1023 quo

533 1034 603 1099 in
626 1031 936 1098 Numeris
970 1028 1100 1117 (19,
1143 1028 1211 1116 5)
1248 1030 1484 1113 agitur,
1530 1028 1727 1094 simul
1764 1029 2057 1113 attingit:
2105 1038 2299 1111 atque
2332 1025 2478 1091 ideo

534 1121 755 1184 lanam
780 1117 1146 1184 coccineam
1170 1124 1236 1181 et
1257 1115 1619 1199 hyssopum
1654 1124 2138 1181 commemorat.
2201 1112 2479 1180 Summa

534 1215 654 1284 est,
702 1204 1094 1288 sanguinem
1135 1200 1340 1266 fuisse
1377 1201 1567 1284 quasi
1601 1200 2084 1276 intermedium,
2128 1206 2207 1263 ut
2251 1197 2479 1264 foedus

535 1294 796 1357 firmum
857 1301 1027 1356 esset
1084 1308 1158 1354 ae
1214 1286 1469 1353 stabile:
1549 1286 1701 1369 quia
1759 1285 2030 1351 dimidia
2085 1292 2269 1369 parte
2328 1284 2476 1348 irri-

531 1388 761 1462 gatum
806 1374 930 1440 fuit
974 1374 1179 1439 altare
1198 1425 1212 1452 ,
1275 1372 1459 1456 quasi
1515 1392 1700 1437 saera
1744 1370 1874 1438 Dei
1918 1371 2136 1437 sedes:
2184 1369 2475 1453 aspersio

535 1462 772 1529 deinde
831 1459 1129 1526 residuae
1189 1458 1394 1542 partis
1448 1457 1624 1524 facta
1689 1458 1811 1523 fuit
1873 1479 1951 1523 su
1998 1479 2070 1521 er
2135 1457 2471 1540 populum.

532 1547 729 1616 Unde
796 1546 1160 1630 colligimus
1226 1542 1452 1610 foedus
1516 1546 1840 1629 gratuitae
1900 1565 1938 1609 a
1985 1543 2267 1626 optionis
2326 1562 2472 1625 per-

532 1655 796 1702 cussum
844 1632 1045 1698 fuisse
1089 1630 1234 1698 cum
1285 1630 1491 1695 veteri
1532 1629 1772 1713 populo
1819 1630 1887 1694 in
1928 1629 2204 1695 salutem
2265 1637 2474 1693 aeter·

535 1740 719 1786 nam:
791 1720 941 1802 quia
999 1718 1249 1783 Christi
1316 1717 1639 1801 sanguine
1704 1715 1826 1781 sub
1882 1715 2119 1779 umbra
2182 1722 2250 1778 et
2311 1723 2473 1797 typo

533 1808 949 1891 obsignatum
995 1805 1139 1869 fuit.
1222 1802 1413 1884 Quod
1458 1802 1512 1866 si
1559 1802 1721 1867 haec
1765 1800 2062 1866 doctrina
2105 1798 2318 1885 viguit
2351 1798 2473 1864 sub

534 1891 709 1977 lege,
771 1891 974 1956 multo
1032 1890 1241 1973 magis
1297 1887 1490 1953 hodie
1548 1886 1720 1972 apud
1764 1907 1882 1953 666
1926 1887 2141 1951 locum
2183 1885 2476 1951 obtineat

536 2000 800 2045 necesse
863 1990 981 2042 est.
1092 1976 1323 2059 116666
1396 1982 1469 2039 61
1534 1972 1664 2038 Dei
1744 1971 2287 2056 promissionibus
2356 1991 2475 2035 sua

532 2071 795 2131 constet
840 2065 939 2128 vis
983 2081 1055 2126 ac
1102 2059 1443 2140 certitud0,
1487 2080 1746 2144 semper
1788 2058 1950 2125 11666
1992 2057 2362 2141 obsignatio
2404 2056 2474 2120 in

536 2150 825 2216 medium
871 2148 1125 2214 veniat:
1172 2167 1246 2214 ac
1282 2146 1772 2211 meminerimus
1794 2144 2049 2211 Christi
2087 2144 2474 2227 sanguinem

534 2236 680 2302 ideo
725 2235 925 2301 semel
968 2234 1191 2300 fusum
1237 2240 1311 2297 ut
1355 2231 1607 2309 foedus,
1655 2251 1782 2315 6116
1828 2251 2141 2297 vocamur
2181 2230 2247 2293 in
2292 2248 2475 2311 spem

535 2322 726 2408 regni
770 2320 1099 2398 coelestis,
1165 2316 1465 2385 cordibus
1526 2317 1766 2383 nostris
1819 2316 2234 2398 insculperet.
2327 2313 2477 2395 Qua

536 2410 787 2474 ratione
808 2406 1111 2473 Christus
1145 2406 1214 2468 in
1254 2424 1456 2470 coena
1498 2403 1884 2486 sanguinem
1931 2422 2119 2467 suum
2166 2411 2474 2482 tanquam

536 2494 828 2579 sigillum
875 2494 1030 2558 novi
1091 2489 1366 2557 foederis
1425 2487 1869 2554 commendat:
1924 2489 2056 2555 imo
2110 2486 2361 2571 quoties
2403 2485 2475 2548 in

535 2601 774 2645 manus
808 2579 1128 2644 sumimus
1163 2596 1382 2642 saeros
1418 2575 1635 2653 libros,
1684 2574 1873 2640 debet
1908 2573 2096 2639 nobis
2139 2592 2479 2638 occurrere

537 2664 810 2749 sanguis
855 2664 1124 2744 Christi,
1169 2684 1243 2728 ae
1280 2663 1335 2726 si
1379 2682 1455 2727 eo
1499 2661 1743 2743 scripta
1785 2667 1958 2725 esset
2001 2666 2139 2723 tota
2180 2657 2476 2724 coelestis

537 2751 854 2818 doctrina.
941 2750 1171 2832 Neque
1217 2748 1393 2813 enim
1437 2746 1707 2812 dubium
1755 2747 1911 2830 quin
1958 2744 2263 2810 Christus
2305 2744 2475 2808 veri-

536 2847 771 2911 tatem,
838 2857 1002 2920 quae
1046 2836 1116 2900 in
1162 2836 1302 2918 ipso
1346 2831 1639 2898 exhibita
1684 2831 1833 2913 fuit,
1876 2833 2129 2916 figurae
2171 2838 2475 2914 opponat.

538 2924 688 3005 Quo
733 2923 931 2988 etiam
976 2921 1261 3004 pertinet
1304 2919 1417 2983 illa
1458 2938 1651 3002 quam
1697 2938 1908 3001 nuper
1949 2917 2147 2982 citavi
2200 2915 2477 2999 apostoli

538 3009 913 3076 admonitio.
1024 3007 1233 3072 Porro
1303 3005 1505 3070 series
1571 3003 1810 3088 agendi
1876 3001 2063 3068 nobis
2130 3001 2478 3089 diligenter

536 3095 826 3160 notanda
867 3101 985 3159 est.
1054 3092 1281 3158 Primo
1326 3091 1501 3156 enim
1545 3098 1828 3155 testatur
1865 3090 2082 3155 Moses
2126 3088 2366 3153 librum
2406 3107 2479 3151 se

535 3181 774 3265 legisse
799 3200 1011 3246 eoram
1052 3177 1318 3264 populo:
1358 3175 1593 3242 deinde
1627 3176 1947 3260 adiungit,
1985 3174 2224 3258 populo
2258 3175 2475 3258 ipsum

536 3267 913 3350 amplexum
959 3265 1158 3331 fuisse
1203 3263 1330 3328 Dei
1373 3263 1597 3328 foedus
1639 3262 1766 3328 sibi
1811 3262 2232 3344 propositum.
2322 3260 2479 3324 Pos-

538 3363 748 3418 tremo
790 3352 1007 3429 refert,
1053 3351 1164 3416 ubi
1209 3348 1642 3415 obedientiam
1682 3349 2012 3433 professus
2047 3354 2147 3410 est
2183 3345 2476 3430 populus,

538 3460 609 3504 66
653 3438 969 3522 sparsisse
1029 3437 1419 3520 sanguinem
1481 3455 1610 3500 666
1663 3437 1805 3500 6166
1848 3433 2218 3499 testimonio
2261 3443 2328 3497 et
2373 3451 2478 3497 so-

538 3546 703 3589 nora
747 3543 920 3589 voce.
996 3522 1132 3604 Qui
1176 3530 1521 3588 contextus
1565 3519 1748 3585 nobis
1792 3518 2078 3585 ostendit
2124 3517 2479 3603 genuinam

539 3630 891 3692 veramque
936 3624 1240 3673 naturam
1285 3614 1871 3683 sacramentorum,
1933 3625 2065 3671 una
2107 3623 2254 3670 cum
2302 3614 2480 3670 recto

536 3716 830 3780 puroque
878 3717 1016 3760 usu.
1106 3693 1252 3759 Nisi
1296 3693 1472 3757 enim
1518 3691 1865 3774 praecedat
1921 3691 2256 3770 doctrina,
2311 3710 2480 3773 quae

537 3783 623 3848 sit
681 3789 943 3847 mutuae
1005 3781 1177 3846 inter
1236 3778 1454 3844 Deum
1510 3787 1579 3842 et
1636 3777 1936 3842 homines
2002 3777 2480 3842 coniunctionis

536 3869 905 3946 vinculum,
964 3867 1206 3931 lusoria
1265 3875 1329 3929 et
1391 3863 1675 3930 evanida
1731 3872 1928 3928 erunt
1984 3863 2206 3945 signa,
2273 3883 2479 3945 quan-

540 3955 787 4019 tumvis
847 3953 1220 4018 honorificis
1278 3949 1510 4034 elogiis
1568 3960 1902 4017 ornentur.
1992 3947 2125 4013 Sed
2172 3946 2479 4032 quemad-

536 4040 802 4105 modum
847 4041 914 4104 in
959 4038 1169 4122 pactis
1213 4036 1573 4120 requiritur
1617 4044 1887 4100 mutuus
1932 4053 2322 4100 consensus:
2384 4035 2479 4099 ita

538 4127 720 4191 Deus
763 4146 914 4190 suos
962 4124 1041 4190 ad
1102 4122 1541 4206 recipiendam
1598 4123 1873 4204 gratiam
1936 4120 2263 4201 invitans,
2325 4120 2478 4185 fidei

535 4210 971 4277 obedientiam
1039 4210 1120 4275 ab
1185 4208 1350 4293 ipsis
1428 4208 1818 4292 stipulatur,
1900 4216 1971 4271 ut
2044 4205 2480 4291 respondeant

540 4300 772 4362 Amen.
838 4296 947 4361 Ita
990 4295 1154 4360 nihil
1200 4294 1410 4379 magis
1454 4301 1946 4379 praeposterum
1992 4312 2186 4375 quam
2229 4293 2477 4377 fingere

536 4391 721 4448 muta
765 4396 1204 4447 sacramenta:
1272 4380 1467 4446 sicuti
1512 4382 1803 4463 papistae
1847 4399 2001 4444 suas
2048 4379 2314 4443 naenias
2358 4399 2476 4460 pro

535 4468 961 4535 sacramentis
1036 4467 1280 4550 absque
1345 4467 1472 4532 Dei
1541 4466 1738 4531 verbo
1801 4464 2049 4530 insulse
2115 4464 2476 4530 venditant.

537 4554 758 4623 Simul
818 4563 1036 4619 autem
1095 4552 1466 4619 addendum
1531 4562 1661 4630 661,
1720 4549 1993 4616 verbum
2050 4549 2220 4634 quod
2264 4570 2477 4615 sacra-

534 4652 759 4707 menta
806 4640 1109 4717 vivificat,
1154 4662 1285 4704 non
1333 4661 1473 4704 esse
1517 4637 1863 4703 obscurum
1911 4658 2272 4712 susurrum,
2317 4658 2477 4719 qua-

535 4728 687 4793 liter
731 4728 797 4791 in
844 4735 1086 4809 papatu
1147 4726 1401 4809 magica
1462 4723 1847 4803 incantati0,
1906 4721 2066 4787 dum
2123 4744 2319 4805 super
2362 4744 2478 4806 pa-

536 4836 686 4879 nem
735 4822 803 4879 et
861 4812 1125 4878 calicem
1185 4812 1483 4889 sufflant,
1542 4809 1941 4875 consecratio
1997 4819 2305 4874 vocatur:
2362 4806 2477 4873 sed

535 4921 678 4966 esse
721 4899 973 4965 claram
1012 4906 1078 4962 et
1122 4896 1494 4963 distinctam
1536 4915 1798 4975 vocem,
1843 4915 2009 4977 quae
2052 4893 2133 4958 ad
2181 4894 2477 4959 homines

535 4985 873 5069 dirigitur,
951 4995 1016 5051 et
1082 4982 1163 5051 ad
1230 4983 1428 5048 fidem
1495 4980 1894 5066 gignendam
1962 4979 2152 5045 valet.
2263 4978 2476 5046 Sicuti

536 5072 758 5137 Moses
802 5071 911 5136 hie
956 5071 1264 5154 populum
1313 5068 1691 5152 compellat,
1751 5076 1820 5132 et
1865 5067 2076 5130 Deum
2137 5087 2283 5131 6616
2330 5066 2475 5148 11166

534 5158 771 5241 11661661
816 5157 1138 5222 admonet.
1214 5156 1563 5221 Caeterum
1611 5154 1911 5236 quamvis
1955 5153 2265 5234 professio
2310 5172 2476 5234 quae

536 5253 858 5320 narratur,
910 5242 1118 5309 videri
1164 5242 1367 5327 possit
1403 5262 1484 5305 ex
1522 5241 1723 5304 nimia
1756 5238 2156 5306 confidentia
2191 5259 2473 5317 manare,

534 5328 692 5395 dum
771 5329 968 5393 iactat
1045 5329 1320 5412 populus
1387 5349 1457 5395 se
1523 5326 1847 5393 facturum
1913 5323 2228 5410 quidquid
2297 5325 2475 5389 Deus

2583 599 2930 684 praecipit:
2990 600 3159 666 nihil
3219 610 3441 667 tamen
3501 600 3811 667 vitiosum
3857 608 3971 665 aut
4011 599 4532 683 reprehensibile

2582 687 2905 752 continet:
2965 689 3121 771 quia
3178 686 3403 752 fideles
3471 687 3637 752 nihil
3697 687 3825 753 nisi
3884 686 4011 751 Dei
4067 685 4312 752 auxilio
4371 686 4528 754 freti

2580 772 2852 857 polliciti
2897 783 3085 837 sunt:
3131 784 3199 839 et
3242 773 3500 840 inclusa
3542 780 3685 838 erat
3728 771 4022 857 gratuita
4059 771 4527 855 reconciliatio,

2581 857 2693 923 ubi
2758 867 3156 941 peccassent.
3260 858 3408 924 Non
3475 859 3597 924 fuit
3654 857 3916 942 quidem
3974 858 4097 924 hoc
4152 858 4317 942 legis
4378 880 4528 943 pro-

2581 945 2834 1027 prium,
2906 941 2989 1008 ad
3053 946 3435 1029 obsequium
3499 944 3788 1009 iustitiae
3853 946 4137 1010 formare
4182 944 4524 1012 hominum

2581 1029 2805 1096 corda:
2874 1030 3066 1096 sicuti
3126 1052 3245 1097 nec
3306 1031 3429 1097 sub
3473 1029 3620 1115 lege
3677 1051 3839 1096 vera
3893 1039 3961 1095 et
4004 1030 4199 1096 realis
4239 1031 4363 1097 fuit
4406 1053 4524 1097 ex-

2579 1116 2799 1199 piatiO,
2848 1135 3011 1199 quae
3054 1116 3374 1183 scelerum
3421 1116 3681 1200 eulpam
3715 1116 4038 1182 ablueret:
4086 1115 4199 1182 sed
4236 1117 4524 1183 officium

2578 1201 2743 1287 legis
2778 1202 2906 1267 fuit
2939 1223 3057 1285 per
3090 1202 3336 1286 gradus
3372 1203 3672 1268 homines
3708 1201 4028 1268 deducere
4050 1200 4132 1267 ad
4158 1202 4521 1284 Christum,

2579 1298 2651 1353 ut
2704 1288 2784 1354 ab
2840 1307 2917 1353 eo
2977 1289 3240 1354 veniam
3299 1296 3365 1354 et
3421 1289 3726 1373 spiritum
3782 1289 4293 1373 regenerationis
4348 1300 4528 1372 pete-

2578 1382 2743 1439 rent.
2833 1373 3126 1439 Dubium
3185 1394 3341 1458 ergo
3400 1395 3530 1439 non
3591 1383 3692 1439 est
3751 1376 3908 1457 quin
3964 1374 4399 1440 substantiam
4457 1382 4524 1440 et

2578 1480 2817 1543 corpus
2879 1460 3261 1526 umbrarum
3322 1458 3452 1524 fide
3509 1460 4079 1543 apprehenderent
4134 1459 4320 1526 electi
4375 1461 4524 1542 Dei,

2577 1566 2778 1697 63616
2846 1565 2915 1611 66
2983 1544 3065 1611 611
3145 1545 3370 1611 foedus
3436 1546 3564 1611 Dei
3633 1547 4034 1612 servandum
4115 1545 4526 1613 voluntarios

2576 1653 2615 1697 o
2666 1640 2905 1698 errent.

3095 1970 3229 2038 EX
3272 1971 3604 2039 EODEM
3649 1972 4005 2039 CAPITE.

2750 2145 2811 2210 9.
2857 2142 3162 2210 Ascendit
3202 2148 3412 2208 autem
3456 2142 3703 2224 Moses,
3749 2149 3808 2208 et
3848 2144 4144 2220 Aharon,
4195 2143 4428 2210 Nadab
4467 2150 4526 2211 et

2580 2230 2824 2309 Abihu,
2883 2234 2939 2295 et
2991 2230 3386 2313 septuayinta
3442 2250 3474 2294 6
3529 2230 3880 2296 senioribus
3941 2230 4169 2296 Israel.
4271 2231 4371 2296 10.
4435 2231 4526 2297 Et

2576 2318 2869 2383 viderunt
2912 2314 3119 2380 Deum
3165 2314 3406 2381 Israel.-
3461 2319 3518 2381 et
3574 2314 3689 2380 sub
3718 2315 3989 2397 pedibus
4030 2317 4171 2382 eius
4212 2322 4348 2382 erat
4387 2323 4525 2383 tan-

2577 2422 2766 2485 quam
2805 2421 2960 2485 opus
3001 2401 3247 2467 tabulae
3288 2400 3611 2483 sapphiri,
3671 2406 3728 2466 et
3781 2403 3944 2468 sicut
3983 2403 4217 2484 species
4258 2403 4408 2470 coeli
4451 2406 4525 2470 in

2577 2489 2926 2554 serenitate.
3020 2487 3122 2552 11.
3168 2487 3257 2552 Et
3319 2487 3388 2551 in
3439 2487 3769 2569 principes
3827 2487 4104 2570 filiorum
4149 2489 4359 2555 Israel
4398 2509 4525 2555 non

2581 2574 2854 2639 extendit
2894 2596 3153 2641 manum
3193 2596 3407 2644 suam.-
3449 2581 3506 2642 et
3545 2574 3834 2642 viderunt
3875 2572 4114 2654 Deum,
4160 2579 4216 2640 et
4260 2576 4525 2641 comede-

2581 2664 2756 2739 rant,
2810 2664 2864 2723 et
2919 2661 3214 2727 biberunt.
3320 2662 3423 2726 12.
3477 2660 3785 2742 Dixitque
3838 2659 4067 2725 Iehova
4126 2662 4212 2727 ad
4269 2660 4526 2728 Mosen.-

2584 2746 3574 2828 Ascendeadmeinmontem,
3632 2750 3861 2812 etesto
3912 2745 4357 2830 ibi:daboque
4411 2746 4526 2812 tibi

2582 2830 2748 2896 duas
2818 2832 3064 2899 tabulas
3134 2833 3424 2915 lapideas
3440 2885 3454 2913 ,
3528 2837 3582 2899 et
3638 2832 3827 2916 leqem
3884 2836 4065 2914 atque
4105 2838 4523 2916 praeceptum,

2583 2919 3538 3071 ΞῖἰὲἔέἵιῖΡῖἔιιοαᾶαἭηἭὲἲᾴ
3576 2937 3742 3069 2554
3786 2916 4527 3071 223ts00³2325⁶⁶1lt103⁶22“⁹“22„⁶

2581 3093 2843 3155 montem
2897 3089 3042 3156 Dei.
3150 3091 3247 3157 14.
3313 3090 3793 3172 senioribusque
3849 3089 4049 3155 dixit.-
4115 3089 4365 3155 Manete
4427 3089 4528 3156 hic

2581 3176 2773 3241 donec
2827 3181 3206 3242 revertamur
3259 3178 3346 3242 ad
3406 3197 3545 3242 vos.-
3609 3181 3666 3242 et
3721 3195 3875 3252 ecce,
3937 3175 4203 3241 Aharon
4268 3180 4324 3241 et
4381 3175 4529 3242 Har

2581 3266 2729 3326 sunt
2768 3262 3110 3328 vobiscum.-
3164 3263 3459 3345 quisquis
3499 3261 3787 3328 habuerit
3841 3281 4071 3327 causas
4085 3312 4101 3341 ‚
4154 3263 4393 3328 accedet
4441 3263 4528 3328 ad

2584 3367 2702 3412 eos.
2796 3346 2891 3413 15.
2948 3349 3125 3415 Tunc
3167 3349 3440 3416 ascendit
3484 3348 3695 3414 Moses
3738 3348 3809 3412 in
3849 3351 4141 3424 montem,
4190 3352 4245 3413 et
4286 3349 4530 3431 operuit

2580 3432 2771 3498 nubes
2812 3438 3089 3500 montem.
3162 3436 3259 3500 16.
3308 3434 3754 3517 Habitavitqae
3789 3433 3997 3516 yloria
4031 3433 4293 3498 Iehovae
4331 3454 4529 3516 super

2585 3524 2853 3585 montem
2878 3519 3084 3599 Sinai,
3129 3525 3186 3586 et
3227 3521 3471 3602 operuit
3512 3540 3651 3585 eam
3694 3518 3884 3584 nubes
3918 3538 4029 3583 sex
4071 3518 4317 3586 diebus.-
4355 3540 4531 3585 voca-

2579 3606 2789 3687 vitque
2817 3607 3030 3687 ipsum
3051 3605 3274 3673 Mosen
3307 3607 3408 3672 die
3440 3607 3696 3688 septimo
3731 3626 3763 3669 e
3795 3605 3997 3671 medio
4030 3604 4233 3670 nubis.
4305 3606 4405 3670 17.
4442 3605 4529 3670 Et

2584 3695 2870 3772 aspectus
2907 3692 3143 3776 ylariae
3165 3692 3425 3757 lehovae
3460 3696 3596 3757 erat
3628 3697 3926 3772 tanquam
3981 3691 3995 3704 '
4034 3692 4135 3755 nis
4176 3692 4531 3758 comburens

2581 3778 2654 3842 in
2694 3778 2913 3843 vertice
2952 3780 3210 3857 montis,
3271 3779 3336 3841 in
3392 3778 3588 3844 oculis
3640 3777 3917 3858 filiorum
4003 3776 4189 3842 srael.
4283 3778 4382 3843 18.
4441 3772 4532 3843 Et

2583 3863 2908 3946 names-sus
2950 3869 3038 3930 est
3081 3863 3295 3930 Moses
3335 3865 3406 3929 in
3446 3864 3721 3929 medium
3761 3861 3975 3936 nubis,
4020 3864 4415 3945 ascenditque
4456 3865 4529 3929 in

2580 3954 2870 4015 montem.-
2925 3955 2983 4014 et
3030 3949 3156 4030 fait
3200 3949 3411 4014 Moses
3466 3949 3537 4014 in
3578 3952 3778 4027 monte
3821 3948 4244 4032 quadraqinta
4286 3949 4524 4029 dicbus,

2579 4039 2636 4099 et
2677 4037 3105 4120 quadrayinta
3145 4037 3433 4102 noctibus.

2749 4206 2810 4271 9.
2870 4207 3172 4273 Ascendit
3232 4212 3436 4273 autem
3481 4205 3711 4273 Moses,
3802 4205 3915 4271 Sic
3970 4205 4313 4271 historiam
4370 4228 4523 4272 con-

2578 4299 2762 4370 texo,
2809 4291 3060 4373 Mosen,
3109 4293 3382 4359 recitata
3424 4293 3602 4378 lege,
3648 4301 3713 4356 et
3758 4292 4133 4376 aspersione
4177 4293 4523 4376 sanguinis

2578 4378 2783 4457 facta,
2829 4380 3183 4462 sumpsisse
3227 4380 3496 4445 comites
3542 4398 3579 4441 a
3625 4376 3766 4442 Deo
3811 4386 4249 4460 nuncupatos,
4312 4387 4381 4443 et
4423 4400 4524 4444 re-

2579 4464 2733 4529 licto
2775 4465 3014 4547 populo
3057 4463 3253 4530 simul
3294 4486 3444 4530 cum
3487 4464 3648 4547 ipsis
3692 4462 4144 4530 conscendisse
4188 4485 4395 4547 usque
4438 4464 4522 4530 ad

2578 4549 2842 4632 aliquod
2900 4552 3142 4615 montis
3191 4552 3496 4632 spatium.
3574 4549 3720 4616 Η66
3777 4550 3921 4615 ideo
3977 4549 4270 4614 breviter
4330 4550 4526 4615 attin-

2577 4655 2736 4718 gere
2782 4635 2988 4716 volui,
3034 4638 3184 4718 quia
3228 4657 3570 4721 perperam
3615 4634 3877 4718 quidam
3922 4636 4312 4720 interpretes
4355 4645 4522 4701 tem-

2580 4743 2701 4804 pus
2746 4722 3089 4804 plusquam
3133 4723 3583 4806 imperfectum
3626 4721 3945 4787 reddunt:
3990 4743 4066 4788 ae
4100 4724 4155 4787 si
4190 4723 4321 4786 iam
4368 4732 4523 4788 ante

2579 4808 2906 4892 segregati
2962 4808 3236 4874 fuissent
3291 4809 3433 4892 ipse
3487 4816 3553 4873 et
3605 4809 3896 4873 seniores
3941 4829 3979 4871 a
4020 4807 4288 4891 populo,
4348 4807 4522 4892 quod

2582 4894 2776 4957 nimis
2811 4894 3167 4959 absurdum
3193 4905 3325 4960 est:
3361 4895 3515 4978 quia
3550 4914 3814 4959 neeesse
3848 4892 3979 4958 fuit
4014 4895 4227 4976 ipsum
4253 4916 4519 4960 manere

2579 4980 2647 5044 16
2689 4977 2995 5062 planitie,
3043 4992 3118 5045 ut
3161 4981 3244 5045 ad
3291 4982 3547 5046 turbam
3595 4979 3795 5045 verba
3835 4978 4095 5045 faceret.
4185 4978 4333 5046 Illic
4374 5002 4520 5064 pro·

2578 5065 2724 5147 pius
2759 5078 3101 5149 conspecta
3135 5067 3259 5131 fuit
3286 5066 3409 5132 Dei
3440 5065 3649 5150 gloria
3684 5087 3724 5130 a
3757 5066 4137 5142 senioribus,
4174 5075 4250 5131 ut
4284 5066 4519 5131 deinde

2576 5161 2925 5216 narrarent
2966 5152 3211 5237 populo
3261 5152 3428 5235 quod
3474 5150 3809 5227 viderant,
3868 5162 4060 5235 atque
4103 5152 4197 5215 ita
4236 5173 4337 5216 res
4382 5152 4519 5218 ido-

2575 5237 2718 5301 neis
2784 5238 3055 5303 testibus
3122 5238 3392 5322 probata
3457 5235 3796 5302 indubiam
3861 5238 4059 5303 fidem
4130 5239 4517 5320 acquireret.

2576 5322 2724 5389 Hae
2779 5325 3031 5388 ratione
3090 5324 3246 5390 dicit
3303 5324 3476 5406 ipsos
3535 5322 3779 5389 vidisse
3818 5324 4037 5390 Deum
4082 5322 4322 5402 Israel,
4385 5346 4521 5390 666
