5017 6142
482 464 620 530 139

494 651 789 719 Levitae.
879 647 1075 730 Quod
1131 646 1213 713 ad
1272 667 1355 730 po
1401 646 1587 713 ulum
1642 651 1918 728 spectat,
1985 652 2246 710 tantum
2303 643 2447 708 lau-

495 737 691 804 datur
753 756 1117 801 consensus
1134 785 1149 814 ,
1212 753 1337 816 quo
1449 731 1580 797 Dei
1659 732 1900 814 placito
1964 729 2445 813 subscripserit.

487 823 633 891 Sed
664 843 742 888 ea
778 823 988 887 virtus
1022 818 1286 885 tandem
1322 819 1519 885 cessit
1552 820 1621 883 in
1649 817 1961 883 maiorem
1998 816 2448 900 ignominiam,

495 909 612 976 ubi
670 906 1037 975 convellere
1093 915 1433 971 tentarunt
1481 902 1653 988 quod
1717 904 2240 986 approbaverant
2303 921 2448 967 coe-

438 1004 451 1013 '
492 995 658 1062 leste
694 994 1045 1059 decretum.

667 1080 772 1144 21.
841 1078 927 1142 Et
957 1075 1463 1159 purificaverunt
1494 1095 1576 1141 εε.
1665 1074 1771 1139 De
1821 1073 2068 1139 lotione
2124 1072 2259 1137 iam
2323 1071 2452 1138 dic-

494 1176 643 1233 tum
687 1166 830 1231 fuit.
913 1163 1082 1229 Nam
1118 1183 1318 1244 quum
1364 1160 1641 1245 privatis
1684 1158 2047 1242 quibusque
2082 1157 2451 1223 necessaria

497 1255 693 1331 foret,
757 1249 1012 1315 Levitis
1068 1247 1276 1312 multo
1322 1247 1540 1311 minus
1590 1245 1842 1312 licitum
1886 1243 2014 1309 fuit
2058 1263 2243 1310 sacra
2284 1252 2449 1308 trac-

495 1348 661 1415 tare,
695 1337 826 1402 nisi
862 1345 1015 1400 ante
1051 1346 1271 1398 essent
1307 1332 1587 1417 purgati.
1648 1327 1841 1412 Quod
1877 1341 2094 1396 autem
2134 1329 2449 1412 sequitur,

494 1423 749 1490 oblatos
806 1422 1010 1486 fuisse
1062 1440 1264 1484 manu
1321 1420 1627 1495 Aharon,
1688 1417 1808 1481 hoc
1867 1437 1899 1482 s
1951 1414 2162 1480 mbolo
2221 1413 2450 1479 adum·

496 1509 684 1574 brata
725 1508 852 1572 fuit
887 1507 1163 1584 veritas,
1222 1525 1387 1587 quae
1424 1502 1689 1568 tandem
1746 1522 1894 1586 resp
1924 1502 2155 1567 enduit
2198 1498 2450 1566 Christi

498 1593 807 1680 adventu.
859 1592 1284 1656 Praedictum
1321 1590 1496 1654 enim
1532 1589 1666 1654 iam
1692 1587 1848 1652 olim
1878 1589 2000 1652 fuit
2027 1609 2067 1651 a
2091 1585 2449 1671 prophetis,

498 1682 568 1746 in
646 1679 956 1745 ecclesiae
1036 1677 1516 1743 instauratione
1596 1675 1867 1740 Levitae
1930 1674 2067 1739 fore
2124 1674 2235 1754 qui
2297 1682 2451 1736 ante

498 1768 758 1832 fuerant
792 1786 876 1829 ex
911 1762 1126 1848 vulg0.
1185 1763 1363 1846 Ergo
1400 1762 1522 1828 sub
1561 1760 1683 1827 hac
1719 1761 1935 1844 figura
1970 1759 2202 1825 testari
2246 1757 2452 1825 voluit

499 1853 687 1917 Deus
748 1850 961 1916 nullos
1026 1849 1223 1914 etiam
1289 1869 1369 1912 ex
1439 1846 1661 1912 electis
1718 1846 1855 1911 suis
1920 1846 2126 1911 servis
2191 1843 2452 1927 probari

500 1938 628 2004 sibi
684 1946 750 2001 et
794 1935 1051 2019 placere
1070 1985 1085 2012 ,
1144 1934 1273 1999 nisi
1331 1954 1490 2016 quos
1552 1932 1790 1997 unicus
1855 1929 2154 1997 sacerdos
2211 1930 2452 1995 sancti-

499 2026 671 2090 ficat.
762 2022 852 2086 Et
903 2020 1052 2086 ideo
1118 2020 1402 2103 expiatio
1465 2018 1775 2083 oblationi
1838 2016 2292 2101 coniungitur:
2378 2022 2454 2079 ut

500 2111 649 2193 puri
685 2109 822 2172 sint
866 2107 1163 2172 Levitae.
1428 2170 1433 2176 ,

674 2193 778 2259 22.
848 2192 979 2258 His
1021 2192 1317 2275 peractis,
1405 2190 1533 2256 His
1578 2190 1796 2255 verbis
1840 2189 2172 2273 significat
2215 2187 2452 2265 Moses,

499 2278 711 2365 quoad
747 2281 1024 2363 figuram
1068 2278 1235 2343 nihil
1275 2277 1589 2342 omissum
1632 2276 1836 2341 fuisse
1878 2277 1945 2339 in
1994 2274 2197 2341 veteri
2241 2293 2455 2339 sacer-

504 2367 696 2444 dotio,
741 2364 913 2448 quod
958 2362 1040 2429 ad
1084 2363 1449 2447 legitimum
1494 2361 1625 2428 Dei
1668 2360 1916 2428 cultum
1962 2366 2231 2445 spectat,
2273 2361 2457 2425 cuius

505 2452 845 2536 potissima
887 2470 1042 2533 pars
1074 2459 1200 2539 ,est
1253 2447 1659 2526 obedientia,
1706 2446 1938 2512 deinde
1991 2446 2245 2529 puritas
2289 2465 2455 2527 quae

507 2559 594 2604 ex
636 2536 753 2602 illa
794 2545 1036 2601 manat.
1124 2533 1455 2600 Dicuntur
1498 2545 1718 2599 autem
1764 2534 2040 2599 Levitae
2084 2531 2294 2597 officio
2337 2552 2455 2597 suo

504 2624 714 2689 functi
758 2642 976 2688 coram
1021 2621 1311 2700 Aharon,
1356 2620 1512 2703 quia
1553 2617 1845 2684 modeste
1887 2617 2172 2684 subeunt
2204 2618 2453 2700 iugum,

506 2717 575 2775 et
616 2709 793 2791 passi
837 2715 995 2773 sunt
1029 2706 1387 2772 sacerdotis
1431 2705 1699 2771 arbitrio
1734 2725 1805 2770 se
1840 2704 2098 2770 subiici:
2145 2703 2454 2785 quoniam

503 2793 692 2860 Deus
770 2795 866 2858 ita
949 2801 1389 2875 praeceperat.
1494 2790 1626 2858 Sed
1715 2791 2022 2855 historiae
2108 2797 2455 2855 contextus

505 2891 732 2964 postea
797 2878 1051 2945 docebit
1107 2899 1305 2961 quam
1362 2878 1671 2962 proclivis
1728 2875 1811 2942 ad
1877 2875 2299 2942 defectionem
2367 2874 2456 2940 sit

504 2966 847 3032 hominum
906 2974 1160 3029 natura.
1250 2964 1445 3030 Unde
1478 2965 1555 3029 fit
1619 2971 1695 3027 ut
1738 2984 1868 3028 non
1919 2982 2177 3044 semper
2221 2960 2456 3025 ultima

506 3053 739 3136 primis
796 3050 1233 3133 respondeant
1250 3100 1267 3129 ,
1315 3049 1429 3116 sed
1485 3050 1660 3115 laeta
1701 3048 2026 3132 principia
2068 3047 2455 3131 plerumque

507 3138 988 3221 subsequantur
1030 3137 1253 3202 tristes
1298 3146 1365 3200 et
1406 3134 1681 3201 infausti
1723 3135 1962 3200 exitus.

1164 3477 1465 3543 LEVI'I'.
1511 3475 1711 3542 OAP.
1757 3476 1845 3541 X.

688 3651 745 3714 1.
808 3648 1195 3732 Acceperuut
1271 3654 1477 3714 autem
1557 3648 1683 3728 filii
1746 3645 2014 3712 Aharon
2094 3643 2326 3709 Nadab
2405 3648 2463 3709 et

513 3736 732 3803 Ababa
785 3736 1043 3818 quisque
1093 3755 1377 3801 acerram
1417 3753 1601 3798 suam
1615 3784 1629 3811 ,
1688 3738 1742 3799 et
1790 3737 2138 3815 posuerunt
2193 3732 2265 3796 in
2296 3730 2461 3813 ipsis

511 3826 732 3907 iynem,
752 3825 809 3888 et
828 3825 1288 3903 supposuerunt
1306 3819 1745 3902 suffimentum,
1774 3818 2230 3898 obtuleruntque
2249 3835 2463 3882 coram

516 3910 747 3975 Iehova
805 3909 1009 3992 iyuem
1072 3907 1350 3973 alienum
1412 3925 1589 3971 secus
1652 3924 1843 3987 quam
1889 3907 2291 3984 praeceperat
2347 3903 2457 3968 eie.

515 3996 577 4061 2.
650 3995 824 4060 Tunc
879 4012 1163 4078 egressus
1217 3999 1307 4058 est
1359 3992 1529 4075 iynis
1579 4012 1624 4056 a
1674 3990 1838 4074 facie
1883 3988 2172 4068 1ehovae,
2222 3992 2280 4053 et
2321 4006 2460 4052 con-

511 4080 783 4161 sumpsit
834 4100 966 4157 eos,
1033 4099 1108 4145 ac
1163 4079 1392 4143 mortui
1455 4081 1599 4142 sunt
1655 4095 1862 4142 coram
1916 4074 2164 4140 Iehova.
2253 4073 2314 4139 3.
2374 4072 2463 4138 Et

513 4167 682 4234 dixit
725 4164 935 4233 Moses
987 4165 1073 4231 ad
1121 4164 1419 4229 Aharon,·
1476 4161 1612 4227 Hoc
1667 4167 1757 4226 est
1796 4162 1958 4242 quod
1998 4161 2168 4227 dixit
2212 4157 2459 4239 Iehova,

511 4252 800 4319 dicendo:
854 4253 942 4317 Iu
972 4251 1356 4334 propinquis
1408 4248 1564 4312 meis
1617 4246 2065 4326 sanctificabor,
2116 4251 2171 4311 et
2208 4247 2278 4311 iu
2320 4265 2459 4309 con·

513 4343 723 4421 spectu
785 4340 973 4403 totius
1026 4337 1255 4420 populi
1326 4332 1721 4418 ylorificabor
1737 4383 1752 4411 ,
1815 4338 1871 4397 et
1930 4333 2113 4398 siluit
2176 4330 2458 4397 Aharou.

514 4423 575 4488 4.
644 4422 735 4488 Et
765 4424 999 4489 vocavit
1041 4422 1252 4487 Moses
1297 4419 1529 4485 Misael
1570 4424 1628 4483 et
1670 4417 2025 4499 Elsapham
2062 4418 2231 4499 tilios
2288 4415 2462 4483 Ueiel

504 4510 733 4593 patrui
808 4509 1103 4586 Aharon,
1170 4513 1223 4572 et
1283 4505 1452 4572 dixit
1513 4503 1680 4569 illis.-
1754 4504 2075 4583 Accedite‚
2146 4508 2462 4586 capot-tate

511 4597 747 4677 fratres
809 4600 1044 4660 vestros
1099 4614 1142 4658 a
1198 4593 1522 4671 conspectu
1584 4591 1936 4655 sanctuarii
2000 4595 2178 4655 extr-a
2233 4594 2458 4655 castra.

514 4682 576 4747 5.
645 4683 1055 4747 Accesserant
1094 4697 1237 4761 eryo
1252 4725 1269 4755 ‚
1334 4680 1389 4741 et
1445 4680 1920 4757 exportaverunt
1971 4696 2073 4740 eos
2127 4695 2266 4741 cum
2323 4676 2464 4740 εωίε

515 4768 746 4833 micis
778 4771 957 4832 extra
996 4768 1219 4840 castra,
1265 4763 1779 4843 quemadmodum
1809 4767 2208 4843 praeceperat
2231 4759 2460 4827 Moses.

516 4854 575 4918 6.
641 4853 836 4919 Dixit
896 4850 1086 4915 etiam
1151 4847 1363 4912 Moses
1432 4848 1517 4913 ad
1572 4847 1866 4925 Aharon,
1932 4854 1987 4912 et
2051 4847 2349 4924 Eleazar,
2407 4851 2463 4912 et

517 4938 840 5014 Ithamar‚
903 4935 1077 5015 filios
1142 4935 1307 4999 eius:
1366 4932 1596 5016 Gospita
1659 4939 1864 4999 vestra
1925 4953 2001 4998 ue
2057 4934 2333 5011 audatie,
2405 4938 2463 4999 et

515 5028 709 5089 vestes
766 5025 1005 5087 vestras
1046 5039 1123 5085 ne
1162 5018 1493 5099 scindentia,
1537 5024 1605 5083 ut
1648 5040 1772 5085 nou
1806 5019 2202 5097 moriamini,
2260 5040 2334 5083 ac
2375 5039 2459 5084 ne

516 5111 588 5174 iu
663 5111 851 5172 totam
921 5107 1442 5189 conyreyatioucm
1515 5107 1864 5171 irascatur.-
1939 5104 2174 5187 fratres
2257 5108 2461 5169 autem

514 5193 734 5268 vestri,
789 5196 915 5256 tota
955 5191 1179 5257 domus
1215 5191 1451 5270 Israel,
1496 5191 1728 5271 flebunt
1780 5192 2133 5257 incendium
2166 5191 2331 5273 quod
2367 5192 2462 5256 in-

515 5277 714 5344 cendit
778 5276 1025 5345 Iehova.
1117 5279 1175 5343 7.
1246 5277 1464 5360 Neque
1528 5276 1607 5342 ab
1669 5278 1823 5343 ostio
1885 5276 2271 5343 tabernaculi
2324 5297 2461 5342 cou-

515 5364 817 5430 ventionis
900 5365 1299 5450 eyrediemiui
1314 5415 1328 5444 ‚
1416 5384 1494 5430 ue
1566 5363 1962 5429 moriamini.-
2021 5364 2176 5446 quia
2259 5362 2459 5429 oleum

1917 452 2323 523 REDITUS
2370 455 2499 520 AD
2545 451 3089 521 HISTORIAM.

4381 453 4510 520 140

2549 643 2862 708 unctionis
2905 642 3170 709 Iehovae
3202 648 3296 710 est
3326 663 3520 725 super
3552 664 3679 710 υοε.
3747 642 3837 708 Et
3865 644 4141 726 fecerunt
4171 642 4505 709 secumdum

2549 727 2801 794 verbum
2844 728 3068 794 Mosie.

2725 899 2782 963 1.
2859 899 3239 980 Accepenmt
3279 905 3487 965 autem
3524 900 3654 981 filii
3695 899 3978 966 Aharon,
4047 899 4177 965 Hic
4220 899 4505 964 refertur

2552 985 2976 1050 memorabile
3019 986 3395 1069 exemplum
3414 1035 3430 1067 ,
3489 1007 3571 1051 ex
3616 1006 3743 1068 quo
3787 994 4062 1068 apparet
4104 993 4506 1068 quantopere

2554 1070 2969 1135 abominetur
3030 1073 3214 1136 Deus
3272 1072 3497 1137 omnia
3555 1072 3716 1136 vitia
3772 1071 4007 1154 quibus
4064 1071 4506 1153 corrumpitur

2554 1156 2888 1240 religionis
2944 1157 3218 1240 puritas.
3310 1157 3469 1223 Fuit
3510 1158 3578 1222 in
3637 1159 3919 1240 speciem
3976 1158 4120 1222 leve
4177 1154 4504 1236 delictum,

2552 1241 2707 1325 igne
2751 1242 2966 1308 alieno
3012 1240 3095 1307 ad
3139 1243 3433 1308 suffitum
3476 1244 3609 1308 uti:
3656 1242 3893 1308 deinde
3949 1240 4346 1308 excusabilis
4380 1242 4506 1306 fuit

2551 1327 3012 1412 incogitantia:
3059 1328 3214 1409 quia
3265 1339 3441 1394 certe
3493 1327 3725 1394 Nadab
3781 1338 3851 1394 et
3907 1327 4135 1393 Abihu
4176 1347 4312 1391 non
4355 1348 4507 1411 pro·

2553 1422 2738 1479 terve
2755 1464 2771 1491 ‚
2840 1435 2959 1480 nec
3024 1412 3178 1478 data
3240 1433 3439 1499 opera
3456 1464 3472 1493 ,
3553 1435 3740 1481 sacra
3803 1414 4097 1497 polluere
4164 1413 4504 1479 volebant:

2553 1519 2801 1577 verum,
2838 1508 2914 1564 ut
2948 1500 3019 1564 in
3055 1498 3251 1565 rebus
3288 1502 3479 1566 novis
3513 1501 3655 1565 fieri
3702 1501 3885 1578 solet,
3931 1521 4132 1582 quum
4166 1520 4238 1564 se
4272 1497 4508 1583 cupide

2554 1586 2930 1669 ingererent
2945 1634 2960 1660 ‚
3005 1586 3338 1651 festinatio
3382 1587 3451 1651 in
3495 1607 3787 1652 errorem
3830 1586 4007 1669 ipsos
4051 1585 4207 1668 egit.
4294 1584 4510 1668 Rigor

2554 1692 2709 1754 ergo
2753 1670 3084 1736 vindictae
3143 1670 3440 1754 superbis
3483 1693 3618 1737 non
3661 1673 3983 1755 placeret,
4040 1671 4153 1753 qui
4217 1669 4507 1752 superci-

2556 1756 2714 1821 liose
2772 1755 2902 1821 Dei
2959 1756 3203 1822 iudicia
3245 1765 3478 1824 notare
3522 1777 3656 1823 non
3692 1757 3999 1823 dubitant
4051 1756 4236 1839 quasi
4280 1776 4508 1821 censo-

2555 1863 2692 1907 res:
2739 1863 2972 1908 verum
3008 1843 3064 1907 si
3100 1856 3480 1925 reputamus
3523 1863 3718 1925 quam
3753 1853 3985 1909 sancta
4018 1863 4124 1907 res
4167 1841 4255 1907 sit
4289 1842 4508 1906 cultus

2556 1928 2720 2008 Dei,
2765 1929 3058 2012 gravitas
3093 1948 3346 2011 poenae
3390 1949 3510 1994 nos
3555 1930 3825 1994 minime
3870 1928 4177 1993 offendet.
4244 1925 4510 1992 Deinde

2557 2015 2909 2080 sancienda
2952 2015 3082 2079 fuit
3121 2015 3353 2099 religio
3410 2016 3582 2079 inter
3616 2016 3758 2097 ipsa
3800 2015 4156 2097 principia:
4200 2013 4510 2094 quoniam

2557 2101 2613 2164 si
2680 2120 2910 2183 passus
2987 2099 3221 2166 fuisset
3292 2101 3476 2166 Deus
3553 2101 3826 2183 impune
3897 2100 4278 2182 delinquere
4341 2098 4509 2164 filios

2556 2188 2847 2264 Aharon,
2883 2205 3110 2252 secure
3144 2186 3255 2250 alii
3291 2196 3514 2268 postea
3549 2195 3755 2251 totam
3791 2187 4002 2269 legem
4037 2184 4506 2268 neglexissent.

2551 2273 2741 2338 Haec
2785 2291 2942 2355 ergo
2988 2279 3209 2336 tantae
3253 2271 3625 2337 severitatis
3668 2272 3795 2337 fuit
3839 2272 4006 2337 ratio
4023 2321 4038 2349 ‚
4095 2279 4173 2335 ut
4227 2270 4508 2336 sollicite

2555 2360 2636 2424 ab
2681 2358 2861 2423 omni
2920 2356 3369 2439 profanatione
3411 2366 3725 2423 caverent
3758 2356 4148 2423 sacerdotes.
4236 2355 4336 2421 Ac
4379 2356 4509 2420 cri-

2558 2465 2708 2508 men
2754 2443 3164 2526 exprimitur,
3209 2442 3379 2525 quod
3423 2444 3616 2509 aliter
3657 2444 3954 2510 suffitum
3995 2443 4268 2508 fecerint
4310 2462 4510 2524 quam

2559 2531 2741 2596 Deus
2784 2537 3217 2612 praeceperat.
3277 2528 3472 2595 Unde
3516 2531 3829 2612 sequitur,
3872 2538 4207 2611 utcunque
4249 2527 4512 2593 inscitia

2556 2615 2727 2698 lapsi
2793 2616 2956 2694 sint,
3036 2616 3369 2681 convictos
3433 2624 3655 2681 tamen
3721 2615 3923 2681 fuisse
3986 2615 4117 2679 Dei
4181 2612 4509 2690 mandato,

2559 2700 2911 2786 neglectim
2977 2720 3322 2785 aggressos
3384 2722 3528 2767 esse
3605 2700 3776 2783 quod
3841 2700 4075 2765 maiori
4140 2698 4507 2764 attentione

2561 2787 2835 2872 dignum
2879 2795 3039 2851 erat.
3107 2786 3295 2870 Ignis
3338 2786 3593 2853 alienus
3637 2787 4033 2852 discernitur
4066 2805 4107 2849 a
4149 2806 4352 2862 sacro,
4397 2784 4510 2867 qui

2561 2894 2818 2957 semper
2852 2871 3121 2938 ardebat
3174 2875 3247 2937 in
3283 2873 3506 2937 altari:
3561 2892 3694 2937 non
3740 2871 4053 2938 miraculo
4108 2869 4211 2957 (ut
4244 2869 4510 2954 quidam

2559 2957 2848 3045 fingunt)
2905 2958 3019 3024 sed
3086 2956 3351 3025 assidua
3414 2958 3824 3024 sacerdotum
3880 2957 4194 3024 custodia.
4286 2956 4511 3021 Alium

2562 3066 2721 3110 vero
2764 3046 2988 3130 ignem
3045 3045 3249 3110 sacris
3292 3043 3588 3110 adhiberi
3631 3045 3843 3111 vetuit
3882 3042 4099 3121 Deus,
4149 3052 4225 3108 ut
4267 3042 4510 3107 adven-

2561 3131 2740 3195 titios
2795 3151 3023 3195 omnes
3065 3132 3232 3196 ritus
3275 3129 3685 3208 excluderet,
3742 3149 3817 3196 ac
3862 3128 4119 3195 doceret
4170 3149 4239 3193 se
4298 3126 4510 3194 detes·

2563 3216 2692 3281 tari
2768 3214 3081 3298 quidquid
3147 3215 3445 3281 aliunde.
3484 3216 3846 3298 profectum
3910 3224 4071 3280 erat.
4164 3214 4510 3280 Discamus

2562 3323 2719 3387 ergo
2754 3304 2848 3367 sic
2880 3302 3216 3368 attendere
3250 3302 3332 3367 ad
3370 3301 3498 3366 Dei
3531 3300 3932 3382 mandatum,
3966 3322 4047 3366 ne
4083 3302 4222 3367 eius
4257 3300 4510 3365 cultum
4643 3340 4652 3345 -

2564 3388 2718 3455 ullis
2774 3389 3106 3452 extraneis
3160 3388 3549 3453 commentis
3604 3388 3930 3453 vitiemus.
4021 3385 4215 3468 Quod
4272 3387 4328 3451 si
4375 3394 4510 3450 tam

2561 3492 2789 3541 severe
2832 3474 2901 3539 in
2938 3495 3227 3539 errorem
3269 3473 3655 3553 vindicavit,
3700 3494 3896 3556 quam
3931 3471 4266 3538 horribilis
4299 3490 4512 3555 poena

2561 3568 2786 3625 manet
2824 3561 3139 3645 papistas‚
3183 3560 3421 3643 quibus
3465 3559 3688 3625 nullus
3722 3570 3824 3624 est
3866 3558 4076 3642 pudor
4118 3566 4219 3623 tot
4260 3577 4511 3624 crassas

2560 3646 2963 3729 corruptelas
3007 3646 3369 3728 praefracte
3412 3644 3805 3712 defendere?

2731 3732 2791 3797 3.
2836 3731 3032 3797 Dixit
3070 3729 3289 3797 Moses
3334 3732 3418 3798 ad
3463 3731 3743 3797 Aharou.
3823 3728 4197 3813 Compescit
4237 3730 4508 3794 fratrem

2561 3839 2755 3884 suum
2810 3817 3064 3894 Moses,
3120 3838 3204 3882 ne
3259 3818 3325 3881 in
3385 3817 3607 3883 dolore
3649 3817 3918 3882 modum
3968 3815 4261 3881 excedat.
4348 3814 4510 3880 Fuit

2562 3906 2739 3970 enim
2799 3903 2960 3970 haec
3020 3903 3210 3970 valde
3268 3903 3502 3968 acerba
3557 3903 3777 3969 clades
3827 3904 3897 3966 in
3958 3902 4202 3967 recenti
4257 3899 4512 3966 laetitia

2564 3989 2788 4057 videre
2853 4010 2925 4055 se
2988 4010 3119 4054 uno
3196 3987 3301 4053 die
3373 3999 3442 4054 et
3519 3998 3851 4054 momento
3930 3986 4124 4052 simul
4203 3985 4512 4052 orbatum

2562 4076 2819 4143 duobus
2894 4075 3065 4141 filiis.
3170 4075 3558 4158 Promptum
3623 4076 3820 4141 etiam
3888 4081 4032 4139 erat
4094 4073 4177 4138 ob
4241 4092 4509 4138 causam

2564 4162 2793 4227 mortis
2839 4162 2981 4227 Deo
3026 4161 3420 4244 obstrepere.
3508 4161 3687 4245 Ergo
3739 4182 3826 4224 ne
3882 4159 4154 4225 ebulliat
4193 4158 4264 4223 in
4309 4158 4511 4224 talem

2562 4248 3136 4330 intemperantiam
3154 4298 3170 4327 ,
3225 4246 3532 4312 admonet
3581 4247 3803 4313 Moses
3857 4248 4029 4310 iusto
4089 4245 4217 4310 Dei
4268 4243 4509 4311 iudicio

2564 4355 2704 4400 esse
2748 4332 3304 4399 subscribendum.
3393 4332 3677 4398 Frustra
3721 4340 3940 4397 autem
3984 4330 4320 4413 quaeritur
4361 4330 4509 4395 ubi-

2564 4441 2716 4485 nam
2762 4420 3035 4485 dixisset
3092 4419 3273 4483 Deus
3331 4419 3501 4500 quod
3558 4419 3666 4484 hic
3712 4419 4024 4483 refertur:
4076 4416 4511 4483 Glorificabor

2563 4506 2632 4570 in
2667 4506 2760 4571 eis
2804 4506 2914 4589 qui
2958 4504 3041 4570 ad
3085 4526 3190 4569 me
3236 4503 3570 4571 accedunt.
3662 4503 3941 4588 Saepius
3985 4512 4260 4568 mortem
4303 4503 4508 4568 inter-

2563 4592 2850 4656 minatus
2929 4592 3148 4656 fuerat
3224 4589 3699 4671 sacerdotibus,
3781 4591 3838 4654 si
3902 4589 4007 4654 vel
4075 4589 4423 4654 minimum
4468 4608 4509 4653 a

2563 4678 2791 4761 regula
2854 4676 3302 4743 deflecterent:
3379 4678 3640 4761 saepius
3719 4676 4012 4740 muneris
4091 4674 4508 4739 sanctitatem

2562 4763 2696 4828 illis
2749 4772 3208 4848 proposuerat,
3265 4783 3348 4827 ne
3392 4784 3461 4828 se
3505 4763 3641 4828 ullo
3684 4760 4024 4845 sacrilegio
4066 4761 4508 4844 inquinarent,

2564 4848 2843 4932 denique
2881 4850 3003 4915 hac
3045 4848 3193 4932 lege
3233 4847 3410 4932 ipsos
3452 4848 3740 4933 elegerat
3782 4866 4114 4912 sacrorum
4149 4847 4528 4924 ministross

2563 4944 2640 4999 ut
2701 4956 2772 5001 se
2835 4935 3123 5018 graviori
3186 4936 3379 5017 culpa
3442 4943 3508 4999 et
3569 4953 3784 5018 poena
3846 4933 4208 5017 constringi
4264 4933 4511 4997 scirent

2562 5041 2759 5103 quam
2795 5020 3122 5103 reliquum
3167 5021 3430 5105 vulgus.
3518 5021 3664 5087 Hoc
3712 5019 3918 5104 igitur
3961 5019 4193 5085 solatio
4237 5018 4508 5083 sedatur

2562 5107 2777 5173 luctus
2834 5106 3139 5172 Aharon:
3193 5107 3347 5188 quia
3398 5107 3581 5171 Deus
3637 5126 3771 5170 non
3833 5105 4154 5170 violenter
4201 5103 4509 5170 saevierit

2561 5192 2635 5256 in
2690 5192 2829 5258 eius
2874 5192 3074 5270 filios,
3134 5192 3249 5258 sed
3314 5212 3593 5275 aequum
3650 5199 3717 5256 et
3781 5190 3942 5257 utile
4005 5189 4379 5274 exemplum
4437 5190 4508 5254 in

2561 5278 2719 5361 ipsis
2769 5277 3074 5357 ediderit,
3128 5287 3206 5343 ut
3238 5278 3481 5361 posteri
3518 5278 3727 5361 magis
3761 5275 3988 5343 sedulo
4023 5278 4254 5342 attenti
4292 5283 4508 5343 essent

2562 5363 2646 5430 ad
2720 5364 3025 5432 officium.
3114 5362 3229 5431 Sic
3293 5374 3518 5429 autem
3584 5362 3821 5429 resolvi
3900 5362 4094 5429 debet
4147 5363 4505 5430 sententia:
