5017 6142
479 450 561 518 61

482 646 766 734 pediunt
801 653 866 713 et
906 656 1263 713 morantur.
1343 646 1526 727 Quos
1562 667 1718 731 ergo
1757 647 2078 730 gubernat
2123 644 2250 711 Dei
2295 647 2429 728 spi-

490 736 688 814 ritus,
744 755 875 799 nou
934 733 1140 798 trahit
1195 733 1442 800 invitos
1503 733 1789 798 violento
1831 732 2121 815 impulsu
2163 732 2269 798 vel
2311 752 2428 797 ex-

490 821 796 898 trinseco,
843 827 917 884 ut
961 820 1346 903 loquuntur:
1392 817 1505 885 sed
1552 820 1735 883 intus
1770 819 1862 882 ita
1906 826 2212 901 operatur
2256 817 2428 883 velle

488 922 564 973 ut
608 928 678 972 se
714 908 890 989 ipsos
932 907 1206 971 incitent
1249 903 1494 983 fideles,
1564 912 1632 969 et
1674 904 1851 969 ultro
1896 913 2252 987 sequantur
2296 902 2431 986 spi-

490 999 694 1058 ritum
751 993 965 1076 ipsum
1014 990 1263 1058 ducem.
1351 990 1584 1073 Itaque
1636 1011 1838 1072 quum
1882 989 2175 1055 additur:
2223 990 2429 1056 Cuius

489 1079 766 1163 spiritus
808 1088 953 1144 erat
995 1077 1284 1144 liberalis
1328 1077 1397 1141 in
1431 1078 1598 1161 ipsc,
1642 1097 1777 1142 non
1814 1076 2208 1141 adscribitur
2252 1076 2430 1159 prin·

488 1167 732 1249 cipium
797 1163 965 1229 bene
1023 1162 1263 1248 agendi
1310 1163 1715 1239 hominibuS‚
1751 1162 1860 1228 vel
1906 1162 2106 1227 etiam
2153 1182 2427 1228 concur-

489 1271 639 1330 sus,
701 1271 776 1316 ac
818 1251 876 1315 si
920 1270 1216 1315 seorsum
1260 1258 1789 1331 cooperarentur,
1834 1247 1947 1313 sed
1993 1258 2249 1312 tantum
2287 1248 2425 1312 lau-

490 1337 687 1403 datur
721 1336 995 1401 interior
1039 1335 1245 1400 animi
1281 1343 1494 1399 motus
1537 1345 1605 1398 et
1646 1332 1845 1398 studii
1888 1334 2252 1400 sinceritas.

662 1422 766 1488 22.
840 1421 1149 1487 Venerunt
1202 1422 1332 1487 oiri
1392 1440 1531 1486 cum
1586 1419 1973 1485 mulieribus.
2062 1420 2424 1484 Mulierum

488 1528 802 1592 expressa
856 1509 934 1572 fit
988 1508 1264 1584 mentio,
1326 1527 1602 1589 quarum
1647 1527 1776 1569 non
1823 1506 2015 1571 modo
2057 1505 2424 1588 largitione,

481 1596 602 1660 sed
664 1595 860 1659 etiam
911 1614 1109 1676 opera
1162 1591 1264 1679 (ut
1321 1591 1515 1675 paulo
1566 1602 1710 1674 post
1752 1590 2072 1678 sequitur)
2118 1592 2426 1675 dignatus

488 1689 589 1747 est
653 1681 751 1745 uti
811 1680 993 1745 Deus
1049 1678 1132 1744 ad
1177 1678 1508 1762 opificium
1552 1678 1963 1743 sancturarii.
2054 1678 2156 1743 Pii
2203 1690 2423 1742 autem

489 1765 797 1832 desiderii
835 1766 1132 1830 ardorem
1180 1764 1536 1847 amplificat
1578 1763 1814 1840 Moses,
1862 1764 2032 1845 quod
2080 1783 2426 1828 ornamen-

486 1854 574 1917 tis
617 1873 747 1917 non
794 1851 1231 1934 pepercerint:
1291 1849 1527 1933 quibus
1576 1859 1650 1913 ut
1705 1848 2067 1932 plurimum
2120 1849 2213 1913 ita
2267 1858 2425 1913 eunt

488 1937 733 2004 addicti
777 1937 1111 2015 homines,
1160 1956 1235 2002 ac
1287 1937 1671 2020 praesertim
1734 1934 2037 2012 feminae,
2078 1946 2149 1999 ut
2192 1935 2420 2018 frigus,

482 2023 804 2101 inediam,
871 2034 938 2087 et
985 2024 1163 2088 sitim
1216 2022 1354 2105 pati
1404 2021 1637 2085 malint
1680 2042 1875 2103 quam
1916 2020 2034 2085 illa
2077 2022 2420 2102 attingere.

482 2109 646 2175 Fuit
688 2130 846 2193 ergo
880 2110 1145 2192 signum
1188 2129 1322 2174 non
1360 2107 1652 2192 vulgaris
1695 2106 1836 2185 zeli,
1874 2107 2151 2171 annulos
2188 2106 2313 2171 sibi
2358 2113 2422 2170 et

483 2195 776 2260 armillas
821 2194 1184 2272 detrahere,
1228 2193 1463 2276 quibus
1510 2201 1643 2258 tam
1689 2212 1884 2276 aegre
1919 2193 2107 2256 multi
2141 2191 2424 2276 spolian-

484 2290 612 2360 tur,
659 2282 855 2346 etiam
893 2280 1004 2346 ubi
1047 2301 1158 2346 eos
1201 2280 1463 2345 conficit
1498 2279 1766 2344 esuries.
1824 2277 2077 2343 Iterum
2115 2276 2423 2343 laudatur

484 2387 715 2434 eorum
757 2368 1046 2450 erogatio
1089 2387 1129 2432 a
1167 2364 1404 2448 quibus
1447 2365 1601 2431 data
1642 2364 1912 2430 fuerunt
1956 2384 2098 2435 aes.
2155 2366 2422 2442 ferrum,

482 2452 670 2536 ligna
718 2454 925 2517 sittim
946 2504 960 2531 ,
1017 2451 1134 2537 pili
1179 2471 1552 2534 caprarum,
1614 2457 1681 2514 et
1724 2451 2001 2515 arietum
2052 2449 2284 2532 pelles,
2348 2459 2421 2513 ut

481 2561 617 2604 non
692 2538 995 2604 dubitent
1066 2558 1412 2621 pauperes,
1481 2539 1782 2619 quamvis
1838 2557 1973 2601 non
2030 2534 2422 2618 respondeat

480 2627 703 2690 animo
747 2625 1056 2703 facultas,
1110 2635 1369 2709 gratum
1433 2622 1858 2687 nihilominus
1902 2622 2045 2687 Deo
2089 2642 2230 2687 esse
2273 2643 2417 2685 mu-

482 2732 613 2776 nus
661 2709 830 2793 quod
890 2732 971 2775 ex
1029 2731 1149 2775 sua
1207 2711 1531 2774 tenuitate
1576 2706 1855 2773 libenter
1897 2709 2184 2772 offerunt
2224 2726 2415 2789 quam

482 2799 539 2862 si
584 2796 768 2864 dives
810 2818 895 2860 ex
940 2816 1180 2880 magna
1222 2797 1406 2878 copia
1447 2794 1753 2877 centuplo
1796 2803 1970 2860 esset
2010 2792 2270 2877 largior.

654 2883 759 2948 30.
811 2881 1043 2954 Videte.
1087 2883 1341 2948 vocavit.
1433 2880 1564 2944 Hic
1598 2880 1681 2945 ad
1716 2880 2240 2945 exhortationem
2278 2878 2418 2943 effi-

479 2987 604 3035 cax
660 2990 802 3035 esse
867 2968 1095 3033 debuit
1150 2966 1486 3044 stimulus,
1547 2986 1743 3050 quum
1804 2965 2020 3049 palam
2073 2974 2420 3030 cernerent

479 3055 704 3120 Deum
749 3054 929 3139 operi
976 3074 1293 3137 praeesse.
1371 3052 1577 3118 Cuius
1617 3052 1713 3117 rei
1756 3050 2014 3117 illustre
2056 3051 2181 3116 fuit
2223 3051 2418 3116 docu-

480 3151 776 3220 mentum
808 3160 979 3205 nova
1021 3140 1137 3205 illa
1165 3140 1379 3204 virtus
1424 3149 1491 3202 et
1524 3137 1794 3202 insolita
1829 3158 1957 3218 qua
1999 3135 2279 3220 praediti
2322 3138 2418 3200 fu-

479 3236 678 3292 erunt
720 3225 1016 3292 Beseleel
1058 3232 1126 3290 et
1159 3224 1457 3290 Aholiah.
1525 3225 1671 3289 Etsi
1709 3223 1885 3288 enim
1929 3223 2059 3288 iam
2104 3231 2258 3289 ante
2301 3243 2415 3288 no·

478 3311 645 3377 biles
680 3313 941 3377 fuerant
984 3332 1060 3377 ac
1102 3312 1326 3376 eximii
1359 3311 1662 3381 artifices,
1699 3308 1970 3374 dubium
2012 3319 2237 3374 tamen
2281 3328 2414 3373 non

479 3408 583 3464 est
625 3397 818 3482 longe
860 3398 1009 3464 aliis
1062 3396 1323 3463 dotibus
1365 3398 1567 3462 fuisse
1609 3403 1874 3461 ornatos
1915 3416 2120 3479 usque
2165 3395 2247 3459 ad
2291 3395 2414 3458 mi-

477 3483 796 3549 raculum.
862 3482 1149 3548 Proinde
1193 3504 1322 3547 non
1358 3482 1475 3548 abs
1519 3503 1589 3546 re
1633 3480 1818 3546 iubet
1852 3481 2164 3563 populum
2202 3489 2415 3546 atten-

480 3568 635 3636 dere
672 3569 753 3635 ad
779 3569 949 3635 hanc
977 3570 1377 3651 inopinatam
1410 3568 1538 3633 Dei
1574 3568 1921 3632 virtutem:
1958 3568 2112 3651 quia
2144 3565 2417 3651 perinde

481 3667 627 3721 erat
669 3675 744 3720 ac
786 3657 842 3719 si
887 3674 1156 3719 manum
1201 3652 1284 3720 ad
1328 3654 1547 3737 operis
1591 3673 1971 3737 progressus
2014 3673 2051 3717 e
2084 3653 2263 3718 coelo
2306 3673 2414 3716 ex-

477 3741 797 3808 tenderet.
883 3740 1036 3822 Qua
1077 3742 1274 3806 etiam
1318 3741 1573 3805 ratione
1617 3750 1887 3804 notatur
1921 3739 2262 3822 utriusque
2299 3739 2415 3802 tri—

479 3829 622 3902 bus,
666 3835 933 3911 propter
978 3826 1391 3909 conspicuam
1436 3826 1686 3909 gratiae
1721 3824 2195 3903 excellentiam,
2231 3826 2416 3890 cuius

478 3915 862 3980 memoriam
925 3913 1230 3978 omnibus
1273 3911 1549 3978 saeculis
1588 3909 1904 3977 celebrari
1945 3931 2227 3993 aequum
2267 3912 2413 3975 fuit.

485 3997 695 4067 Sicuti
722 4009 944 4064 autem
972 3999 1157 4064 Deus
1194 3997 1467 4063 visibilis
1502 3998 1855 4064 sanctuarii
1890 3997 2264 4063 architectis
2300 3996 2416 4061 ho-

480 4105 710 4151 norem
757 4085 936 4150 hunc
997 4083 1267 4150 detulit:
1321 4085 1414 4148 ita
1470 4085 1863 4167 pronunciat
1905 4103 2131 4148 eorum
2175 4102 2415 4147 nomen

480 4171 621 4237 fore
656 4173 726 4236 in
762 4169 941 4237 coelo
976 4170 1333 4255 gloriosum
1374 4172 1486 4252 qui
1530 4169 1879 4252 praeclaris
1913 4168 2184 4251 spiritus
2228 4167 2417 4234 donis

481 4256 789 4324 instructi
825 4277 1009 4323 suam
1054 4275 1319 4340 operam
1356 4254 1638 4320 fideliter
1679 4253 2071 4337 impendunt
2099 4253 2178 4318 ad
2225 4255 2416 4337 spiri-

484 4344 680 4409 tualis
727 4342 951 4425 templi
1002 4341 1391 4407 aedificium.
1481 4340 1704 4422 Quum
1749 4343 1939 4405 toties
1994 4339 2102 4405 hic
2153 4341 2417 4422 ponitur
2453 4396 2464 4413 .

482 4428 694 4497 cordis
738 4430 1089 4512 sapientia,
1149 4438 1283 4491 tam
1330 4429 1397 4491 in
1450 4427 1609 4491 viris
1656 4447 1849 4509 quam
1896 4428 1965 4491 in
2010 4426 2416 4502 mulieribus,

482 4515 724 4580 mentis
766 4514 1099 4581 solertiam
1150 4511 1474 4596 intellige:
1523 4533 1739 4596 neque
1782 4513 1956 4577 enim
2005 4508 2256 4576 ta'ntum
2308 4532 2419 4577 cor

482 4610 757 4666 vocatur
792 4601 979 4667 sedes
1009 4601 1382 4678 affectuum,
1426 4596 1540 4663 sed
1572 4599 1669 4664 vis
1698 4608 1762 4664 et
1806 4598 2075 4663 facultas
2119 4598 2416 4664 intellec·

481 4687 651 4763 tiva,
702 4697 778 4752 ut
821 4687 1208 4770 loquuntur:
1263 4683 1453 4749 sicuti
1493 4684 1689 4749 Deut.
1735 4684 1853 4749 30:
1896 4685 2044 4748 Non
2081 4682 2259 4748 dedit
2297 4684 2415 4748 tibi

485 4771 800 4839 hactenus
844 4773 1029 4838 Deus
1072 4792 1184 4837 cor
1224 4771 1306 4835 ad
1349 4769 1871 4852 intelligendum.

653 4859 757 4924 31.
803 4859 892 4923 Et
932 4857 1211 4939 implevit
1250 4875 1392 4921 eum
1431 4856 1668 4937 spiritu
1699 4855 1847 4922 Dei.
1936 4856 2414 4920 Praestantiam

483 4944 733 5029 ingenii
769 4956 837 5010 et
869 4944 1170 5009 solertiae
1206 4943 1551 5025 magnifice
1587 4942 1883 5023 pluribus
1926 4941 2143 5007 verbis
2179 4940 2416 5006 iterum

480 5030 833 5113 praedicat.
922 5030 1086 5094 Fuit
1118 5030 1294 5092 enim
1330 5048 1518 5093 rarae
1557 5028 1821 5092 virtutis
1873 5048 2073 5110 quum
2111 5037 2245 5092 tam
2281 5049 2418 5093 ser-

479 5116 700 5182 viliter
764 5125 831 5182 et
879 5114 1345 5182 contumeliose
1408 5113 1695 5198 oppressi
1742 5113 2020 5179 fuissent
2061 5112 2418 5191 Israelitae,

484 5212 747 5268 exstare
790 5204 862 5266 in
916 5202 1032 5266 illa
1070 5211 1266 5284 gente
1325 5200 1625 5266 homines
1681 5201 1795 5263 tali
1853 5200 2151 5265 acumine
2207 5199 2419 5266 adhuc

479 5287 829 5372 praeditos,
894 5287 1280 5371 Replevisse
1331 5288 1568 5352 dicitur
1614 5285 1795 5350 Deus
1838 5286 2072 5368 spiritu
2108 5286 2255 5370 Dei,
2300 5284 2420 5352 hoc

480 5386 584 5442 est
628 5375 884 5443 divino:
930 5384 1005 5438 ut
1047 5373 1328 5439 sciamus
1366 5373 1483 5438 has
1529 5372 1710 5436 dotes
1746 5393 1877 5435 non
1920 5373 2116 5436 fuisse
2154 5383 2420 5436 natura-

1895 455 2302 523 REDITUS
2357 457 2481 522 AD
2529 454 3076 523 HISTORIAM.

4384 463 4472 529 62

2530 645 2682 712 liter
2723 647 3055 730 ingenitas
3099 648 3370 728 homini,
3431 670 3553 715 nec
3610 649 3934 715 industria
3977 650 4172 715 etiam
4217 659 4463 733 partas.

2531 732 2680 798 Etsi
2723 734 2902 798 enim
2946 732 3089 816 ipsa
3132 755 3387 818 quoque
3434 746 3704 800 naturae
3760 735 3930 802 bona
3975 757 4013 800 a
4056 736 4292 819 spiritu
4339 737 4464 802 Dei

2527 819 2957 901 proveniunt,
3012 822 3122 903 qui
3167 820 3444 905 singulis
3490 842 3621 886 non
3680 821 3898 887 minus
3944 819 4056 887 dat
4100 822 4468 906 intelligere

2530 925 2723 988 quam
2780 905 3035 969 vivere:
3092 906 3388 988 specialis
3443 915 3663 972 tamen
3722 906 4040 972 donorum
4096 907 4467 975 distributio

2531 1011 2824 1056 seorsum
2870 992 2935 1055 in
2983 1012 3101 1056 suo
3135 992 3346 1077 gradu
3382 992 3643 1058 eminet.
3713 993 3968 1057 Deinde
4013 993 4243 1059 habuit
4278 995 4461 1060 Deus

2529 1085 2664 1140 tam
2712 1074 3016 1160 exquisiti
3085 1078 3302 1160 operis
3347 1079 3696 1144 rationem:
3743 1087 3824 1144 ut
3864 1080 4033 1144 mira
4065 1080 4467 1164 perspicacia

2530 1182 2733 1245 supra
2761 1162 3103 1246 vulgarem
3128 1164 3391 1229 modum
3429 1164 3551 1230 hos
3594 1165 3876 1231 artifices
3910 1165 4202 1231 donaret.
4262 1165 4467 1230 Addi-

2530 1256 2641 1312 tur
2662 1248 2938 1314 facultas
2973 1249 3053 1313 ad
3092 1249 3472 1327 docendum,
3505 1251 3659 1332 quia
3693 1250 3823 1316 duo
3858 1251 3980 1317 soli
4003 1261 4138 1316 tam
4181 1252 4465 1317 arduum

2528 1354 2692 1416 opus
2737 1355 3072 1418 nunquam
3128 1344 3267 1400 tota
3323 1337 3458 1401 vita
3497 1336 3951 1402 absolvissent.
4039 1336 4199 1402 Fuit
4243 1348 4466 1403 autem

2530 1418 2692 1485 haec
2736 1441 2994 1503 quoque
3038 1421 3397 1487 dexteritas
3440 1422 3737 1488 coelestis
3774 1424 4063 1506 gratiae:
4112 1423 4265 1506 quia
4309 1423 4465 1488 alio·

2527 1506 2639 1588 qui
2674 1527 3008 1589 nunquam
3034 1516 3132 1572 tot
3167 1508 3382 1573 taedia
3417 1504 3836 1575 devorassent
3879 1510 3946 1574 in
3991 1509 4310 1593 poliendis
4354 1530 4466 1574 ru-

2529 1590 2760 1657 dibus:
2821 1614 2940 1658 nec
2983 1604 3167 1659 tanta
3207 1594 3540 1659 celeritate
3584 1615 3892 1678 magnam
3939 1596 4275 1660 hominum
4326 1604 4466 1659 tur-

2526 1676 2675 1743 bam
2733 1679 3121 1744 formassent
3163 1677 3529 1746 incredibili
3588 1681 3977 1765 symmetria
4031 1678 4114 1745 ad
4172 1680 4467 1764 singulas

2527 1765 2740 1846 operis
2791 1774 3030 1847 partes.

3039 2080 3343 2173 Exonl
3389 2106 3587 2174 oAP.
3635 2106 3952 2174 xxxvi

2688 2277 2745 2342 1.
2811 2276 2987 2344 Fecit
3037 2299 3178 2362 erqo
3234 2277 3509 2345 Beseleel
3549 2284 3605 2343 et
3647 2279 3948 2360 Aboliab,
4008 2284 4066 2344 et
4118 2282 4323 2346 omnis
4367 2282 4471 2347 vir

2521 2364 2776 2446 sapiens
2833 2366 3042 2444 corde,
3107 2364 3332 2446 quibus
3389 2364 3643 2430 dederat
3695 2364 3923 2430 Iehova
3981 2367 4358 2447 sapientiam
4410 2372 4470 2432 et

2520 2449 2990 2533 intelbiyentiam
3006 2501 3020 2526 ,
3075 2456 3146 2514 ut
3186 2450 3410 2515 scirent
3447 2450 3652 2533 facere
3710 2471 3886 2516 omne
3927 2470 4089 2532 opus
4129 2453 4472 2518 ministerii

2521 2538 2905 2614 sanctuarii,
2958 2555 3354 2618 quaecunque
3394 2541 3798 2617 praeceperat
3841 2536 4086 2602 Iehova.
4177 2539 4235 2604 2.
4296 2539 4469 2604 Nam

2522 2621 2763 2686 vocavit
2818 2621 3027 2688 Moses
3069 2620 3349 2686 Beseleel
3388 2626 3445 2687 et
3487 2621 3763 2689 Ahoziab
3776 2673 3790 2698 ‚
3850 2643 4203 2704 omnemque
4257 2626 4468 2690 virum

2522 2708 2863 2788 sapientem
2903 2708 3079 2775 corde
3094 2758 3110 2787 ,
3157 2708 3338 2772 cuius
3379 2708 3556 2773 cordi
3593 2709 3914 2774 indiderat
3953 2709 4183 2774 Iehova
4221 2711 4469 2792 sapien-

2522 2794 2709 2871 τίαηι,
2766 2799 2823 2858 et
2854 2813 3091 2860 omnem
3143 2795 3327 2859 cuius
3378 2814 3483 2859 cor
3522 2796 3895 2860 excitaverat
3947 2795 4162 2878 ipsum
4202 2801 4274 2860 ut
4306 2814 4469 2861 acce-

2521 2879 2688 2945 deret
2721 2880 2807 2944 ad
2850 2899 3007 2962 opus
3048 2879 3134 2945 ad
3169 2878 3526 2962 faciendum
3569 2880 3747 2946 tund.
3836 2880 3896 2945 3.
3963 2880 4385 2962 Tuleruntque
4423 2901 4467 2945 a

2518 2964 2684 3046 facie
2742 2964 2950 3031 Masis
2999 2985 3238 3030 omnem
3288 2967 3651 3031 oblationem
3705 2986 3895 3048 quam
3957 2967 4293 3032 attulerant
4342 2966 4468 3048 filii

2522 3051 2734 3117 Israel
2766 3052 2850 3117 ad
2884 3071 3041 3135 opus
3071 3052 3414 3117 ministerii
3445 3053 3828 3118 sanctuarii:
3868 3051 3970 3116 illi
4012 3058 4216 3118 autem
4256 3052 4468 3134 affere·

2521 3137 2671 3201 bant
2726 3139 2812 3203 ad
2856 3157 3001 3202 eum
3052 3137 3257 3202 adhuc
3309 3137 3673 3203 oblationem
3716 3143 4119 3219 spontaneam
4170 3139 4463 3220 quotidie.

2520 3221 2582 3287 4.
2666 3222 2976 3289 Venerunt
3035 3224 3244 3305 itaque
3320 3243 3527 3289 omnes
3601 3225 3914 3304 sapientes
3987 3226 4100 3307 qui
4160 3224 4203 3307 f
4280 3225 4291 3238 ’

2521 3308 3685 3476 ἈἪΨΜἪῘ)
3716 3329 3989 3461 emar
3928 3310 4469 3477 :rima

2505 3480 2788 3562 populus
2838 3479 3149 3562 afferendo
3204 3500 3397 3562 quam
3438 3500 3596 3561 opus
3637 3482 3722 3546 sit
3764 3481 3848 3546 ad
3887 3481 4310 3547 ministerium
4338 3501 4467 3561 pro

2518 3585 2699 3647 opere
2735 3564 3019 3647 faciendo
3068 3566 3230 3648 quod
3261 3568 3579 3650 praecepit
3624 3565 3851 3632 Iehova
3881 3566 4043 3648 fieri.
4133 3568 4193 3632 6.
4264 3566 4465 3633 Pme-

2517 3651 2673 3734 cepit
2713 3671 2854 3736 erqo
2898 3649 3111 3717 Moses
3150 3656 3222 3716 ut
3248 3652 3714 3733 proclamarent
3770 3653 3841 3717 in
3883 3654 4113 3718 castris
4128 3704 4144 3734 ,
4187 3653 4472 3719 dicendo:

2534 3736 2652 3802 Vir
2706 3742 2761 3802 et
2807 3737 3035 3805 mulier
3085 3758 3162 3802 ne
3215 3739 3369 3819 quid
3434 3738 3674 3804 addant
3734 3738 3907 3804 ultra
3970 3739 4054 3804 ad
4108 3739 4470 3805 oblationem

2515 3823 2882 3889 sanctitatis,
2956 3822 3178 3905 Itaque
3208 3822 3568 3906 prohibitus
3601 3828 3689 3889 est
3712 3825 3994 3907 populus
4032 3824 4113 3890 ab
4145 3823 4467 3907 offerendo,

2520 3910 2579 3975 7.
2649 3908 2931 3975 Materia
2988 3911 3153 3975 enim
3210 3913 3345 3975 erat
3398 3910 3486 3975 ad
3547 3908 3988 3992 sufficientiam
4044 3911 4138 3975 eis
4178 3929 4306 3990 pro
4353 3914 4473 3976 toto

2517 4016 2695 4078 opere
2735 3996 2823 4061 ad
2859 3995 3218 4078 faciendum
3257 3995 3457 4073 illud,
3501 4000 3558 4060 et
3597 3995 4160 4077 superabundabat.
4268 3995 4327 4061 8.
4381 3995 4474 4061 Et

2515 4082 2792 4164 fecerunt
2828 4084 3033 4147 omnis
3086 4083 3344 4164 sapiens
3383 4083 3563 4147 corde
3609 4084 3769 4148 inter
3805 4083 4099 4165 facientes
4138 4101 4325 4164 opus,
4367 4086 4468 4148 ta-

2519 4167 2915 4233 bernaculum
2970 4188 3004 4233 e
3058 4167 3261 4232 decem
3323 4168 3588 4233 cortinis
3602 4219 3616 4245 ,
3684 4188 3845 4249 quae
3905 4173 4084 4233 erant
4147 4188 4226 4232 ex
4288 4167 4468 4251 bysso

2519 4259 2780 4333 retorta,
2835 4259 2889 4318 et
2930 4253 3289 4337 hyacintho,
3342 4258 3396 4318 et
3427 4274 3766 4336 purpura,
3823 4258 3879 4318 et
3921 4254 4249 4320 vermiculo
4291 4255 4466 4330 cocci,

2521 4360 2599 4404 ex
2646 4338 2993 4416 Cherubim,
3037 4359 3216 4420 opere
3243 4339 3654 4423 phryyionico
3691 4340 3838 4423 fecit
3879 4339 4049 4405 illas.
4129 4339 4190 4404 9.
4238 4340 4469 4424 Lonqi·

2520 4425 2665 4491 tudo
2721 4426 2992 4491 cortinae
3032 4426 3229 4489 unius
3269 4429 3404 4490 erat
3443 4430 3568 4491 octo
3614 4431 3671 4491 et
3720 4426 3943 4509 viqinti
3997 4425 4337 4491 cubitorum
4351 4476 4366 4504 ,
4411 4430 4469 4490 et

2521 4515 2789 4594 quatuor
2842 4509 3186 4581 cubitorum
3242 4510 3502 4577 latitudo
3559 4513 3833 4578 cortinae
3881 4513 4106 4589 unius,
4172 4532 4469 4576 mensura

2521 4602 2658 4662 erat
2701 4597 2987 4662 omnibus
3026 4597 3300 4662 cortinis.
3388 4596 3488 4662 10.
3570 4596 3792 4663 Postea
3834 4599 4158 4664 coniunxit
4195 4598 4468 4680 quinque

2520 4682 2796 4748 cortinas
2837 4681 3100 4748 alteram
3140 4702 3280 4747 cum
3322 4683 3537 4759 altera,
3582 4688 3639 4748 et
3669 4684 3942 4766 quinque
3985 4684 4155 4749 alias
4194 4684 4469 4748 cortinas

2520 4768 2843 4834 coniunxit
2882 4769 3148 4835 alteram
3191 4786 3333 4833 cum
3371 4769 3587 4834 altera.
3679 4769 3780 4833 11.
3846 4769 4020 4834 Fecit
4060 4774 4118 4835 et
4159 4767 4468 4850 laqueolos

2520 4852 2948 4937 hyacinthinos
3019 4856 3087 4918 in
3156 4873 3271 4919 ora
3333 4854 3609 4920 cortinae
3671 4856 3897 4939 unius,
3956 4857 4027 4919 in
4082 4858 4351 4919 extremo
4393 4855 4467 4918 in

2521 4940 2944 5007 coniunctione
2957 4965 2976 5004 .-
3038 4940 3133 5004 sic
3191 4940 3340 5022 fecit
3401 4940 3472 5003 in
3537 4960 3649 5005 ora
3712 4942 3986 5006 cortinae
4059 4944 4333 5004 extrema
4396 4940 4467 5003 in

2520 5026 2939 5092 coniunctione
3013 5026 3330 5091 secundae.
3434 5026 3534 5090 12.
3613 5025 4077 5109 Quinquayinta
4154 5024 4468 5107 laqueolos

2517 5113 2664 5196 fecit
2703 5110 2773 5174 in
2813 5112 3051 5177 cortina
3090 5132 3241 5189 una,
3280 5116 3337 5176 et
3376 5113 3828 5195 quinquaqinta
3867 5110 4179 5192 laqueolos
4209 5111 4356 5187 fecit
4393 5112 4466 5176 in

2522 5204 2790 5265 camma
2845 5199 3116 5263 cortinae
3157 5198 3492 5271 secundae,
3550 5218 3711 5280 quae
3755 5202 3891 5262 erat
3940 5198 4010 5260 in
4051 5197 4467 5263 coniunctione

2523 5283 2824 5350 secunda.-
2858 5285 3124 5365 oppositi
3159 5289 3336 5349 erant
3376 5283 3650 5365 laqueoli
3681 5282 3837 5348 alter
3877 5282 4080 5348 alteri.
4144 5282 4243 5348 13.
4289 5282 4468 5349 Fecit

2525 5376 2581 5436 et
2620 5370 3075 5453 quinquaqinta
3115 5370 3377 5434 uncinos
3423 5388 3645 5434 aureos
3658 5418 3674 5446 ,
3729 5371 3784 5432 et
3823 5369 4148 5433 coniunxit
4191 5370 4470 5436 cortinas
