5017 6142
416 451 503 520 85
1825 450 2230 518 REDI'I'US
2277 452 2405 518 AD
2449 451 2993 520 HISTORIAM.
4329 460 4419 527 86

420 661 588 717 sum,
640 645 699 707 et
732 641 961 707 dixisti
1005 642 1130 707 eis.-
1172 640 1609 723 Multiplicabo
1648 660 1855 707 semen
1892 644 2167 705 vestrum
2204 639 2366 707 sicut

418 727 636 793 stellas
680 726 859 806 coeli,
919 732 979 793 et
1034 730 1220 791 totam
1279 733 1512 793 terram
1564 728 1753 791 istam
1795 745 1989 808 quam
2031 725 2173 791 dixi
2207 725 2365 792 dabo

419 812 648 879 semini
681 817 894 891 vestro,
927 818 983 879 et
1002 812 1379 879 haereditate
1399 813 1706 894 accipient
1726 811 1910 878 illam
1930 813 2002 877 in
2024 811 2359 877 saeculum.

425 898 525 964 14.
569 897 659 963 Et
690 899 1002 980 poenituit
1025 896 1316 964 Iehovam
1357 919 1550 982 super
1592 898 1759 963 malo
1796 898 1961 980 quod
2002 897 2253 965 dixerat
2297 917 2363 963 se

417 984 741 1067 fadurum
771 983 1007 1067 populo
1047 1002 1178 1049 suo,

594 1156 653 1221 7.
725 1155 914 1231 Vade,
958 1155 1263 1222 descende.
1352 1154 1539 1220 Haec
1579 1155 1870 1221 violenta
1913 1152 2037 1220 fuit
2081 1155 2359 1220 tentatio

423 1241 509 1307 ad
565 1240 1128 1324 quatefaciendam
1175 1239 1372 1305 fidem
1416 1241 1641 1307 Mosis.
1720 1240 2010 1306 Putabat
2067 1240 2360 1309 numeris

417 1327 727 1394 omnibus
784 1327 1172 1409 completam
1228 1346 1371 1392 esse
1426 1348 1615 1393 suam
1674 1333 1742 1391 et
1813 1326 2033 1411 populi
2093 1325 2362 1393 felicita-

414 1421 590 1492 tem,
645 1432 849 1496 quum
898 1412 969 1477 in
1019 1410 1258 1477 tabulis
1302 1412 1702 1496 insculptum
1746 1421 1919 1478 esset
1962 1411 2088 1478 Dei
2133 1410 2360 1477 foedus

412 1497 880 1582 perpetuitatis
934 1517 1148 1564 causa.
1246 1496 1438 1563 Nunc
1489 1519 1644 1565 vero
1701 1496 1975 1581 perfidia
2024 1506 2092 1562 et
2145 1496 2358 1563 defec-

414 1585 593 1650 tione
651 1584 876 1667 populi
925 1583 1242 1649 violatum
1287 1603 1429 1648 6666
1471 1583 1657 1649 audit
1698 1592 1766 1649 ct
1809 1582 1997 1667 quasi
2041 1583 2357 1649 abolitum

419 1669 654 1737 foedus
696 1669 887 1735 illud:
934 1669 1121 1736 cuius
1162 1668 1470 1737 interitus
1513 1689 1732 1736 secum
1779 1670 2083 1735 trahebat
2124 1669 2357 1735 salutis

416 1765 489 1821 61
551 1757 873 1821 bonorum
945 1756 1241 1820 omnium
1312 1756 1592 1821 ruinam.
1692 1755 1901 1821 Porro
1975 1776 2103 1839 quo
2173 1754 2358 1820 Deus

414 1842 706 1907 atrocius
768 1843 977 1907 sancti
1019 1842 1146 1908 viri
1190 1839 1485 1906 animum
1528 1840 1850 1922 vulneret,
1894 1841 2163 1923 perinde
2207 1861 2358 1907 eum

415 1926 802 2012 aggreditur
843 1947 920 1993 ac
954 1926 1011 1992 si
1045 1927 1111 1990 in
1147 1926 1365 2008 ipsum
1398 1926 1718 1992 recideret
1752 1946 1906 2009 pars
1940 1927 2359 2012 ignominiae.

416 2013 596 2079 Nam
654 2011 829 2096 quod
886 2010 1076 2079 dicit:
1136 2011 1415 2095 populus
1473 2022 1625 2078 tuus
1694 2033 1885 2096 quem
1946 2010 2231 2078 eduxisti
2277 2033 2361 2077 ex

417 2102 747 2183 Aegypto,
783 2098 1044 2181 obliqua
1078 2096 1494 2181 exprobratio
1538 2106 1654 2167 est.
1722 2097 1930 2181 Atqui
1954 2098 2172 2165 Moses
2194 2117 2360 2163 non·

417 2185 555 2251 nisi
601 2185 728 2250 Dei
771 2184 991 2261 iussu,
1037 2192 1103 2248 et
1139 2184 1398 2267 quidem
1442 2184 1724 2263 invitus,
1775 2193 2147 2267 susceperat
2190 2184 2362 2249 hanc

412 2271 845 2355 provinciam.
951 2269 1092 2335 Our
1167 2291 1325 2353 ergo
1397 2268 1616 2335 odiose
1686 2268 1994 2336 obiicitur
2063 2269 2359 2335 liberatio

415 2356 648 2441 populi
705 2358 774 2421 iu
821 2376 948 2440 qua
994 2356 1136 2421 Deo
1180 2362 1436 2421 tantum
1483 2354 1834 2438 paruerat?
1896 2356 1984 2420 Et
2027 2376 2146 2421 cur
2189 2354 2362 2420 ludi-

417 2442 566 2509 brio
619 2442 900 2507 habetur
942 2442 1082 2507 eius
1134 2440 1447 2506 sedulitas
1505 2441 1675 2524 quod
1740 2461 2007 2524 operam
2050 2441 2221 2507 male
2266 2440 2361 2505 lo-

417 2528 700 2606 caverit,
758 2528 871 2594 ubi
932 2527 1182 2592 nullam
1240 2526 1471 2610 culpae
1529 2535 1783 2610 partem
1827 2526 2156 2593 sustinet?
2215 2526 2359 2592 Iam

420 2614 559 2680 dixi
618 2613 833 2680 Deum
893 2614 989 2678 ita
1043 2612 1376 2678 interdum
1433 2613 1694 2695 penitus
1739 2614 2063 2697 configere
2103 2612 2361 2696 piorum

418 2701 706 2778 animos,
758 2698 1130 2783 probandae
1185 2699 1478 2782 ipsorum
1522 2699 1872 2782 patientiae
1917 2719 2115 2765 causa
2136 2751 2150 2777 ,
2195 2720 2271 2766 ac
2306 2699 2363 2763 si

416 2796 675 2852 rectum
722 2806 952 2851 eorum
996 2783 1288 2850 studium
1335 2785 1658 2850 malorum
1702 2804 1869 2868 quae
1913 2784 2219 2851 accidunt
2262 2806 2363 2851 oc-

421 2873 600 2938 casio
683 2878 874 2937 esset.
978 2868 1172 2952 Quod
1254 2870 1583 2936 subtiliter
1660 2870 1925 2953 quidam
2000 2869 2362 2954 exponunt,

415 2958 734 3043 populum
774 2956 979 3022 Mosis
1015 2956 1230 3021 vocari
1267 2957 1381 3039 qui
1419 2956 1544 3021 Dei
1589 2977 1732 3022 esse
1778 2956 2093 3021 desierat:
2132 2961 2198 3022 et
2243 2977 2362 3022 66-

416 3044 695 3111 tithesin
733 3049 1049 3120 statuunt,
1107 3062 1182 3107 ac
1226 3043 1282 3107 si
1320 3041 1568 3108 dictum
1604 3052 1806 3108 esset:
1856 3041 2154 3126 Populus
2190 3050 2359 3123 tuus,

416 3150 551 3196 non
587 3150 793 3207 meus,
825 3149 1056 3194 vereor
1089 3148 1175 3193 ne
1213 3128 1372 3193 satis
1408 3130 1673 3193 firmum
1719 3129 1823 3193 sit.
1890 3127 2063 3193 Nam
2107 3150 2190 3194 ex
2234 3149 2361 3212 quo

418 3223 562 3282 erat
618 3214 1019 3298 foedifragus
1079 3234 1208 3279 non
1263 3215 1476 3297 magis
1539 3236 1579 3279 a
1639 3214 1782 3279 Deo
1839 3214 2162 3282 alienatus
2222 3222 2364 3280 erat

414 3322 611 3386 quam
657 3321 699 3365 a
732 3299 920 3366 Mose
963 3299 1128 3385 legis
1172 3300 1490 3366 ministro.
1574 3300 1721 3365 Non
1767 3300 2018 3365 infitior
2064 3301 2223 3383 quin
2269 3310 2366 3365 ta-

415 3389 548 3456 cita
581 3387 671 3454 sit
705 3384 1044 3452 abdicatio,
1114 3385 1249 3452 Sed
1290 3384 1650 3451 tenendum
1689 3392 1789 3451 661
1831 3385 2001 3450 1116(1
2046 3386 2214 3470 quod
2261 3393 2364 3450 at-

415 3475 540 3558 tigi
592 3474 718 3539 Dei
775 3472 1151 3539 consilium:
1213 3472 1445 3537 Mosen
1496 3470 1968 3556 quodammodo
2018 3472 2235 3537 vocari
2290 3472 2362 3536 iu

415 3568 675 3645 partem
719 3559 1032 3638 criminis,
1080 3577 1206 3641 quo
1243 3558 1653 3623 examinetur
1695 3557 1833 3623 eius
1874 3557 2252 3636 tolerantia,
2298 3566 2364 3623 et

417 3646 573 3730 plus
593 3645 791 3710 etiam
823 3645 1138 3709 moeroris
1168 3664 1252 3708 ex
1279 3644 1371 3708 rei
1407 3643 1803 3727 indignitate
1838 3643 2178 3726 concipiat.
2247 3643 2360 3708 In-

418 3740 601 3796 terea
644 3729 915 3795 dubium
959 3750 1091 3795 non
1143 3738 1244 3794 est
1287 3730 1443 3812 quin
1490 3735 1820 3794 recentem
1864 3731 2144 3813 gratiam
2190 3750 2361 3795 com-

417 3824 742 3882 memoret
771 3814 972 3893 Deus,
1011 3815 1166 3899 quia
1200 3814 1645 3898 prodigiosum
1682 3823 1750 3880 et
1782 3814 2162 3881 incredibile
2198 3823 2356 3893 erat,

416 3923 527 3968 eos
597 3902 709 3986 qui
780 3921 1011 3984 nuper,
1060 3901 1431 3966 admirabili
1490 3900 1631 3965 eius
1689 3901 1981 3983 potentia
2036 3900 2358 3984 redempti

415 3988 711 4068 fuerant,
762 3995 827 4053 et
868 3988 1257 4071 quibuscum
1302 3984 1529 4052 foedus
1583 4007 1774 4052 suum
1821 4006 2050 4052 rursus
2092 3988 2358 4072 pepige-

416 4081 543 4153 rat,
589 4080 859 4158 repente
894 4073 1094 4161 fuisse
1146 4071 1227 4137 ad
1275 4072 1701 4138 defectionem
1745 4073 2124 4138 abstractos.
2209 4072 2358 4138 Ori-

416 4181 572 4225 men
638 4159 838 4225 etiam
905 4158 1293 4241 amplificat,
1362 4157 1534 4241 quod
1599 4158 1820 4222 statim
1876 4160 2263 4225 recesserint
2318 4180 2357 4223 a

416 4246 530 4311 via
587 4266 754 4329 quae
812 4253 1074 4310 ostensa
1136 4244 1370 4309 fuerat.
1463 4242 1773 4309 Nondum
1836 4243 2039 4327 elapsi
2097 4245 2356 4310 fuerant

415 4328 851 4415 quadraginta
905 4329 1044 4395 dies
1100 4335 1249 4412 post
1302 4329 1509 4394 Mosis
1569 4330 1930 4396 absentiam
1987 4351 2191 4413 quum
2238 4350 2359 4404 sua

415 4417 748 4502 pravitate
803 4415 1069 4499 impulsi
1126 4424 1281 4480 sunt
1323 4415 1397 4479 16
1450 4424 1708 4480 tantum
1751 4416 2059 4481 furorem.
2147 4415 2356 4481 Paulo

415 4509 576 4568 ante
601 4503 843 4567 mirum
886 4500 1141 4567 colendi
1180 4501 1308 4565 Dei
1343 4500 1639 4567 studium
1676 4507 2172 4575 ostentaverant
2207 4522 2353 4585 pro·

413 4588 551 4654 lixc
585 4587 924 4672 largiendo
960 4586 1272 4671 quidquid
1309 4606 1472 4671 opus
1509 4596 1681 4652 erat:
1727 4587 1810 4652 ad
1847 4588 2021 4671 ipsos
2060 4587 2355 4653 retinen-

414 4673 537 4740 dos
592 4672 1020 4740 obiiciebatur
1061 4673 1268 4738 oculis
1304 4672 1704 4738 tabernaculi
1752 4673 2067 4757 dignitas:
2130 4672 2357 4740 fractis

416 4769 517 4825 tot
568 4760 897 4844 repagulis
930 4760 1292 4842 impetuose
1336 4766 1541 4823 ruunt
1582 4765 1729 4841 post
1771 4780 1957 4823 suam
1998 4757 2355 4838 libidinem,

416 4846 696 4912 vixdum
731 4845 967 4929 elapsis
1001 4853 1148 4929 post
1190 4844 1355 4928 legis
1389 4845 1976 4928 promulgationem
2013 4865 2130 4910 sex
2172 4866 2358 4910 men-

415 4932 618 4999 sibus.
706 4933 1006 4997 Verbum
1043 4943 1216 5010 nr'w,
1263 4930 1415 5014 quia
1459 4938 1559 4996 est
1592 4931 1663 4995 in
1700 4930 2158 5013 coniugatione
2192 4932 2354 5012 Piel,

419 5019 709 5087 activum
790 5026 951 5094 est,.
1000 5025 1065 5082 et
1145 5025 1363 5081 tamen
1439 5017 1580 5081 sine
1645 5016 2007 5083 adiectione
2070 5019 2355 5100 ponitur.

416 5104 575 5170 Ideo
620 5104 819 5170 verti:
867 5102 1177 5185 Oorrupit
1221 5124 1308 5168 66.
1400 5102 1752 5169 Commode
1789 5111 2014 5169 tamen
2046 5105 2115 5168 in
2160 5125 2357 5170 sensu

415 5192 677 5275 passivo
698 5189 938 5273 poterit
967 5188 1190 5271 accipi,
1234 5187 1401 5271 quod
1441 5188 1720 5276 populus
1763 5201 2105 5273 corruptus
2139 5190 2356 5256 fuerit.

590 5276 650 5342 8.
718 5275 1128 5341 Recesserunt
1189 5274 1325 5340 cito.
1424 5275 1588 5341 'Pam
1655 5277 1870 5342 subita
1924 5276 2357 5362 transgressio

416 5363 671 5429 crimen
727 5360 829 5448 (ut
885 5360 1051 5448 dixi)
1106 5360 1476 5445 amplificat.
1568 5360 1869 5445 Speciem
1929 5359 2164 5428 deinde
2222 5383 2358 5429 cor-

2463 640 2790 723 ruptionis
2848 639 3160 723 exprimit
3203 639 3419 721 Deus,
3470 640 3642 725 quod
3689 643 3974 709 vitulum
4008 648 4410 716 conflatilem

2464 724 2616 877 ghoc
2649 734 2768 806 est,
2805 747 2967 809 opus
3004 747 3320 791 manuum
3344 726 3640 814 suarum)
3663 728 4102 797 adoraverint.
4149 732 4407 800 Notan-

2510 833 2624 877 um
2670 832 2859 891 vero,
2905 811 3078 895 quod
3124 812 3440 877 fucandae
3482 814 3838 897 impietatis
3881 837 4079 883 causa
4122 818 4408 887 iactave-

2464 905 2634 976 rant,
2661 904 2972 981 tanquam
3000 896 3264 965 sceleris
3287 898 3640 980 cumulum,
3674 900 3907 967 ultimo
3932 903 4070 968 loco
4102 905 4404 986 proferri.

2464 982 2639 1049 Nam
2695 1003 2899 1066 quum
2945 983 3239 1048 dicerent
3272 984 3419 1050 illos
3455 1006 3596 1051 esse
3631 984 3787 1052 deos
3823 1008 3863 1052 a
3905 989 4142 1070 quibus
4186 990 4413 1058 educti

2464 1068 2761 1149 fuerant,
2819 1069 3224 1154 propositum
3267 1077 3411 1134 erat
3465 1071 3704 1137 iustam
3760 1075 4248 1140 excusationem
4292 1075 4409 1142 ob-

2466 1153 2771 1235 tendere,
2829 1176 2904 1222 ac
2960 1156 3017 1221 si
3068 1176 3198 1220 non
3256 1155 3689 1223 desciscerent
3738 1178 3779 1222 a
3835 1160 3977 1225 veri
4013 1158 4142 1225 Dei
4185 1169 4252 1226 et
4296 1183 4405 1230 re-

2466 1240 2825 1324 demptoris
2880 1241 2985 1306 sui
3038 1240 3255 1306 cultu:
3327 1242 3483 1325 quin
3541 1243 3760 1326 potius
3816 1243 3940 1310 hoc
3995 1245 4414 1315 ferventioris

2464 1325 2592 1392 zeli
2649 1327 2977 1409 specimen
3036 1348 3207 1404 esse,
3277 1326 3447 1410 quod
3491 1328 3560 1392 in
3616 1328 3757 1393 6166
3811 1329 4124 1396 honorem
4182 1332 4403 1399 coram

2462 1412 2672 1480 vitulo
2728 1413 3054 1497 supplices
3109 1413 3538 1496 prociderent.
3618 1414 3699 1479 Id
3756 1435 3913 1480 vero
3958 1417 4142 1483 Deus
4187 1419 4260 1483 in
4301 1421 4405 1503 ip·

2462 1519 2569 1564 666
2623 1505 2988 1582 retorquet:
3055 1518 3131 1564 ac
3194 1499 3614 1581 conqueritur
3672 1500 3866 1566 nimis
3920 1502 4194 1586 indigna
4248 1524 4403 1569 con-

2463 1583 2735 1649 tumelia
2769 1606 2841 1649 se
2874 1584 3073 1650 fuisse
3106 1584 3434 1662 affectum,
3473 1584 3585 1651 ubi
3628 1584 3699 1649 in
3734 1585 3946 1653 locum
3970 1588 4217 1674 gloriae
4241 1610 4406 1657 suae

2461 1669 2799 1753 supposita
2839 1669 2963 1734 fuit
2996 1677 3253 1734 mortua
3289 1669 3478 1737 vituli
3514 1670 3787 1750 effigies.

2634 1755 2694 1822 9.
2770 1755 2920 1821 Vidi
2961 1756 3274 1837 populum
3324 1753 3507 1824 hunc.
3596 1756 3743 1824 Hoc
3803 1778 3959 1824 vero
4013 1759 4405 1826 acerrimum

2461 1841 2591 1908 fuit
2659 1849 2728 1906 et
2784 1841 3206 1907 durissimum
3272 1841 3426 1906 fidei
3485 1842 3693 1909 Mosis
3762 1863 4068 1909 examen:
4146 1846 4405 1928 quando

2463 1928 2650 1994 visus
2693 1934 2793 1993 est
2827 1926 3011 1993 Deus
3054 1945 3275 1993 secum
3320 1928 3460 2010 ipse
3502 1949 3837 2012 pugnare,
3881 1937 3947 1994 et
3992 1929 4319 1998 discedere
4366 1954 4407 1998 a

2464 2035 2584 2079 suo
2627 2021 2835 2097 pacto.
2925 2012 3002 2079 Si
3045 2012 3303 2096 quando
3359 2016 3672 2079 extremis
3717 2015 3908 2089 malis
3953 2013 4066 2080 diu
4110 2019 4406 2101 oppressi

2466 2121 2596 2165 non
2641 2107 2898 2164 tantum
2944 2120 3027 2164 ex
3070 2118 3254 2164 mora
3296 2098 3590 2164 taedium
3632 2101 4067 2184 concipimus,
4111 2103 4227 2168 sed
4266 2104 4407 2187 agi·

2466 2195 2686 2250 tamur
2746 2185 2945 2249 variis
3001 2183 3546 2264 dubitationibus,
3603 2206 3768 2269 quae
3827 2186 4095 2252 tandem
4152 2211 4268 2254 nos
4321 2186 4405 2254 ad

2466 2270 2986 2353 desperationem
3029 2270 3403 2349 sollicitant,
3446 2292 3520 2337 ac
3564 2270 3622 2337 si
3664 2271 3849 2336 Deus
3884 2271 4222 2339 fallacibus
4258 2295 4409 2358 pro·

2464 2357 2682 2422 missis
2725 2376 2845 2421 nos
2889 2356 3239 2423 frustratus
3284 2364 3490 2422 esset:
3550 2356 3789 2422 durum
3834 2365 3934 2423 est
3977 2379 4053 2425 ac
4098 2360 4410 2427 horribile

2464 2450 2829 2509 certamen:
2898 2462 3130 2507 verum
3193 2442 3308 2506 ubi
3373 2442 3554 2509 Deus
3619 2443 3832 2525 primo
3898 2443 4145 2511 intuitu
4210 2446 4412 2512 fidem

2464 2529 2604 2612 ipse
2649 2529 2923 2613 abrogat
2979 2527 3119 2593 suis
3170 2527 3426 2608 verbis,
3484 2527 3566 2593 ad
3625 2529 3803 2594 11666
3845 2529 4167 2613 impetum
4212 2533 4409 2599 susti-

2463 2613 2774 2692 nendum,
2819 2612 3083 2679 insolita
3126 2612 3513 2686 fortitudine
3556 2622 3622 2679 et
3663 2617 4031 2680 constantia
4077 2636 4241 2699 opus
4286 2625 4415 2684 est.

2463 2699 2637 2765 Nam
2682 2719 2886 2782 quum
2929 2697 3092 2764 fides
3136 2700 3203 2763 16
3249 2698 3448 2767 verbo
3492 2696 3764 2765 fundata
3807 2701 3926 2781 sit,
3972 2700 4088 2765 ubi
4130 2703 4415 2769 verbum

2463 2785 2684 2869 ipsum
2720 2785 2845 2851 sibi
2888 2785 3294 2851 contrarium
3328 2793 3446 2864 est,
3485 2785 3804 2869 quomodo
3844 2787 3909 2850 in
3947 2786 4065 2851 tali
4104 2788 4414 2854 conflictu

2464 2873 2610 2955 piae
2655 2870 2914 2936 animae
2958 2870 3409 2950 consisterent,
3454 2871 3582 2936 nisi
3623 2892 3732 2937 eas
3775 2871 4036 2938 fulciret
4078 2872 4415 2956 incompa-

2465 2956 2693 3023 rabilis
2737 2957 3006 3039 spiritus
3051 2956 3389 3041 potentia?
3446 2955 3529 3020 In
3576 2957 3885 3022 Abrahae
3929 2967 4152 3023 tamen
4196 2960 4413 3024 animo

2466 3051 2727 3109 tantum
2771 3043 2896 3107 fuit
2953 3041 3152 3107 robur
3208 3040 3392 3118 fidei,
3453 3051 3528 3108 ut
3592 3043 3803 3110 victor
3856 3063 3938 3108 ex
3996 3043 4119 3109 hoc
4176 3065 4416 3129 genere

2467 3129 2852 3194 tentationis
2886 3140 3268 3213 emergeret.
3335 3128 3778 3194 Audierat-ex
3814 3149 3926 3194 ore
3950 3127 4098 3209 Dei,
4135 3129 4203 3194 in
4227 3130 4415 3198 Isaac

2467 3216 2806 3281 vocabitur
2849 3213 2971 3278 tibi
3005 3233 3258 3280 semen:
3305 3224 3531 3296 postea
3564 3213 3825 3279 iubetur
3858 3215 4076 3297 ipsum
4111 3222 4419 3298 mactare,

2468 3310 2535 3365 et
2569 3320 2801 3384 corpus
2835 3298 3133 3383 redigere
3167 3299 3236 3363 in
3279 3301 3549 3365 cineres.
3596 3299 3848 3365 Verum
3874 3301 4027 3383 quia
4061 3322 4416 3383 persuasus

2468 3395 2585 3465 661,
2622 3407 2812 3470 posse
2837 3386 3052 3451 Deum
3089 3408 3172 3452 ex
3215 3387 3488 3450 mortuis
3522 3405 3775 3468 quoque
3813 3405 4040 3451 semen
4077 3387 4417 3468 suscitare,

2466 3472 2743 3555 imperio
2784 3478 2990 3555 paret.
3073 3470 3262 3536 Idem
3320 3491 3500 3537 nunc
3553 3469 3631 3536 de
3677 3471 3863 3537 Mose
3907 3479 4245 3552 narratur,
4308 3473 4418 3539 661

2466 3559 2654 3624 Deus
2713 3558 2992 3640 speciem
3053 3558 3526 3641 repugnantiae
3590 3557 3814 3623 obiicit
3867 3556 3939 3620 in
4000 3557 4204 3623 verbo
4264 3578 4415 3624 suo:

2469 3643 2626 3709 dum
2674 3644 2797 3710 sibi
2840 3644 2908 3709 in
2955 3643 3174 3708 animo
3219 3664 3360 3709 esse
3392 3643 3791 3726 pronunciat
3825 3641 4041 3708 delere
4075 3643 4412 3727 populum,

2464 3731 2570 3795 cui
2637 3730 2964 3813 pollicitus
3042 3729 3257 3795 fuerat
3322 3736 3564 3794 terram
3634 3728 3974 3795 Chanaan.
4089 3727 4411 3796 Videmus

2465 3824 2721 3894 tamen,
2781 3823 2855 3880 ut
2911 3815 3110 3881 fuerit
3164 3816 3522 3891 eluctatus,
3582 3835 3782 3897 quum
3840 3814 3912 3878 16
3967 3823 4235 3879 aeterno
4281 3814 4411 3880 Dei

2460 3900 2722 3968 foedere
2767 3910 2831 3965 et
2873 3900 3240 3967 inviolabili
3285 3901 3718 3984 acquiescens,
3767 3899 3930 3965 bene
3965 3920 4229 3982 sperare
4272 3922 4410 3967 non

2463 3987 2732 4054 destitit.
2823 3985 2898 4052 Si
2944 3988 3086 4070 quis
3132 3986 3346 4053 adhuc
3400 3993 3587 4071 roget
3642 4005 3726 4050 an
3773 4005 4084 4067 spernere
4127 3985 4236 4051 vel
4281 4007 4401 4070 pro

2459 4074 2667 4139 nihilo
2731 4073 2968 4139 ducere
3023 4073 3122 4139 fas
3181 4071 3380 4137 fuerit
3423 4071 3595 4154 quod
3640 4069 3925 4137 secundo
3971 4070 4109 4137 loco
4154 4069 4400 4137 dictum

2458 4159 2585 4225 fuit
2636 4159 2718 4225 de
2772 4158 3218 4223 internecione
3275 4157 3524 4240 populi:
3592 4154 3982 4239 respondeo,
4051 4155 4203 4221 fidei
4261 4158 4402 4225 eius

2462 4245 2805 4313 victoriam
2827 4266 2959 4309 non
2995 4243 3197 4309 fuisse
3233 4244 3512 4326 positam
3548 4243 3617 4306 in
3655 4241 3879 4308 subtili
3917 4240 4398 4324 disquisitione:

2462 4330 2577 4397 sed
2636 4351 2837 4414 quum
2884 4328 3012 4395 Dei
3072 4328 3296 4396 foedus
3355 4336 3633 4412 utroque
3691 4327 3958 4395 brachio
4002 4326 4103 4412 (ut
4146 4327 4403 4417 dicunt)

2461 4416 2808 4501 amplexus
2852 4425 3041 4496 esset,
3088 4417 3231 4480 eius
3273 4413 3514 4480 fiducia
3555 4415 3649 4480 616
3692 4413 3893 4479 fuisse
3937 4414 4285 4495 munitum,
4329 4426 4404 4480 ut

2461 4502 2676 4568 nullas
2733 4501 3130 4568 obiectiones
3187 4500 3549 4566 contrarias
3604 4499 3993 4565 admitteret.
4082 4500 4174 4564 Et
4227 4511 4402 4565 certe

2461 4588 2609 4673 piae
2651 4597 2904 4653 mentes
2947 4589 3140 4652 firma
3181 4586 3572 4652 certitudine
3615 4585 3952 4665 subnixae,
3998 4586 4297 4667 quamvis
4331 4606 4404 4651 se

2463 4696 2593 4755 non
2650 4673 3005 4757 expediant
3059 4672 3141 4738 ab
3197 4673 3376 4737 omni
3417 4692 3584 4754 quae
3628 4672 3909 4737 occurrit
3948 4671 4401 4754 perplexitate,

2461 4780 2596 4826 non
2640 4768 2860 4825 tamen
2913 4758 3275 4837 alternant,
3335 4757 3447 4824 sed
3508 4757 3833 4823 mordicus
3887 4758 4176 4822 retinent
4232 4757 4400 4838 quod

2461 4846 2665 4912 semel
2707 4847 2778 4910 in
2821 4845 2951 4911 illis
2996 4844 3371 4928 obsignavit
3406 4843 3534 4909 Dei
3591 4844 3881 4927 spiritus.
3961 4841 4155 4923 Quod
4198 4842 4255 4906 si
4299 4843 4401 4907 in-

2460 4931 2718 4997 terdum
2764 4929 3095 5014 ambigere
3153 4939 3267 4996 aut
3324 4930 3631 4996 vacillare
3686 4929 4054 5012 contingat,
4118 4925 4401 4994 redeunt

2462 5026 2685 5084 tamen
2727 5017 2809 5083 ad
2846 5038 3039 5083 suum
3076 5017 3486 5101 principium,
3532 5024 3598 5082 et
3633 5016 3852 5081 omnia
3883 5011 4214 5080 obstacula
4250 5034 4397 5096 per-

2461 5112 2806 5187 rumpunt,
2846 5124 2931 5167 ue
2976 5123 3267 5187 unquam
3312 5103 3628 5169 desistant
3670 5101 3751 5167 ab
3794 5098 4205 5166 invocatione
4251 5099 4398 5169 Dei.

2460 5191 2729 5256 Interea
2770 5198 3019 5257 certum
3067 5197 3183 5268 est,
3228 5189 3382 5254 dum
3428 5188 3624 5254 fidem
3668 5186 3874 5251 Mosis
3916 5182 4152 5268 probat
4192 5185 4398 5269 Deus,

2462 5277 2756 5342 animum
2802 5276 2942 5342 eius
3003 5295 3237 5343 acuere
3295 5275 3378 5339 ad
3443 5273 3732 5339 studium
3790 5269 4135 5354 precandi:
4202 5273 4398 5340 sicuti

2462 5363 2661 5429 etiam
2708 5363 2926 5429 Moses
2983 5363 3120 5446 ipse
3175 5381 3413 5426 arcano
3470 5357 3742 5442 spiritus
3798 5357 4113 5424 instinctu
4164 5379 4240 5424 eo
4301 5359 4401 5426 di·

3928 5458 3993 5512 6*
