5017 6142
394 448 524 513 113

389 656 544 723 pres
590 633 747 702 dnm
789 634 1000 720 legem
1044 643 1341 701 mortuae
1375 642 1444 702 et
1486 635 1856 702 mortiferae
1898 634 2125 702 literae
2168 656 2337 702 eom-

389 730 582 808 parat
632 718 720 808 (2.
758 720 908 788 Gor.
953 722 1013 800 3,
1058 721 1159 808 3):
1203 722 1357 805 quia
1399 728 1657 786 tantum
1705 730 1976 787 exarata
2016 721 2213 788 fuerit
2269 722 2337 786 in

390 807 635 875 tabulis
677 805 972 891 lapideis,
1036 828 1238 891 quum
1281 805 1513 873 salutis
1556 805 1851 874 doctrina
1895 804 2150 873 tabulas
2194 827 2338 874 cor-

391 894 494 960 dis
536 912 810 958 carneas
854 892 1158 977 requirat.

565 979 625 1045 3.
675 977 913 1044 Nullus
948 979 1238 1045 ascendat
1277 982 1489 1044 tecum,
1554 977 1805 1043 Iterum
1853 984 2159 1044 arcentur
2201 988 2336 1042 tam

390 1064 692 1131 homines
736 1085 933 1148 quam
978 1063 1221 1129 bestiae
1264 1061 1346 1127 ab
1402 1083 1665 1130 accessu
1710 1063 1982 1146 montis,
2039 1062 2211 1128 sicut
2266 1064 2336 1128 in

391 1151 610 1236 prima
651 1150 816 1235 legis
860 1149 1382 1235 promulgatione
1429 1149 1674 1214 factum
1715 1149 1962 1214 fuerat:
2004 1157 2081 1214 ut
2124 1148 2336 1232 legem

389 1248 704 1319 tanquam
769 1256 806 1300 e
885 1234 1065 1301 coelo
1142 1234 1495 1320 profectam
1574 1232 1949 1300 obedienter
2026 1234 2338 1318 suscipiat

389 1323 688 1407 populus.
748 1320 887 1387 Cur
929 1319 1114 1386 Deus
1157 1319 1413 1385 nullum
1458 1328 1690 1386 testem
1735 1316 2092 1398 admiserit,
2137 1341 2337 1403 penes

390 1410 613 1492 ipsum
658 1417 919 1472 maneat
962 1407 1158 1472 huius
1223 1404 1478 1473 consilii
1521 1406 1708 1472 ratic.
1796 1405 2132 1472 Illustrius
2191 1406 2334 1489 qui-

391 1494 539 1560 dem
606 1494 839 1559 fuisset
902 1491 1285 1558 miraculum
1314 1543 1330 1568 ,
1410 1493 1467 1556 si
1530 1501 1862 1556 momento
1926 1491 2336 1575 apparuisset

388 1582 721 1665 scriptura
762 1579 834 1643 in
879 1577 1073 1645 nudis
1108 1577 1379 1643 tabulis:
1426 1575 1537 1642 sed
1588 1576 1793 1642 voluit
1825 1575 2009 1643 Deus
2053 1576 2335 1660 aliquem

389 1666 548 1732 dare
605 1664 818 1730 locum
875 1662 1060 1744 fidei,
1105 1683 1309 1746 quum
1350 1660 1741 1728 intermedia
1798 1662 2078 1728 hominis
2136 1683 2334 1746 opera

387 1773 551 1818 usus
595 1758 714 1817 est.
760 1750 852 1815 Et
894 1759 1111 1815 tamen
1156 1747 1324 1832 quod
1371 1747 1453 1814 ad
1495 1747 1952 1813 stabiliendam
1989 1748 2153 1832 legis
2190 1748 2332 1832 dig-

387 1837 666 1903 nitatem
724 1836 884 1902 satis
941 1845 1085 1901 erat
1139 1835 1382 1920 optime
1426 1834 1742 1918 providit,
1798 1832 2055 1916 quando
2108 1833 2331 1899 decem

385 1931 737 2008 praecepta
792 1922 1015 1987 Moses
1064 1920 1285 1986 attulit
1340 1920 1411 1985 in
1463 1918 1713 1986 duabus
1771 1918 2010 1984 tabulis
2068 1919 2329 2004 scripta,

386 2029 552 2093 quas
588 2007 867 2093 populus
905 2007 1161 2074 viderat
1203 2026 1413 2089 nuper
1456 2006 1537 2071 ab
1580 2006 1720 2087 ipso
1757 2005 1968 2071 nudas
2002 2015 2070 2070 et
2103 2004 2333 2071 inanes

386 2094 552 2160 tolli.
631 2093 832 2178 Atqui
877 2094 947 2157 in
991 2100 1215 2158 monte
1257 2112 1466 2175 neque
1501 2090 1902 2174 scalpellum,
1939 2112 2147 2175 neque
2183 2112 2331 2176 gra-

385 2180 619 2264 phium
663 2180 945 2263 reperire
986 2180 1213 2262 potuit.
1259 2175 1371 2244 Sic
1416 2176 1593 2242 enim
1632 2179 1810 2243 Deus
1845 2174 2142 2243 coelestis
2176 2197 2332 2242 suae

386 2265 727 2332 doctrinae
771 2265 1319 2349 dispensationem
1365 2273 1718 2347 temperat,
1775 2272 1847 2327 ut
1890 2261 2121 2346 probet
2171 2262 2329 2328 fide·

383 2352 553 2417 lium
590 2351 973 2435 obsequium
1011 2362 1077 2415 et
1112 2348 1522 2427 docilitatem,
1568 2368 1688 2414 nec
1720 2358 1945 2413 tamen
1979 2347 2331 2433 quidquam

384 2437 717 2521 reliquum
759 2437 955 2503 faciat
997 2435 1406 2502 dubitationi.

564 2523 622 2589 5.
674 2523 848 2589 Tunc
890 2522 1193 2590 descendit
1235 2520 1467 2587 Iehova
1518 2519 1589 2584 in
1629 2519 1803 2584 nube.
1894 2519 2171 2585 Minime
2219 2521 2333 2585 du·

385 2608 571 2675 bium
615 2619 716 2674 est
757 2611 914 2691 quin
957 2616 1291 2692 spectante
1335 2606 1573 2690 populo
1614 2604 1822 2670 nubes
1866 2605 2097 2672 Mosen
2147 2628 2332 2673 exce-

386 2695 590 2779 perit:
632 2702 707 2760 ut
740 2706 1119 2779 segregatus
1163 2714 1203 2757 a
1244 2691 1574 2757 communi
1616 2690 1957 2755 hominum
1994 2691 2146 2770 vita,
2184 2700 2333 2775 post

387 2781 531 2846 dies
576 2780 1027 2864 quadraginta,
1071 2779 1258 2863 quasi
1308 2797 1520 2843 novus
1577 2776 1770 2841 homo
1816 2797 2072 2842 rursum
2122 2776 2331 2860 prodi·

388 2875 511 2932 ret.
619 2867 725 2932 Ita
774 2866 1027 2932 visibile
1082 2865 1207 2931 hoc
1263 2863 1509 2948 gloriae
1567 2863 1693 2928 Dei
1754 2863 2201 2928 testimonium
2248 2863 2331 2928 ad

385 2951 590 3018 fidem
634 2952 994 3036 praeceptis
1035 2947 1507 3018 conciliandam
1552 2947 1774 3013 valuit.
1828 2948 2036 3013 Porro
2070 2948 2332 3015 descen-

387 3059 505 3104 sus
542 3038 697 3117 Dei,
758 3037 944 3105 cuius
988 3038 1062 3102 fit
1106 3035 1383 3119 mentio,
1437 3035 1890 3118 migrationem
1934 3033 2180 3100 nullam
2227 3034 2333 3100 de-

388 3124 631 3210 signat,
671 3145 746 3191 ac
790 3124 847 3189 si
892 3122 1096 3202 Deus,
1140 3122 1249 3206 qui
1285 3123 1536 3188 coelum
1582 3130 1644 3184 et
1688 3127 1932 3185 terram
1975 3120 2221 3204 implet,
2267 3130 2334 3185 et

386 3210 580 3276 cuius
612 3210 1020 3275 immensitas
1056 3209 1293 3291 ubique
1328 3216 1428 3273 est
1461 3205 1715 3281 diffusa,
1761 3204 1978 3272 locum
2014 3215 2328 3272 mutaret:

387 3295 505 3362 sed
531 3295 597 3359 id
620 3294 905 3360 refertur
948 3293 1030 3359 ad
1074 3314 1338 3359 sensum
1369 3292 1730 3371 hominum,
1777 3293 1928 3375 quia
1963 3292 2083 3358 sub
2118 3293 2330 3376 specie

388 3382 587 3447 nubis
646 3389 920 3446 testatus
972 3390 1069 3445 est
1124 3381 1307 3446 Deus
1365 3401 1434 3445 se
1478 3378 1651 3444 Mosi
1707 3398 2063 3444 occurrere.
2151 3379 2331 3463 Ergo

386 3488 651 3533 sacrum
688 3466 813 3531 Dei
851 3487 1091 3531 nomen
1128 3466 1208 3530 ad
1245 3471 1591 3530 externum
1627 3463 1995 3548 symbolum
2039 3485 2123 3529 ex
2157 3483 2330 3528 com-

386 3554 579 3617 muni
622 3551 983 3637 scripturae
1026 3573 1150 3617 usu
1193 3552 1601 3616 transfertur.
1696 3549 1846 3614 Non
1904 3549 2077 3633 quod
2127 3549 2332 3615 nubes

382 3639 608 3704 inanis
651 3638 850 3703 fuerit
893 3638 1181 3703 absentis
1217 3636 1344 3701 Dei
1388 3637 1625 3721 figura:
1670 3634 1783 3700 sed
1830 3636 1983 3718 quia
2026 3656 2329 3718 praesen·

382 3725 553 3789 tiam
597 3723 739 3789 eius
781 3744 897 3807 pro
941 3723 1285 3788 hominum
1329 3738 1523 3805 captu
1580 3730 1814 3785 testata
1867 3732 1984 3786 est.
2073 3721 2157 3786 In
2201 3721 2331 3785 fine

384 3829 654 3875 versus:
693 3810 947 3875 Vocare
979 3810 1051 3874 in
1089 3808 1353 3874 nomine
1387 3807 1691 3883 lehovae,
1737 3806 2119 3873 tantundem
2160 3806 2335 3873 valet

386 3904 590 3978 atque
631 3896 989 3961 inclamare
1019 3896 1233 3978 ipsum
1258 3914 1516 3971 nomen,
1562 3891 1669 3958 vel
1712 3893 2126 3977 promulgare
2161 3891 2335 3975 quod

384 3980 580 4046 Deus
638 4001 829 4047 servo
887 4001 1004 4046 suo
1062 3982 1467 4045 innotescere
1534 3978 1757 4045 voluit.
1847 3978 2032 4044 Haec
2074 3977 2332 4061 quidem

386 4066 685 4149 loquutio
713 4087 904 4150 saepe
941 4067 1240 4142 occurrit,
1286 4064 1396 4130 ubi
1431 4063 1512 4129 de
1540 4065 1837 4148 precibus
1882 4066 2114 4149 agitur.
2176 4063 2335 4128 Ideo

387 4151 655 4236 quidam
717 4152 1092 4236 intelligunt
1151 4149 1231 4216 de
1288 4151 1503 4227 Mose,
1563 4148 1733 4233 quod
1775 4150 2179 4216 invocaverit
2222 4170 2334 4215 no·

386 4259 547 4303 men
591 4236 880 4303 Domini.
968 4237 1052 4302 In
1097 4257 1223 4319 qua
1282 4236 1608 4302 sententia
1664 4236 1848 4301 nulla
1898 4250 1998 4302 est
2039 4233 2333 4302 absurdi·

388 4333 516 4389 tas.
607 4324 918 4389 Liberum
979 4323 1187 4407 igitur
1244 4323 1332 4387 sit
1392 4322 1494 4387 vel
1552 4320 1632 4386 de
1676 4322 1862 4387 Mose
1922 4321 2023 4386 vel
2070 4319 2149 4385 de
2195 4322 2334 4405 ipso

388 4410 542 4475 Deo
585 4409 907 4493 accipere:
955 4428 1189 4492 nempe
1233 4406 1401 4490 quod
1426 4408 1606 4472 Deus
1643 4429 1878 4473 sonora
1916 4428 2067 4473 voce
2103 4427 2335 4490 praeco

389 4495 593 4560 fuerit
634 4516 788 4561 suae
824 4495 1108 4575 virtutis,
1150 4493 1435 4559 iustitiae
1488 4502 1552 4558 et
1602 4494 1942 4559 bonitatis:
2001 4492 2103 4557 vel
2163 4490 2333 4574 quod

389 4581 620 4647 Moses
660 4583 801 4664 ipse
845 4581 1149 4663 pietatem
1192 4600 1374 4645 suam
1422 4578 1746 4663 professus
1790 4580 1877 4644 sit
1920 4598 2135 4645 coram
2175 4579 2332 4644 Dee.

388 4666 654 4731 Verum
707 4666 879 4750 quod
934 4664 1242 4731 continuo
1300 4674 1447 4748 post
1501 4665 1795 4748 sequitur
1850 4661 1933 4728 ad
1977 4664 2193 4730 Deum
2239 4685 2336 4729 re-

389 4751 570 4818 ferre
620 4772 884 4818 necesse
928 4759 1045 4830 est,
1110 4771 1347 4835 nempe
1390 4772 1590 4833 quum
1636 4751 1942 4815 transiret
1998 4751 2333 4828 clamasse,

391 4850 472 4902 ut
535 4859 606 4903 se
673 4838 844 4903 veris
909 4837 1135 4921 elogiis
1199 4835 1572 4904 celebraret.
1677 4836 1903 4900 Primo
1968 4834 2337 4919 duplicatur

391 4945 635 4988 nomen
701 4923 986 4988 Iehovae
1050 4923 1480 5005 emphaticas,
1546 4943 1675 5005 quo
1742 4921 2051 4986 attentior
2104 4922 2334 4988 redda-

392 5018 510 5073 tur
552 5009 790 5075 Moses.
882 5008 1167 5074 Additur
1209 5029 1449 5074 nomen
1500 4993 1602 5076 SR,
1657 5007 1827 5090 quod
1870 5030 1905 5072 a
1951 5007 2337 5075 fortitudine

392 5094 665 5160 ductum
710 5115 904 5179 saepe
946 5116 1062 5177 pro
1085 5093 1229 5160 Deo
1273 5095 1544 5178 capitur,
1589 5102 1655 5158 et
1697 5114 1900 5158 unum
1945 5106 2047 5158 est
2081 5115 2164 5159 ex
2199 5095 2338 5161 eius

390 5178 788 5246 nominibus.
847 5179 1031 5264 Ergo
1066 5180 1171 5245 his
1214 5180 1478 5246 vocibus
1521 5179 1912 5262 exprimitur
1958 5177 2084 5246 Dei
2127 5194 2337 5247 aeter-

394 5266 575 5331 nitas
640 5276 709 5330 et
784 5266 1104 5331 immensa
1180 5266 1491 5350 potentia.
1601 5264 1861 5331 Deinde
1923 5263 2336 5332 clementiam

393 5372 585 5417 suam
630 5361 699 5418 et
737 5351 1243 5417 misericordiam
1288 5350 1647 5436 praedicat:
1707 5370 1914 5433 neque
1967 5371 2100 5418 uno
2143 5351 2337 5419 verbo

604 5452 827 5510 odoini
850 5467 1038 5525 opera.
1109 5454 1230 5512 Vol.
1275 5451 1396 5508 XX
1408 5454 1470 5509 V.

1796 447 2203 516 REDITUS
2247 448 2375 516 AD
2419 448 2965 517 HISTORIAM.

4264 450 4394 517 114

2440 646 2784 705 contentus
2828 646 2959 718 est,
3004 637 3116 704 sed
3161 649 3512 723 postquam
3555 661 3627 705 se
3671 638 4152 706 misericordem
4198 660 4400 708 voca-

2442 724 2556 802 vit,
2602 723 2985 791 clementiae
3028 723 3286 789 laudem
3345 724 3468 789 sibi
3529 724 3859 791 vendicat:
3921 726 4076 810 quia
4133 725 4385 794 scilieet

2441 808 2610 875 nihil
2667 810 2724 874 ei
2771 810 2978 895 magis
3023 812 3359 894 proprium
3405 831 3601 892 quam
3660 811 3917 877 bonitas
3974 821 4040 876 et
4089 812 4388 897 gratuita

2442 894 2884 961 beneficentia.
2988 893 3144 979 Ipsa
3198 915 3454 979 quoque
3509 896 3819 962 bonitatis
3878 907 3945 961 et
4000 897 4390 964 clementiae

2440 981 2609 1045 ratio
2653 981 3071 1064 exprimitur,
3138 981 3308 1064 quod
3353 1001 3480 1046 non
3531 981 3718 1047 modo
3761 982 4100 1066 placabilis
4144 983 4260 1062 sit,
4320 990 4394 1050 et

2441 1065 2523 1131 ad
2591 1065 3059 1150 ignoscendum
3124 1067 3330 1132 facilis
3393 1087 3469 1131 ac
3533 1087 3944 1151 propensus,
4025 1068 4140 1133 sed
4206 1068 4382 1152 quod

2438 1151 2765 1235 patienter
2808 1173 2915 1217 eos
2961 1152 3074 1235 qui
3116 1163 3469 1235 peccarunt
3510 1160 3878 1236 exspectet,
3937 1162 4003 1217 et
4059 1175 4181 1220 sua
4227 1155 4383 1220 tole-

2438 1238 2655 1302 rantia
2693 1238 2930 1303 invitet
2976 1235 3057 1302 ad
3102 1237 3589 1320 poenitentiam.
3660 1234 3806 1303 Hac
3851 1239 4104 1304 ratione
4150 1238 4384 1306 tardus

2439 1323 2518 1386 ad
2567 1323 2731 1387 iram
2779 1322 3048 1400 dicitur,
3111 1344 3342 1406 nempe
3387 1324 3502 1406 qui
3558 1344 3598 1387 a
3640 1323 3991 1389 severitate
4035 1323 4388 1407 abstineat,

2440 1408 2570 1473 nisi
2613 1430 2760 1474 eum
2806 1417 3070 1492 cogeret
3127 1409 3465 1474 hominum
3525 1408 3904 1493 improbitas
3962 1409 4045 1475 ad
4098 1430 4383 1494 poenam

2438 1494 2518 1560 de
2555 1494 2906 1560 sceleribus
2941 1493 3350 1577 exigendam.
3389 1494 3630 1560 Postea
3666 1494 4188 1578 magnitudinem·
4221 1516 4384 1562 suae

2436 1580 2919 1646 misericordiae
2965 1591 3031 1643 et
3077 1580 3371 1645 veritatis
3413 1579 3760 1664 praedicat.
3808 1580 3935 1646 His
3970 1589 4186 1647 autem
4228 1581 4383 1646 dua·

2436 1666 2557 1730 bns
2603 1665 2865 1731 fulturis
2911 1665 3141 1730 nititur
3183 1666 3437 1749 piorum
3484 1664 3748 1743 fiducia,
3817 1665 3972 1731 dum
4016 1666 4380 1732 misericor·

2437 1751 2612 1817 diam
2656 1750 2778 1816 sibi
2823 1750 3106 1818 oblatam
3153 1751 3457 1833 amplexi,
3501 1770 3727 1817 secure
3770 1773 4024 1835 quoque
4066 1753 4132 1817 in
4179 1751 4377 1818 fldem

2437 1846 2504 1901 et
2560 1836 3018 1903 certitudinem
3076 1837 3578 1920 promissionum
3646 1837 4052 1904 recumbunt.
4140 1838 4379 1921 Itaque

2434 1923 2502 1987 in
2542 1921 2828 1988 Psalmis
2870 1921 3131 2007 passim,
3177 1921 3287 1987 ubi
3328 1922 3499 1988 facta
3541 1930 3642 1990 est
3685 1923 3993 1989 bonitatis
4029 1922 4155 1989 Dei
4201 1944 4378 1988 men·

2434 2009 2559 2083 tie,
2629 2009 2870 2074 veritas
2931 2020 3238 2091 tanquam
3311 2007 3650 2074 individua
3706 2030 3922 2075 comes
3977 2008 4377 2094 adiungitur.

2439 2093 2664 2159 Altera
2719 2113 2976 2177 qnoque
3035 2094 3200 2158 ratio
3254 2102 3385 2172 est,
3489 2093 3597 2159 uia
3654 2116 3785 2160 non
3846 2095 4038 2161 aliter
4080 2115 4376 2178 compre·

2436 2179 2635 2244 hendi
2679 2188 2897 2263 potest
2935 2179 3060 2245 Dei
3105 2115 3552 2245 misericordia
3593 2201 3789 2263 quam
3836 2202 3919 2245 ex
3964 2181 4150 2247 verbi
4194 2179 4379 2246 testi-

2436 2265 2670 2342 monio,
2708 2266 2812 2330 cui
2846 2285 3030 2330 suam
3066 2266 3264 2348 probe
3299 2273 3596 2331 constare
3632 2266 4090 2332 certitudinem
4114 2284 4382 2332 necesse

2434 2363 2555 2429 est,
2602 2373 2684 2416 ne
2726 2350 2903 2417 salus
2948 2358 3174 2415 nostra
3219 2350 3491 2417 vacillet.
3564 2349 3758 2432 Quod
3802 2353 4115 2434 sequitur,
4159 2351 4379 2417 Deum

2436 2457 2699 2503 servare
2744 2435 3253 2502 misericordiam
3300 2437 3371 2500 in
3418 2435 3595 2502 mille
3639 2445 3905 2514 aetates,
3949 2438 4160 2520 capite
4203 2438 4379 2504 vice-
4485 2493 4495 2503 .

2437 2523 2605 2588 simo
2650 2523 3012 2605 expositum
3062 2521 3205 2587 fuit.
3293 2522 3556 2588 Poenae
3609 2542 3768 2588 vero
3816 2543 3982 2605 quas
4035 2523 4242 2607 exigit
4297 2522 4382 2589 de

2436 2610 2720 2693 peccatis
2765 2607 3124 2683 hominum,
3193 2628 3325 2673 non
3391 2608 3563 2673 ultra
3627 2610 3890 2674 tertiam
3948 2614 4016 2674 et
4078 2616 4380 2691 quartam

2437 2704 2715 2760 aetatem
2759 2703 3228 2778 prorogantur,
3289 2694 3439 2778 quia
3496 2694 3620 2760 Dei
3673 2693 4023 2762 clementia
4063 2693 4378 2761 iudicium

2435 2787 2814 2863 exsuperat:
2861 2779 3053 2845 sicuti
3096 2779 3334 2846 dicitur
3377 2782 3446 2845 in
3470 2779 3731 2845 Psalmo
3773 2778 3903 2866 (30,
3949 2778 4037 2865 6),
4084 2779 4380 2844 Momen-

2435 2875 2578 2932 tum
2622 2866 2690 2930 in
2735 2864 2836 2930 ira
2878 2867 3049 2930 eius:
3096 2866 3237 2930 vita
3279 2872 3496 2931 autem
3542 2867 3609 2931 in
3655 2863 4115 2931 misericordia.
4182 2863 4380 2946 Quod

2437 2952 2698 3017 tametsi
2744 2951 3002 3034 proprie
3045 2950 3126 3016 ad
3172 2950 3397 3018 fideles
3441 2952 3757 3033 pertinet,
3812 2974 3893 3017 ex
3940 2951 4235 3035 generali
4278 2957 4378 3015 ta-

2434 3057 2591 3103 men
2634 3036 2952 3121 principio
2996 3047 3240 3102 manat.
3329 3037 3578 3102 Eodem
3625 3058 3878 3120 quoque
3921 3036 4187 3120 respicit
4228 3056 4380 3120 pro-

2436 3123 2692 3188 ximum
2735 3121 3136 3188 membrum:
3224 3122 3489 3189 'Pollens
3531 3122 3973 3206 iniquitatem,
4041 3132 4383 3205 peccatum

2437 3219 2503 3275 et
2545 3209 2776 3274 scelus.
2870 3208 2981 3275 Sic
3025 3209 3198 3274 enim
3242 3208 3631 3291 exprimitur
3671 3206 4050 3292 magnitudo
4094 3207 4384 3274 clemen·

2438 3297 2596 3359 tiae:
2641 3294 2810 3377 quod
2855 3315 2984 3360 non
3033 3293 3285 3361 levibus
3326 3302 3586 3359 tantum
3629 3292 3880 3360 delictis
3938 3293 4051 3359 det
4094 3294 4381 3373 veniam,

2436 3380 2550 3446 sed
2609 3379 3018 3464 gravissimis
3074 3380 3436 3463 quibusque
3490 3379 3877 3445 sceleribus:
3952 3377 4187 3444 deinde
4243 3399 4377 3444 non

2436 3488 2570 3530 nno
2635 3464 2824 3531 modo
2885 3472 3218 3548 peccatum
3279 3466 3598 3544 remittat,
3667 3464 3782 3530 sed
3837 3463 4286 3548 peecatoribus
4339 3483 4382 3529 a

2435 3551 2669 3634 quibus
2725 3553 2971 3617 centies
3025 3551 3312 3617 offensus
3357 3550 3576 3632 fuerit,
3645 3551 3731 3616 sit
3774 3571 3890 3634 pro
3938 3551 4109 3617 itius.
4196 3551 4381 3617 Hinc

2435 3637 2640 3721 igitur
2694 3646 2965 3720 apparet
3018 3636 3328 3702 bonitatis
3381 3636 3523 3702 eius
3583 3637 3880 3720 magnitu
3926 3659 3982 3718 0,
4071 3636 4198 3703 uod
4254 3638 4382 3702 im-

2438 3743 2731 3789 mensam
2784 3723 3102 3788 scelerum
3162 3723 3529 3806 congeriem
3592 3721 3908 3788 absorbet.
4064 3744 4250 3789 erum
4297 3743 4384 3788 ne

2438 3808 2562 3875 hac
2640 3807 3054 3892 indulgentia
3124 3808 3204 3873 ad
3262 3807 3569 3892 peccandi
3623 3807 3955 3872 licentiam
4017 3808 4378 3889 trahamur,

2439 3915 2595 3967 mex
2638 3893 2976 3960 subiicitur
3021 3915 3136 3978 per
3175 3893 3437 3959 modum
3483 3893 3931 3969 correctionis,
3999 3892 4383 3959 Mundando

2438 4002 2572 4044 non
2631 3979 3001 4059 mundabit,
3067 3978 3237 4062 quod
3297 4001 3447 4046 cum
3506 3977 3839 4044 Chaldaeo
3897 3980 4255 4062 interprete
4314 3992 4383 4044 et

2439 4065 2587 4130 aliis
2631 4065 2712 4131 de
2755 4085 2981 4131 severo
3023 4072 3251 4131 contra
3295 4065 3600 4147 reprobos
3634 4077 3700 4131 et
3741 4064 4100 4130 obstinatos
4144 4064 4383 4132 iudicio

2439 4153 2850 4235 interpretor.
2930 4152 3156 4234 Neque
3191 4152 3363 4216 enim
3400 4150 3611 4234 placet
3644 4171 3867 4215 eorum
3905 4151 4233 4215 sententia
4267 4152 4381 4235 qui

2442 4237 2670 4303 dicunt
2713 4237 2927 4302 Deum
2974 4237 3310 4301 remittere
3355 4237 3617 4319 quidem
3662 4245 3952 4319 peccata,
4013 4234 4125 4301 sed
4170 4238 4261 4302 ita
4305 4246 4383 4302 ut

2438 4322 2691 4387 modice
2748 4324 3023 4407 castiget
3081 4343 3190 4388 eos
3247 4322 3357 4405 qui
3414 4331 3792 4406 peccarunt:
3851 4323 4001 4404 quia
4064 4321 4378 4407 frigidum

2438 4417 2541 4474 est
2583 4416 3021 4474 commentum
3066 4428 3340 4491 poenam
3377 4408 3571 4492 exigi,
3620 4407 3891 4473 remissa
3933 4406 4155 4490 culpa:
4193 4429 4378 4492 pror·

2439 4516 2552 4560 sus
2597 4494 2796 4560 etiam
2840 4492 3093 4568 falsum,
3153 4495 3306 4578 quia
3351 4515 3473 4559 usu
3517 4502 3696 4577 patet
3741 4514 3934 4576 quam
3981 4493 4188 4558 multa
4232 4515 4378 4578 pec·

2439 4592 2583 4645 cata
2632 4582 2811 4645 Deus
2855 4580 3176 4658 impunita
3216 4588 3596 4665 praetereat.
3663 4578 3899 4644 Verum
3944 4581 4188 4663 optime
4228 4602 4383 4646 con-

2439 4665 2621 4732 venit
2677 4664 2849 4748 quod
2903 4663 3073 4729 dixi:
3146 4688 3229 4730 ne
3283 4666 3638 4749 impunitus
3695 4673 3964 4749 generet
4020 4665 4377 4745 audaciam,

2437 4759 2782 4835 postquam
2839 4749 2919 4816 de
2976 4772 3095 4816 sua
3151 4750 3592 4817 misericordia
3648 4750 3953 4833 loquutus
4018 4761 4118 4816 est
4174 4751 4382 4830 Deus,

2440 4837 2889 4919 exceptionem
2955 4835 3192 4903 addere
3215 4888 3232 4917 ,
3311 4836 3721 4918 iniquitatem
3799 4836 4065 4900 minime
4131 4838 4380 4902 remitti

2440 4923 2523 4988 ad
2583 4942 2775 5004 quam
2833 4920 3079 4988 accedit
3134 4922 3502 4988 obstinatio.
3592 4924 3805 5004 Atque
3860 4920 4014 4986 hinc
4073 4920 4386 4989 videntur

2440 5008 2795 5091 sumpsisse
2839 5008 3193 5091 prophetae
3236 5005 3387 5093 (Ier.
3434 5007 3537 5086 25,
3582 5007 3666 5072 29
3710 5018 3777 5071 et
3819 5007 3921 5083 49,
3972 5003 4107 5090 12):
4148 5005 4255 5071 An
4301 5018 4376 5075 tu

2441 5091 2819 5160 mundando
2873 5091 3337 5159 mundaberis?
3407 5094 3560 5159 dum
3615 5091 3922 5176 reprobos
3984 5091 4379 5174 compellant

2441 5180 2674 5264 quibus
2716 5189 2995 5264 negatur
3042 5179 3253 5247 venia.
3342 5181 3570 5264 Itaque
3613 5179 3705 5246 sic
3749 5176 4080 5240 commode
4138 5180 4379 5247 resolvi

2440 5273 2745 5349 poterunt
2792 5264 3012 5330 verba:
3060 5265 3381 5346 Quamvis
3424 5263 3768 5331 exorabilis
3813 5263 3901 5326 sit
3944 5261 4126 5327 Deus
4183 5277 4379 5349 atque

2441 5351 2636 5416 etiam
2683 5350 2762 5415 ad
2809 5352 3278 5437 ignoscendum
3324 5350 3559 5431 facilis,
3595 5371 3724 5414 non
3768 5359 3990 5415 tamen
4033 5347 4179 5415 ideo
4223 5374 4380 5419 con-
