5017 6142
430 474 553 541 261

428 663 595 749 illis,
675 685 837 749 quas
917 686 1035 751 per
1101 666 1233 733 vim
1302 667 1522 752 adepti
1590 677 1793 736 erant.
1884 668 2076 751 Quod
2153 670 2381 737 multis

428 750 706 817 saeculis
771 751 1133 818 obsoletum
1199 767 1343 820 erat
1405 754 1736 822 subticent
1782 756 2230 836 Ammonitas,
2312 762 2379 822 et

426 835 695 903 titulum
740 837 918 903 hunc
959 838 1318 922 arripiunt,
1374 842 1675 925 quamvis
1719 840 2162 907 Emorrhaeos
2207 841 2378 909 vice·

426 923 568 987 rint
610 921 983 1006 Israelitae,
1038 945 1170 990 non
1216 936 1437 992 tamen
1483 926 1626 993 iure
1667 927 1984 994 victoriae
2028 946 2377 1012 occupasse

469 1006 602 1073 uod
682 1009 1074 1076 Emorrhaei
1153 1010 1398 1077 iniuste
1463 1022 1529 1078 et
1593 1034 1711 1097 per
1787 1013 1927 1078 vim
2008 1019 2374 1079 tenuerant.

497 1114 573 1160 oc
618 1095 888 1161 consilio
927 1096 1371 1162 narrationem
1416 1097 1591 1164 hanc
1631 1097 1912 1165 inseruit
1954 1098 2196 1166 Moses.

598 1180 703 1247 27.
770 1180 1018 1248 Idcirco
1072 1182 1287 1248 dicwtt
1330 1182 1711 1265 parabolice.
1798 1183 1947 1251 Hoc
1981 1191 2117 1253 est:
2161 1184 2376 1251 Vetus

427 1264 801 1347 dicterium,
889 1277 1002 1332 aut
1080 1267 1506 1352 proverbialis
1583 1271 1911 1336 sententia
1982 1278 2209 1336 manet
2298 1291 2374 1337 ac

423 1351 808 1418 celebratur.
898 1351 1181 1420 Videtur
1236 1362 1456 1421 autem
1513 1356 1943 1440 compositum
1989 1374 2254 1422 carmen
2299 1356 2371 1421 in

423 1458 650 1503 eorum
716 1459 996 1522 persona
1059 1439 1173 1524 qui
1226 1440 1308 1506 ad
1369 1441 1733 1507 obeundam
1791 1441 2091 1507 militiam
2156 1442 2370 1528 parati

423 1531 654 1589 mutuo
712 1546 782 1590 se
837 1524 1380 1592 cohortabantur:
1446 1526 1690 1593 Venite
1736 1548 1893 1612 ergo
1949 1528 2016 1593 in
2077 1528 2367 1595 Hesbon.

421 1608 569 1676 Hoc
598 1616 731 1676 est:
778 1611 1122 1678 Accurrite
1150 1612 1271 1679 sub
1307 1611 1624 1679 vexillum
1660 1614 1835 1699 regis
1871 1611 2098 1691 Sibon‚
2145 1633 2369 1680 accur·

421 1696 550 1760 rite
605 1695 688 1762 ad
742 1696 963 1763 sedem
1020 1704 1088 1763 et
1145 1697 1568 1783 praecipuum
1627 1699 1767 1765 eius
1824 1698 2252 1785 domicilium,
2295 1707 2372 1766 ut

422 1779 578 1846 inde
656 1780 738 1847 ad
814 1803 1104 1868 pugnam
1186 1804 1517 1852 exeamus.
1623 1784 1988 1850 Aedificare
2066 1806 2227 1852 vero
2301 1793 2371 1851 et

423 1874 803 1933 construere
879 1869 1169 1954 positum
1250 1890 1394 1936 esse
1457 1870 1856 1954 interpretor
1920 1891 2040 1955 pro
2107 1892 2369 1958 augere,

424 1973 659 2019 ornare
690 1962 755 2020 et
791 1953 1223 2040 locupletare:
1268 1956 1424 2040 qnia
1466 1956 1802 2041 probabile
1838 1976 1970 2023 non
2007 1965 2109 2024 est
2143 1958 2371 2024 urbem

422 2037 604 2105 illam
662 2040 861 2105 fuisse
916 2061 1246 2108 eversam:
1312 2041 1427 2108 sed
1490 2040 1870 2126 praedicant
1933 2063 2170 2109 novam
2237 2043 2374 2109 fore

425 2123 650 2191 urbem
672 2176 688 2207 ,
730 2126 843 2191 ubi
882 2128 1225 2194 accesserit
1260 2127 1538 2212 amplior
1578 2127 1755 2194 ditio.
1846 2127 2039 2208 Quod
2072 2130 2373 2214 proximo

423 2219 730 2278 contextu
812 2213 1045 2278 melius
1145 2213 1597 2292 confirmatur,
1684 2212 1795 2279 ubi
1877 2211 2115 2280 dicitur
2198 2214 2374 2302 ignis

423 2319 723 2449 {fessus
803 2299 1005 2364 fuisse
1069 2320 1154 2365 ex
1220 2299 1524 2380 Hesbon,
1605 2300 1717 2384 qui
1803 2300 2211 2386 consumpsit
2274 2303 2376 2368 Ar

498 2385 621 2451 oab
682 2392 750 2450 et
794 2392 998 2450 totam
1039 2385 1374 2453 viciniam.
1464 2383 1804 2467 Quantum
1850 2385 2088 2451 attinet
2131 2386 2212 2452 ad
2259 2387 2373 2453 do-

422 2471 634 2538 minos
679 2470 1085 2538 excelsorum
1134 2475 1360 2537 Arnon
1381 2521 1396 2550 ,
1455 2471 1722 2557 quidam
1766 2470 2134 2539 sacerdotes
2176 2473 2375 2538 intel·

420 2555 637 2642 ligunt
724 2557 796 2622 ui
829 2564 962 2621 tem
1010 2556 1091 2624 lis
1171 2564 1500 2623 raeerant:
1546 2556 1660 2622 alii
1693 2557 2093 2642 generaliter
2144 2566 2373 2625 exten-

423 2642 590 2708 dunt
749 2642 965 2728 quosli
1049 2649 1075 2708 t
1170 2641 1522 2709 abitatores
1565 2642 1670 2709 vel
1707 2643 1989 2712 incolas:
2045 2642 2160 2711 sed
2202 2643 2375 2730 (meo

420 2726 686 2815 iudicio)
729 2748 859 2795 non
897 2729 1069 2794 male
1112 2728 1461 2795 conveniet
1494 2728 1575 2794 de
1608 2728 1800 2795 idolis
1840 2729 2003 2815 ipsis
2047 2730 2374 2816 accipere:

425 2814 579 2899 quia
622 2835 703 2880 ex
749 2815 1052 2900 proximo
1094 2836 1293 2882 versu
1328 2823 1510 2899 patet
1545 2813 1750 2881 elatos
1784 2815 1985 2881 fuisse
2020 2814 2376 2884 insolentia

422 2901 732 2968 victores:
787 2912 865 2967 ut
918 2922 1053 2966 non
1103 2901 1299 2966 modo
1353 2900 1655 2967 homines
1710 2901 1889 2986 ipsos
1948 2900 2373 2985 despicerent,

421 2986 537 3053 sed
579 2985 733 3053 deos
775 3007 1029 3071 quoque
1071 2988 1381 3070 ipsorum.
1440 2986 1612 3052 Nam
1650 2986 1763 3053 ubi
1799 2985 2058 3054 dicunt:
2101 2987 2373 3054 Periisti

422 3073 661 3158 popule
704 3071 1022 3151 Chemos,
1068 3072 1338 3139 dubium
1385 3094 1515 3139 non
1560 3082 1664 3139 est
1705 3073 1863 3157 quin
1907 3073 2374 3141 contumeliose

421 3159 823 3243 exprobrent
850 3181 891 3224 a
924 3158 1050 3224 diis
1083 3179 1247 3243 quos
1281 3158 1582 3226 colebant
1615 3160 1787 3224 male
1812 3158 2018 3226 fuisse
2053 3158 2369 3227 defensos.

419 3244 512 3310 Et
544 3251 722 3311 certe
765 3244 1024 3331 profani
1070 3244 1370 3312 homines
1404 3244 1477 3310 in
1516 3243 1712 3310 rebus
1755 3245 2085 3330 prosperis
2128 3266 2374 3313 cornua

418 3331 488 3396 in
556 3331 807 3398 coelum
872 3329 1219 3397 attollunt:
1285 3350 1361 3396 ac
1417 3330 1474 3396 si
1532 3328 1948 3397 divinitatem
2012 3351 2180 3415 quae
2239 3331 2372 3398 illis

420 3414 702 3485 adversa
787 3416 916 3483 fuit
999 3417 1314 3501 impetere
1400 3415 1668 3485 vellent.
1755 3415 2083 3483 Derident
2166 3416 2374 3502 igitur

421 3500 741 3584 Chemos,
785 3504 937 3588 quia
979 3502 1148 3570 filios
1184 3522 1367 3583 suos,
1407 3502 1514 3568 vel
1552 3501 1873 3582 cultores,
1915 3502 2226 3589 profugos
2263 3504 2369 3571 vel

418 3590 717 3673 captivos
770 3587 1146 3655 reddiderit.
1231 3588 1313 3654 In
1374 3609 1531 3655 voce
1588 3588 1896 3654 lucernae
1959 3607 2370 3656 communem

419 3674 872 3760 metaphoram
960 3681 1258 3760 usurpat.
1361 3672 1649 3756 Quidam
1771 3683 1874 3739 ost
1959 3672 2372 3741 Chaldaeum

418 3760 849 3845 interpretem
892 3760 1245 3846 imperium
1289 3767 1584 3827 vertunt:
1630 3780 1702 3825 se
1781 3759 1979 3826 latius
2020 3767 2203 3845 patet
2237 3761 2371 3846 sig·

420 3847 727 3914 nificatio.
798 3845 1314 3932 comprehendit
1359 3846 1535 3912 enim
1580 3864 1809 3912 omnes
1844 3853 2065 3930 partes
2113 3847 2269 3913 laeti
2305 3854 2374 3912 et

420 3933 718 4016 prosperi
760 3940 990 4001 status.
1082 3931 1336 4001 Sensus
1379 3953 1536 4018 ergo
1578 3940 1711 4011 est,
1806 3931 2037 3998 loriam
2078 3932 2100 3996 i
2148 3951 2371 3998 sorum

419 4018 483 4085 et'
526 4039 756 4086 omnes
798 4039 953 4103 opes
994 4019 1195 4086 fuisse
1239 4017 1616 4086 exstinctas.
1682 4016 1771 4083 Di
1817 4038 1900 4084 on
1943 4024 2011 4084 et
2120 4016 2373 4084 edebah

419 4105 617 4171 urbes
674 4112 832 4171 sunt
881 4104 1046 4172 sitae
1089 4106 1161 4171 in
1205 4104 1522 4171 extremis
1578 4101 1825 4170 finibus
1869 4124 2070 4188 prope
2114 4112 2373 4171 torren-

416 4198 553 4342 dem
601 4191 869 4273 Arnon,
911 4212 1033 4276 per
1073 4212 1235 4276 quas
1280 4200 1485 4256 totam
1530 4188 1869 4275 planitiem
1911 4188 2373 4257 intermediam

458 4276 735 4364 esignat.

874 4617 1009 4685 Ex
1052 4616 1400 4685 NUMER„
1451 4616 1651 4685 cAP.
1698 4616 1895 4685 XXI.

584 4787 687 4856 33.
762 4786 1059 4857 Conversi
1093 4794 1302 4855 autem
1333 4789 1745 4856 ascenderunt
1768 4807 1891 4873 per
1916 4788 2090 4855 viam
2116 4786 2369 4868 Basan,

414 4881 471 4942 et
512 4894 796 4962 eqressus
828 4879 921 4943 est
969 4874 1063 4961 09
1096 4895 1212 4941 rex
1253 4873 1482 4941 Basan
1524 4875 1595 4941 in
1639 4894 1960 4942 occursum
2003 4874 2194 4959 ipsis,
2236 4875 2372 4958 ipse

416 4966 472 5027 et
533 4963 871 5028 universus
1124 4981 1205 5027 us
1279 4961 1416 5027 eius
1490 4961 1577 5028 ad
1625 4961 1947 5044 proelium
2015 4961 2084 5027 in
2147 4959 2368 5028 Edrei.

414 5047 521 5114 34.
595 5047 773 5113 Tunc
821 5047 992 5113 dixit
1049 5046 1281 5114 Iehova
1337 5047 1424 5114 ad
1476 5044 1724 5113 Mosen:
1783 5046 1883 5112 Ne
1937 5047 2161 5113 timeas
2201 5066 2371 5112 eum.-

420 5134 567 5216 quia
627 5134 697 5198 in
752 5153 948 5199 manu
1003 5138 1118 5200 tua
1168 5133 1316 5201 dedi
1371 5153 1511 5199 eum
1553 5137 1610 5199 et
1650 5132 2015 5198 universum
2064 5132 2368 5214 populum

421 5220 571 5301 eius,
600 5239 676 5286 ac
708 5223 942 5286 terram
974 5220 1144 5286 eius.-
1184 5218 1500 5302 faciesque
1533 5219 1592 5284 ei
1624 5218 2139 5301 quemadmodum
2161 5217 2372 5301 fecisti

427 5303 617 5372 Sileon
671 5306 805 5390 reqi
859 5304 1393 5372 Emorrhaeorum
1448 5305 1559 5387 qui
1610 5303 1927 5370 habitabat
1972 5304 2045 5369 in
2101 5303 2367 5370 Hesbon.

409 5389 527 5458 35.
588 5390 678 5457 Et
708 5397 1154 5476 percusserunt
1193 5411 1353 5471 m,
1395 5395 1453 5458 et
1489 5390 1660 5473 filios
1699 5391 1856 5471 eins,
1889 5390 2370 5474 universumque

1853 479 2259 550 REDI'I'US
2305 483 2432 551 AD
2473 482 3023 554 HISTORIAM.

4306 489 4441 558 262

2472 672 2774 755 popidum
2819 673 2992 744 eius.-
3042 680 3112 741 ut
3152 694 3273 742 non
3307 677 3679 745 reincmserit
3709 677 3769 744 ei
3809 683 4153 762 superstes.-
4199 683 4434 762 etpos—

2480 758 2769 825 sederunt
2808 764 3040 828 tem-am
3081 761 3238 828 eius.

3056 1100 3323 1170 nuum.
3367 1100 3690 1169 offer.
3737 1064 3865 1168 111.

2653 1271 2710 1336 1.
2776 1270 3068 1339 Conversi
3124 1277 3334 1339 autem
3374 1272 3770 1339 ascendimus
3799 1292 3922 1354 per
3964 1274 4135 1341 viam
4180 1276 4426 1359 Basan,

2476 1361 2536 1421 et
2573 1376 2859 1440 eqressus
2898 1363 2987 1425 est
3035 1356 3130 1443 09
3165 1377 3280 1425 rex
3323 1355 3549 1423 Basan
3581 1357 3760 1425 nobis
3802 1361 3869 1424 in
3913 1379 4249 1439 occursans,
4293 1365 4432 1448 ipse

2474 1447 2534 1508 et
2584 1444 2921 1510 universus
2983 1443 3264 1526 populus
3338 1443 3478 1509 eius
3546 1444 3633 1510 ad
3683 1444 4000 1526 proelium
4061 1448 4133 1513 in
4208 1447 4429 1517 Edrei.

2482 1527 2542 1594 2.
2589 1527 2682 1593 Et
2720 1529 2890 1595 dixit
2932 1528 3163 1595 Iebova
3203 1530 3290 1596 ad
3330 1548 3463 1594 me:
3521 1529 3623 1595 Ne
3663 1530 3885 1597 timeas
3925 1530 4123 1615 illum
4163 1553 4314 1600 nam
4355 1536 4428 1601 in

2474 1633 2672 1679 manu
2713 1620 2826 1680 tua
2866 1615 3013 1682 dedi
3052 1633 3193 1680 eum
3210 1666 3227 1694 ,
3272 1620 3331 1681 et
3359 1614 3725 1681 universum
3758 1618 4071 1700 populum
4125 1620 4294 1700 eius,
4353 1639 4430 1688 ac

2473 1704 2711 1766 terram
2750 1700 2917 1766 eius.-
2966 1700 3283 1784 faciesque
3323 1701 3383 1767 ei
3420 1701 3938 1782 quemadmodum
3985 1703 4190 1786 fecisti
4234 1704 4431 1773 Sihon

2473 1784 2612 1868 reqi
2645 1784 3177 1853 Emorrhaeorum
3208 1787 3321 1870 qui
3352 1785 3675 1852 habitabat
3704 1788 3775 1853 in
3808 1787 4077 1855 Hesbon.
4152 1790 4214 1857 3.
4267 1792 4426 1860 Tra·

2474 1870 2641 1938 didit
2667 1871 2881 1954 itaque
2902 1871 3130 1938 Iehova
3149 1871 3330 1939 Deus
3363 1876 3569 1937 noster
3600 1873 3791 1939 etiam
3831 1873 3925 1959 09
3952 1895 4157 1960 reqem
4180 1876 4428 1959 Basan,

2477 1960 2534 2020 et
2570 1956 2935 2023 universum
2968 1957 3281 2042 populum
3321 1960 3493 2023 eius.-
3527 1960 3960 2041 percussimus
4000 1980 4160 2042 eum,
4202 1969 4275 2028 ut
4306 1983 4431 2029 non

2474 2042 2915 2125 reliquerimus
2999 2044 3059 2109 ei
3156 2045 3564 2127 superstitem.
3666 2045 3726 2110 4.
3809 2043 4103 2128 Cepimus
4192 2068 4431 2133 quoque

2476 2148 2686 2194 ornnes
2726 2128 3835 2214 urbeseiuseotempore:nonfuit
3873 2131 4196 2200 urbsulla
4236 2154 4427 2217 quam

2476 2233 2603 2279 non
2642 2215 2991 2298 ceperimus
3032 2213 3109 2280 ab
3151 2214 3273 2296 eis,
3306 2234 3522 2299 nempe
3562 2217 3892 2300 sexaqinta
3932 2219 4148 2298 urbes,
4189 2240 4429 2286 omnem

2475 2299 2785 2384 reqionem
2849 2299 3064 2385 Arqob
3125 2301 3305 2384 requi
3377 2299 3502 2385 09,
3581 2300 3653 2365 in
3731 2301 3978 2370 Busan.
4065 2304 4126 2371 5.
4202 2304 4431 2372 Omues

2478 2389 2685 2450 atdem
2736 2385 2900 2452 istae
2953 2385 3138 2452 urbes
3178 2391 3362 2452 erant
3412 2385 3688 2452 munitae
3737 2389 3948 2453 muris
3991 2388 4139 2456 altis
4154 2441 4171 2472 ‚
4216 2393 4432 2474 portis

2477 2475 2536 2535 et
2574 2471 2875 2538 vectibus.-
2912 2477 3171 2556 praeter
3214 2472 3398 2538 urbes
3451 2492 3573 2538 non
3613 2478 3902 2540 muratas
3955 2475 4192 2542 multas
4231 2478 4433 2544 valde.

2479 2557 2540 2622 6.
2604 2556 2778 2639 Quas
2831 2557 3245 2638 vastavimus,
3319 2558 3834 2641 quemadmodum
3903 2559 4170 2642 fecimus
4232 2561 4433 2630 Sinon

2473 2642 2608 2728 reqi
2654 2641 2934 2724 Hesbon,
2982 2644 3284 2710 vastando
3324 2663 3563 2710 omnem
3595 2644 3836 2726 urbm,
3877 2644 4077 2725 viros,
4118 2648 4433 2729 mulieres,

2477 2729 2887 2811 etparvulos.
2975 2729 3033 2794 7.
3105 2728 3336 2795 Omnia
3379 2734 3587 2796 andem
3628 2730 3904 2796 iumenta
3947 2735 4004 2797 et
4057 2731 4261 2814 spolia
4320 2753 4433 2799 ur-

2477 2813 2654 2879 bium
2703 2813 3006 2897 praedati
3058 2833 3280 2881 sumus
3333 2815 3527 2881 nobis.
3616 2816 3677 2883 8.
3747 2815 4043 2883 Tulimus
4096 2818 4316 2900 itaque
4363 2838 4433 2886 eo

2475 2903 2742 2983 tempore
2773 2904 3007 2966 terram
3040 2920 3073 2966 e
3096 2920 3296 2966 manu
3326 2900 3595 2967 duorum
3627 2922 3845 2987 requm
3879 2901 4430 2984 Emorrliaeorum,

2476 3005 2638 3067 quae
2693 2990 2828 3052 erat
2880 2990 3061 3052 trans
3120 2985 3490 3068 Iordanem,
3555 3009 3598 3053 a
3634 2991 3892 3055 torrente
3956 2988 4182 3055 Arnon
4237 3009 4433 3073 usque

2475 3070 2565 3137 ad
2585 3075 2846 3138 montem
2871 3070 3165 3138 Hermon.
3225 3071 3285 3138 9.
3323 3070 3605 3157 (Sidonii
3634 3078 3850 3141 vocant
3871 3073 4154 3141 Hermon
4192 3073 4428 3155 Sirion,

2475 3162 2533 3222 et
2571 3155 2956 3223 Emorrhaei
2996 3163 3216 3224 vocant
3260 3177 3400 3223 eum
3470 3156 3701 3245 Senir).
3794 3159 3892 3225 10.
3962 3159 4187 3227 Omnes
4248 3161 4430 3228 urbes

2462 3242 2798 3325 planitiei,
2843 3247 2900 3308 et
2938 3246 3131 3310 totum
3179 3242 3406 3325 (Ji-lad,
3448 3248 3504 3310 et
3544 3264 3783 3311 omnem
3824 3243 4055 3311 Basan
4097 3265 4298 3329 usque
4344 3246 4432 3314 ad

2479 3326 2770 3409 Sakhah,
2815 3333 2872 3395 et
2902 3328 3124 3409 Edrei,
3167 3328 3352 3395 urbes
3385 3331 3562 3415 requi
3604 3328 3696 3415 09
3737 3331 3809 3396 in
3843 3329 4092 3398 Basan.
4164 3332 4263 3397 11.
4321 3330 4430 3399 So-

2472 3413 2576 3480 lus
2650 3414 2879 3498 quippe
2947 3412 3041 3499 09
3088 3426 3212 3481 'rex
3271 3412 3504 3482 Bwan
3562 3421 3951 3482 remanserat
4017 3436 4095 3483 ex
4162 3417 4430 3500 reliquis

2471 3500 2868 3585 qiqantibus:
2914 3520 3044 3567 eece
3088 3499 3278 3567 lectus
3316 3500 3488 3580 eius,
3542 3500 4043 3586 lectusferreus,
4091 3522 4295 3569 nonne
4343 3508 4434 3570 est

2475 3584 3550 3668 inRabbatbfiliorumAmmon?
3595 3606 3813 3653 novem
3857 3586 4432 3675 cubitorumlonqi-

2474 3672 2623 3772 tuido
2687 3671 2858 3751 eius,
2939 3676 2996 3738 et
3057 3676 3325 3756 quatuor
3386 3672 3731 3739 cubitorum
3802 3673 4069 3740 latitudo
4133 3675 4275 3741 eius
4342 3674 4430 3742 ad

2650 3927 2919 3995 Numer.
2986 3927 3089 4011 21,
3158 3928 3262 3995 33.
3334 3927 3629 3995 Conversi
3683 3933 3906 3995 autem.
3993 3929 4126 3997 Hic
4183 3929 4429 3997 descri-

2477 4012 2652 4079 bitur
2695 4014 2902 4081 altera
2945 4015 3166 4100 populi
3214 4015 3503 4097 victoria,
3548 4014 3616 4080 in
3663 4036 3795 4099 qua
3837 4035 4069 4081 rursus
4113 4026 4426 4102 expertus

2476 4109 2580 4166 est
2631 4101 3020 4167 continuum
3064 4100 3194 4167 Dei
3239 4100 3529 4167 favorem
3543 4150 3560 4181 ,
3616 4108 3695 4166 ut
3752 4100 4156 4168 alacritatem
4216 4104 4430 4169 conci-

2475 4194 2681 4272 peret,
2725 4206 2924 4272 seque
2969 4187 3259 4253 animose
3301 4196 3567 4271 pararet
3609 4185 3693 4252 ad
3736 4186 4081 4254 ulteriores
4124 4208 4427 4274 progres-

2476 4294 2609 4339 sus.
2697 4271 2901 4339 Oerto
2954 4272 3129 4338 enim
3189 4291 3454 4355 sperare
3507 4279 3766 4357 poterat
3810 4273 3954 4338 Deo
3998 4272 4163 4340 duce
4206 4275 4429 4342 omnia

2476 4357 2753 4424 feliciter
2842 4378 3240 4424 successura.
3328 4357 3538 4442 Regio
3623 4358 3845 4426 Basan
3929 4355 4030 4445 (ut
4104 4359 4427 4444 scriptura

2474 4443 2777 4530 pluribus
2833 4443 2994 4509 locis
3056 4441 3268 4531 docet)
3303 4444 3540 4510 fertilis
3582 4454 3758 4522 erat,
3819 4451 3886 4509 et
3928 4443 4237 4512 uberibus
4280 4464 4431 4529 pas·

2475 4531 2619 4597 cuis
2706 4529 2975 4595 nobilis:
3067 4529 3353 4613 amplam
3434 4548 3592 4596 vero
3670 4529 3872 4597 fuisse
3948 4529 4057 4596 hic
4144 4538 4427 4596 testatur

2477 4616 2720 4682 Moses.
2807 4616 2967 4681 Fuit
3044 4635 3202 4699 orgo
3278 4637 3408 4683 non
3493 4615 3764 4701 vulgare
3838 4616 4090 4701 gratiae
4156 4616 4282 4681 Dei
4358 4624 4428 4682 et

2476 4701 2708 4768 auxilii
2762 4700 3261 4779 documentum,
3329 4720 3473 4768 eam
3531 4702 3715 4784 quasi
3782 4707 4113 4767 momento
4172 4721 4423 4784 capere.

2475 4789 2710 4872 Itaque
2769 4788 2838 4852 in
2885 4786 3148 4852 Psalmo
3192 4807 3323 4853 non
3370 4785 3486 4852 abs
3530 4806 3602 4852 re
3645 4787 3712 4852 in
3759 4785 3863 4853 his
3911 4785 4202 4853 victoriis
4257 4785 4424 4853 cele-

2472 4875 2706 4941 bratur
2741 4873 2867 4938 Dei
2902 4874 3196 4958 potentia
3231 4882 3298 4939 et
3330 4873 3618 4952 bonitas,
3664 4871 3837 4957 quod
3879 4870 4189 4938 occiderit
4236 4891 4426 4957 reges

2471 4960 2676 5026 fortes
2691 5010 2707 5037 ,
2765 4957 2979 5026 Sihon
3034 4979 3252 5045 regem
3294 4957 3848 5025 Emorrhaeorum
3865 5006 3883 5039 ,
3939 4964 4007 5023 et
4048 4953 4157 5042 Og
4199 4976 4425 5043 regem

2473 5046 2731 5125 Basan,
2778 5057 2843 5110 et
2886 5065 3115 5111 omnes
3159 5065 3389 5110 eorum
3434 5056 3643 5110 terras
3689 5042 4031 5109 tradiderit
4082 5043 4153 5107 in
4190 5042 4423 5109 haere·

2473 5130 2745 5197 ditatem
2805 5131 3047 5217 populo
3103 5151 3221 5196 suo
3278 5129 3480 5217 (Psal.
3529 5129 3684 5209 135,
3750 5129 3848 5195 10.
3898 5127 4055 5207 136,
4106 5126 4192 5214 7).
4281 5128 4422 5195 Etsi

2472 5224 2695 5283 autem
2755 5236 3029 5284 numero
3087 5219 3455 5300 superiores
3510 5222 3697 5281 erant
3740 5212 4085 5279 Israelitae
4146 5213 4418 5280 dubium

2472 5313 2693 5370 tamen
2722 5325 2852 5369 non
2899 5309 3016 5382 est,
3064 5300 3219 5367 dum
3265 5302 3335 5367 in
3374 5301 3743 5368 conflictum
3791 5297 4051 5384 prodire
4094 5318 4290 5367 ausus
4322 5312 4426 5367 est

2476 5411 2594 5455 rex
2657 5391 2813 5469 iste,
2876 5390 3033 5474 quin
3093 5388 3339 5454 viribus
3396 5386 3532 5453 suis
3586 5386 3898 5468 confisus,
3956 5405 4027 5450 se
4070 5407 4296 5471 parem
4341 5387 4431 5452 ad

3901 5486 4002 5541 17*
