5017 6142
421 430 550 501 569

421 622 589 690 riam
626 622 699 689 in
744 622 1032 693 archivis
1065 622 1463 692 roeonderet.
1527 622 1669 691 Nec
1712 621 1982 688 dubium
2026 628 2127 688 est
2168 641 2373 705 quum

421 710 531 775 lex
553 708 972 791 recitabatur,
1015 710 1175 794 quin
1197 710 1542 778 accesserit
1562 708 1762 775 huius
1798 728 2051 792 quoque
2092 705 2374 773 foederis

422 795 677 881 promul
766 796 879 862 tio.
967 794 1220 863 Verum
1300 795 1453 880 quia
1527 816 1637 862 sae
1793 793 1972 879 quod
2056 792 2374 876 scriptum

423 890 526 948 est
566 882 641 947 in
712 881 868 949 'bris
910 880 1149 949 clausis
1204 880 1544 961 delitescit,
1596 901 1635 946 a
1667 878 1773 946 'ud
1826 877 2178 946 memoriae
2220 879 2375 944 sub-

421 966 663 1034 sidium
727 968 1070 1047 statuitur,
1142 967 1314 1052 quod
1369 987 1630 1051 semper
1691 966 1765 1030 in
1818 965 2115 1031 omnium
2169 962 2376 1030 oculis

422 1060 663 1133 exstet,
728 1073 964 1138 nempe
1007 1054 1175 1139 lapis
1218 1053 1340 1120 sub
1383 1073 1626 1137 quercu
1666 1072 1870 1136 prope
1912 1050 2375 1118 sanctuarium.

422 1138 486 1205 N
488 1158 574 1205 on
618 1139 788 1223 quod
825 1146 1143 1225 perpetua
1183 1139 1319 1204 illic
1344 1140 1546 1205 fuerit
1579 1158 1769 1205 arcae
1801 1137 2031 1204 statio:
2075 1135 2187 1202 sed
2225 1135 2379 1219 quia

422 1225 558 1292 illic
605 1224 819 1293 locata
859 1225 1017 1306 fuit,
1081 1233 1158 1291 ut
1198 1245 1417 1292 coram
1462 1225 1606 1290 Deo
1641 1230 2053 1307 apparerent.
2142 1221 2377 1306 Itaque

423 1311 676 1395 quoties
719 1332 792 1378 se
834 1332 1055 1378 coram
1084 1311 1233 1378 Deo
1274 1309 1614 1390 sistebant,
1657 1310 1728 1375 in
1766 1329 1992 1375 eorum
2026 1314 2377 1391 conspectu

423 1405 754 1464 versatum
812 1397 939 1463 fuit
993 1396 1443 1463 testimonium
1500 1396 1609 1463 vel
1652 1393 2027 1461 memoriale
2086 1392 2377 1477 percussi

421 1482 703 1548 foederis
722 1533 741 1563 ,
806 1504 935 1568 quo
999 1482 1237 1549 melius
1301 1482 1374 1547 in
1439 1480 1567 1548 fide
1622 1479 2090 1546 retinerentur.
2181 1475 2375 1560 Quod

419 1567 706 1652 lapidem
756 1568 912 1636 dicit
967 1569 1173 1636 verba
1236 1566 1526 1634 Iehovae
1587 1565 1901 1646 audiisse,
1960 1562 2379 1651 hyperbolica

467 1654 719 1735 uidem,
783 1654 900 1721 sed
943 1675 1074 1721 non
1118 1655 1342 1738 inepta
1398 1651 1689 1737 loquutio
1732 1661 1834 1718 est
1874 1648 1958 1717 ad
2002 1652 2375 1735 exprimen-

466 1760 574 1806 am
639 1741 963 1806 sermonis
1023 1740 1152 1806 Dei
1214 1740 1568 1806 efficaciam
1634 1745 1702 1804 et
1762 1736 2103 1817 virtutem,
2178 1756 2255 1803 ac
2318 1735 2376 1801 si

421 1824 667 1894 dictum
708 1833 896 1907 esset,
942 1833 1328 1910 pernetrare
1362 1826 1434 1891 in
1469 1844 1632 1891 saxa
1665 1832 1943 1904 mortua,
1983 1830 2049 1889 et
2090 1821 2374 1905 lapides:

420 1919 498 1977 ut
552 1911 613 1977 si
672 1911 973 1979 homines
1038 1911 1223 1978 surdi
1287 1911 1456 1992 sint,
1535 1910 1605 1976 in
1666 1909 1972 1976 omnibus
2035 1909 2376 1975 elementis

420 2005 684 2064 resonet
752 2018 979 2064 eorum
1054 1997 1407 2063 damnatio.
1516 1995 1798 2062 Mentiri
1851 1995 1993 2075 hic,
2071 2002 2148 2060 ut
2219 1993 2376 2060 alibi

422 2103 645 2166 saepe,
690 2084 1009 2168 accipitur
1051 2104 1171 2167 pro
1208 2082 1427 2148 dolose
1471 2089 1539 2148 et
1578 2081 1905 2148 fallaciter
1948 2100 2162 2166 agere,
2206 2080 2377 2146 frus-

422 2168 615 2249 trari,
680 2177 749 2235 et
802 2169 1030 2235 fallere
1095 2169 1315 2236 datam
1371 2167 1588 2236 fidem.
1687 2166 1856 2249 Quis
1928 2187 2061 2232 non
2119 2172 2382 2250 putaret

422 2254 653 2321 foedus
704 2261 840 2321 tam
905 2253 1069 2321 bene
1130 2254 1494 2321 stabilitum
1551 2253 1828 2338 posteris
1870 2253 1940 2318 in
1985 2252 2226 2318 multas
2271 2272 2378 2318 ae-

423 2347 593 2407 tates
650 2341 914 2407 firmum
972 2362 1047 2408 ac
1112 2348 1416 2407 sanctum
1468 2338 1653 2406 fore?
1744 2339 1947 2424 Atqui
2006 2357 2143 2404 non
2199 2336 2379 2403 aliud

418 2428 714 2493 maxima
770 2426 1210 2493 sollicitudine
1261 2426 1538 2510 profecit
1580 2425 1777 2492 Iosue
1793 2476 1810 2504 ,
1863 2423 1995 2491 nisi
2038 2432 2112 2490 ut
2153 2425 2379 2508 paucis

421 2513 617 2579 annis
660 2513 938 2596 vigeret.

598 2597 701 2664 29.
767 2598 901 2664 His
954 2602 1160 2663 autem
1196 2597 1407 2682 qestis.
1497 2597 1732 2663 Honor
1789 2596 2165 2680 sepulturae
2207 2593 2381 2660 indi·

420 2683 601 2750 cium
667 2685 1074 2750 reverentiae
1137 2683 1290 2763 fuit,
1364 2703 1532 2767 quae
1583 2683 1731 2766 ipsa
1786 2682 2096 2767 pietatem
2156 2679 2381 2765 populi

420 2776 664 2836 testata
698 2775 820 2836 est.
892 2767 1024 2836 Sed
1061 2776 1340 2855 utraque
1374 2789 1609 2854 parum
1644 2768 1814 2835 altas
1849 2767 2080 2834 habuit
2106 2766 2378 2833 radices.

419 2855 654 2939 Itaque
708 2854 995 2939 elogium
1038 2876 1165 2939 quo
1221 2855 1585 2941 insignitur
1636 2852 1830 2920 Iosue
1888 2861 2036 2938 post
2082 2863 2378 2931 mortem,

423 2962 629 3025 quum
721 2949 996 3009 vocatur
1075 2961 1294 3007 servus
1375 2940 1506 3008 Dei
1524 2990 1540 3018 ,
1626 2940 1884 3007 miseris
1961 2959 2036 3005 ac
2112 2936 2384 3023 perditis

423 3047 686 3093 omnem
747 3025 1235 3093 excusationem
1297 3025 1599 3106 abstulit,
1666 3027 1780 3110 qui
1834 3026 2053 3092 Deum
2110 3023 2380 3090 mirabi-

1538 430 2281 500 COMMENTARIUS
2325 431 2425 499 IN
2470 428 2752 498 IOSUE
2798 427 2995 496 CAP.
3040 426 3308 497 XXIV.

4304 429 4434 496 570

2474 618 2631 686 liter
2672 618 2744 683 in
2779 618 2920 702 ipso
2963 625 3302 701 operatum
3346 616 3542 704 paulo
3586 623 3735 702 post
3772 623 4185 702 spreverunt,
4270 617 4432 685 Ideo

2474 705 2734 788 oblique
2788 711 3055 770 notatur
3111 725 3334 770 eorum
3379 704 3836 784 inconstantia,
3878 702 4050 787 quod
4092 724 4170 771 eo
4204 725 4433 788 super-

2479 791 2632 856 stite
2668 799 2735 856 et
2776 811 2981 873 usque
3025 787 3109 855 ad
3160 800 3439 856 mortem
3494 789 3826 856 seniorum
3870 790 4016 856 Deo
4058 790 4429 858 servierint.

2479 875 2722 943 Subest
2765 876 2943 940 enim
2985 874 3189 943 tacita
3230 875 3576 942 antithesis
3610 876 3852 958 lapsus,
3898 883 3968 942 et
4001 875 4431 957 alienationis,

2480 962 2639 1028 dum
2682 961 2900 1027 subito
2935 960 3224 1046 obrepsit
3265 961 3726 1029 beneficiorum
3761 960 3891 1027 Dei
3933 959 4192 1029 oblivio.
4280 962 4432 1028 Non

2480 1049 2726 1114 mirum
2769 1047 2972 1132 igitur
3014 1059 3114 1114 est
3156 1047 3215 1113 si
3248 1046 3445 1113 hodie
3480 1066 3760 1130 quoque,
3805 1046 3916 1112 ubi
3958 1047 4142 1115 Deus
4181 1047 4431 1132 aliquos

2480 1156 2564 1199 cx
2608 1133 2817 1200 servis
2859 1133 2996 1199 suis
3027 1131 3379 1216 praeclaris
3416 1141 3483 1199 et
3515 1133 3797 1216 egregiis
3841 1132 4098 1199 dotibus
4140 1133 4429 1212 instruit,

2480 1240 2710 1286 eorum
2774 1219 3093 1285 autoritas
3157 1218 3456 1285 ordinem
3516 1228 3585 1283 et
3642 1227 3888 1284 statum
3932 1219 4242 1287 ecclesiae
4287 1226 4430 1286 tue-

2480 1313 2592 1371 tur
2635 1326 2711 1371 ac
2755 1312 3131 1371 conservat:
3193 1304 3353 1388 ipsis
3411 1312 3635 1370 autem
3688 1304 3964 1370 mortuis
4007 1306 4231 1371 statim
4275 1325 4429 1371 exo·

2481 1392 2653 1457 ritur
2705 1389 2916 1456 tristis
2975 1389 3312 1474 dissipatio
3327 1440 3345 1470 ,
3411 1397 3478 1455 et
3515 1388 3767 1456 occulta
3807 1390 4114 1474 impietas
4157 1391 4432 1458 effraeni

2480 1475 2749 1545 licentia
2790 1476 3176 1560 prorumpit.

2653 1561 2756 1628 32.
2830 1561 2996 1629 Ossa
3046 1567 3253 1627 autem
3309 1559 3553 1643 Ioseph.
3644 1561 3930 1645 Tempus
3981 1582 4107 1645 quo
4171 1560 4432 1645 sepulta

2479 1648 2749 1715 fuerunt
2805 1668 2954 1714 ossa
2993 1647 3234 1731 Ioseph
3291 1665 3426 1712 non
3479 1648 3898 1731 praefigitur:
3957 1646 4072 1713 sed
4122 1646 4432 1732 colligere

2478 1742 2853 1818 promptum
2889 1742 3008 1814 est,
3052 1755 3136 1800 ex
3170 1753 3297 1817 quo
3329 1732 3648 1799 Israelitis
3692 1740 3925 1815 pacata
3957 1733 4082 1798 fuit
4115 1732 4432 1799 habitatio

2476 1820 2664 1887 urbis
2732 1818 2998 1887 Sichem
3014 1871 3031 1899 ,
3135 1818 3349 1885 officio
3423 1817 3762 1886 defunctos
3842 1838 4002 1885 esse.
4107 1816 4428 1900 Quamvis

2477 1906 2657 1971 enim
2742 1906 2957 1972 locum
3051 1905 3354 1988 sepulcro
3448 1914 3702 1972 certum
3795 1924 3927 1970 non
4006 1903 4430 1989 designasset,

2479 1992 2748 2058 honoris
2807 2000 3029 2058 tamen
3099 2011 3296 2057 causa
3350 1990 3424 2055 in
3480 2010 3637 2073 agro
3693 2011 3889 2073 quem
3945 1998 4198 2056 emerat
4238 1988 4432 2056 Iacob

2480 2076 2678 2165 (Gen.
2753 2076 2838 2143 33
2856 2129 2873 2157 ,
2954 2075 3062 2162 19)
3127 2075 3502 2161 ponendum
3568 2096 3712 2142 esse
3790 2076 4141 2141 duxerunt.
4227 2074 4432 2140 Forte

2480 2164 2680 2230 etiam
2744 2164 2868 2229 hoc
2905 2163 3324 2247 exprimitur
3390 2160 3475 2227 ad
3537 2162 4017 2245 coarguendam
4081 2183 4151 2228 se
4246 2161 4432 2227 itiem

2480 2249 2738 2333 populi:
2806 2269 2935 2333 qua
2983 2249 3233 2316 factum
3277 2254 3409 2328 est,
3475 2255 3552 2313 ut
3606 2247 3845 2330 Ioseph
3888 2267 4038 2314 cum
4091 2246 4154 2312 A
4199 2247 4432 2313 raham

2482 2355 2616 2402 non
2682 2335 3100 2419 sepeliretur:
3191 2333 3362 2418 quod
3433 2333 3568 2400 illic
3632 2331 3847 2398 adhuc
3925 2331 4434 2400 dominabantur

2481 2421 2721 2488 hostes.
2810 2419 3194 2504 Stephanus
3251 2425 3548 2486 recenset
3594 2439 3744 2485 ossa
3802 2417 4141 2485 duodecim
4190 2419 4433 2503 patria-

2482 2508 2759 2575 charum
2804 2505 2978 2593 (Act.
3019 2507 3091 2588 7,
3153 2504 3293 2593 16),
3351 2514 3418 2572 et
3458 2505 3604 2571 fieri
3640 2509 3855 2589 potest
3894 2511 3970 2569 ut
4014 2503 4183 2569 aliae
4224 2503 4435 2570 tribus

2482 2592 2919 2660 aemulatione
2963 2591 3282 2660 adductae
3324 2591 3577 2659 cineres
3618 2597 3880 2674 patrum
3926 2609 4196 2656 suorum
4241 2589 4434 2657 colle-

2483 2679 2719 2765 gerint.
2809 2677 3006 2760 Quod
3070 2686 3286 2744 autem
3357 2697 3591 2762 agrum
3655 2674 3813 2743 dicit
3875 2683 4167 2758 emptum
4232 2675 4436 2757 fuisse

2484 2765 2567 2832 ab
2602 2765 2941 2833 Abraham
2960 2815 2976 2845 ,
3020 2764 3088 2830 in
3134 2762 3403 2829 nomine
3445 2761 3761 2831 mendum
3804 2760 4111 2845 obrepsit.
4201 2758 4436 2842 Quoad

2483 2851 2912 2936 sepulturam,
2947 2851 3017 2916 in
3052 2871 3294 2936 genere
3328 2848 3689 2916 tenendum
3724 2855 3828 2913 est
3868 2848 4061 2913 toties
4095 2866 4435 2914 occurrere

2484 2937 2626 3003 eius
2672 2938 3077 3003 mentionem
3132 2937 3206 3001 in
3255 2936 3608 3020 scriptura,
3680 2935 3835 3019 quia
3890 2932 4256 3019 symbolum
4305 2930 4436 2998 fuit

2483 3023 2981 3093 resurrectionis
3028 3023 3308 3090 futurae.
