<?xml version="1.0" encoding="UTF-8"?>
<!DOCTYPE html PUBLIC "-//W3C//DTD XHTML 1.0 Transitional//EN"
    "http://www.w3.org/TR/xhtml1/DTD/xhtml1-transitional.dtd">
<html xmlns="http://www.w3.org/1999/xhtml" xml:lang="en" lang="en">
 <head>
  <title>
</title>
<meta http-equiv="Content-Type" content="text/html;charset=utf-8" />
  <meta name='ocr-system' content='tesseract 3.04.00' />
  <meta name='ocr-capabilities' content='ocr_page ocr_carea ocr_par ocr_line ocrx_word'/>
</head>
<body>
  <div class='ocr_page' id='page_1' title='image "./ioanniscalvinio06unkngoog_0054.png"; bbox 0 0 5017 6142; ppageno 0'>
   <div class='ocr_carea' id='block_1_1' title="bbox 565 412 651 480">
    <p class='ocr_par' dir='ltr' id='par_1_1' title="bbox 565 412 651 480">
     <span class='ocr_line' id='line_1_1' title="bbox 565 412 651 480; baseline -0.012 0"><span class='ocrx_word' id='word_1_1' title='bbox 565 412 651 480; x_wconf 84' lang='lat'><strong>83</strong></span> 
     </span>
    </p>
   </div>
   <div class='ocr_carea' id='block_1_2' title="bbox 530 594 2533 5399">
    <p class='ocr_par' dir='ltr' id='par_1_2' title="bbox 530 594 2533 5399">
     <span class='ocr_line' id='line_1_2' title="bbox 570 594 2520 682; baseline -0.005 -12"><span class='ocrx_word' id='word_1_2' title='bbox 570 622 731 670; x_wconf 89' lang='lat' dir='ltr'><strong>nem</strong></span> <span class='ocrx_word' id='word_1_3' title='bbox 772 601 963 668; x_wconf 87' lang='lat' dir='ltr'><strong>bovis</strong></span> <span class='ocrx_word' id='word_1_4' title='bbox 1007 597 1407 665; x_wconf 87' lang='lat' dir='ltr'><strong>comedentis</strong></span> <span class='ocrx_word' id='word_1_5' title='bbox 1442 596 1707 662; x_wconf 82' lang='lat' dir='ltr'><strong>foenum</strong></span> <span class='ocrx_word' id='word_1_6' title='bbox 1784 596 1888 662; x_wconf 87' lang='lat' dir='ltr'><strong>Ps.</strong></span> <span class='ocrx_word' id='word_1_7' title='bbox 1939 595 2080 674; x_wconf 88' lang='lat'>106,</span> <span class='ocrx_word' id='word_1_8' title='bbox 2127 594 2258 682; x_wconf 84' lang='lat'><strong>20).</strong></span> <span class='ocrx_word' id='word_1_9' title='bbox 2346 595 2520 661; x_wconf 90' lang='lat' dir='ltr'><strong>Nam</strong></span> 
     </span>
     <span class='ocr_line' id='line_1_3' title="bbox 579 680 2521 765; baseline -0.005 -10"><span class='ocrx_word' id='word_1_10' title='bbox 579 690 637 755; x_wconf 92' lang='lat' dir='ltr'><strong>si</strong></span> <span class='ocrx_word' id='word_1_11' title='bbox 692 709 826 754; x_wconf 90' lang='lat' dir='ltr'><strong>non</strong></span> <span class='ocrx_word' id='word_1_12' title='bbox 871 688 1013 753; x_wconf 91' lang='lat' dir='ltr'><strong>sine</strong></span> <span class='ocrx_word' id='word_1_13' title='bbox 1058 682 1452 750; x_wconf 90' lang='lat' dir='ltr'><strong>contumelia</strong></span> <span class='ocrx_word' id='word_1_14' title='bbox 1496 683 1566 747; x_wconf 90' lang='lat' dir='ltr'><strong>in</strong></span> <span class='ocrx_word' id='word_1_15' title='bbox 1611 682 1954 747; x_wconf 80' lang='lat' dir='ltr'><strong>hominum</strong></span> <span class='ocrx_word' id='word_1_16' title='bbox 2000 680 2297 748; x_wconf 81' lang='lat' dir='ltr'><strong>ordinem</strong></span> <span class='ocrx_word' id='word_1_17' title='bbox 2342 681 2521 765; x_wconf 87' lang='lat' dir='ltr'><strong>cogi-</strong></span> 
     </span>
     <span class='ocr_line' id='line_1_4' title="bbox 576 767 2522 855; baseline -0.005 -14"><span class='ocrx_word' id='word_1_18' title='bbox 576 783 689 841; x_wconf 87' lang='lat' dir='ltr'><strong>tur</strong></span> <span class='ocrx_word' id='word_1_19' title='bbox 734 774 936 852; x_wconf 87' lang='lat' dir='ltr'><strong>Deus,</strong></span> <span class='ocrx_word' id='word_1_20' title='bbox 980 779 1226 855; x_wconf 88' lang='lat' dir='ltr'><strong>quanto</strong></span> <span class='ocrx_word' id='word_1_21' title='bbox 1268 769 1514 835; x_wconf 91' lang='lat' dir='ltr'><strong>maiore</strong></span> <span class='ocrx_word' id='word_1_22' title='bbox 1557 776 1626 835; x_wconf 87' lang='lat' dir='ltr'><strong>et</strong></span> <span class='ocrx_word' id='word_1_23' title='bbox 1668 769 1890 834; x_wconf 89' lang='lat' dir='ltr'><strong>minus</strong></span> <span class='ocrx_word' id='word_1_24' title='bbox 1933 767 2289 833; x_wconf 74' lang='lat' dir='ltr'><strong>excusabili</strong></span> <span class='ocrx_word' id='word_1_25' title='bbox 2332 767 2522 851; x_wconf 88' lang='lat' dir='ltr'><strong>igno-</strong></span> 
     </span>
     <span class='ocr_line' id='line_1_5' title="bbox 579 852 2522 934; baseline -0.005 -9"><span class='ocrx_word' id='word_1_26' title='bbox 579 860 792 925; x_wconf 88' lang='lat' dir='ltr'><strong>minia</strong></span> <span class='ocrx_word' id='word_1_27' title='bbox 847 858 1148 925; x_wconf 87' lang='lat' dir='ltr'><strong>foedatur</strong></span> <span class='ocrx_word' id='word_1_28' title='bbox 1196 856 1336 921; x_wconf 91' lang='lat' dir='ltr'><strong>eius</strong></span> <span class='ocrx_word' id='word_1_29' title='bbox 1392 855 1721 934; x_wconf 89' lang='lat' dir='ltr'><strong>maiestas,</strong></span> <span class='ocrx_word' id='word_1_30' title='bbox 1764 853 1921 920; x_wconf 89' lang='lat' dir='ltr'><strong>dum</strong></span> <span class='ocrx_word' id='word_1_31' title='bbox 1964 854 2177 920; x_wconf 89' lang='lat' dir='ltr'><strong>brutis</strong></span> <span class='ocrx_word' id='word_1_32' title='bbox 2221 852 2522 918; x_wconf 91' lang='lat' dir='ltr'><strong>animali-</strong></span> 
     </span>
     <span class='ocr_line' id='line_1_6' title="bbox 581 937 2523 1024; baseline -0.005 -12"><span class='ocrx_word' id='word_1_33' title='bbox 581 947 703 1012; x_wconf 91' lang='lat' dir='ltr'><strong>bus</strong></span> <span class='ocrx_word' id='word_1_34' title='bbox 747 942 1122 1012; x_wconf 79' lang='lat' dir='ltr'><strong>confertur?</strong></span> <span class='ocrx_word' id='word_1_35' title='bbox 1187 940 1372 1009; x_wconf 90' lang='lat' dir='ltr'><strong>Nihil</strong></span> <span class='ocrx_word' id='word_1_36' title='bbox 1420 951 1642 1005; x_wconf 91' lang='lat' dir='ltr'><strong>tamen</strong></span> <span class='ocrx_word' id='word_1_37' title='bbox 1685 937 1768 1004; x_wconf 89' lang='lat' dir='ltr'><strong>ad</strong></span> <span class='ocrx_word' id='word_1_38' title='bbox 1813 939 2326 1024; x_wconf 75' lang='lat' dir='ltr'><strong>resipiscentiam</strong></span> <span class='ocrx_word' id='word_1_39' title='bbox 2373 959 2523 1022; x_wconf 93' lang='lat' dir='ltr'><strong>pro-</strong></span> 
     </span>
     <span class='ocr_line' id='line_1_7' title="bbox 579 1024 2523 1114; baseline -0.004 -17"><span class='ocrx_word' id='word_1_40' title='bbox 579 1032 712 1097; x_wconf 86' lang='lat' dir='ltr'><strong>fuit</strong></span> <span class='ocrx_word' id='word_1_41' title='bbox 767 1027 942 1114; x_wconf 87' lang='lat' dir='ltr'><strong>quod</strong></span> <span class='ocrx_word' id='word_1_42' title='bbox 998 1049 1132 1094; x_wconf 90' lang='lat' dir='ltr'><strong>non</strong></span> <span class='ocrx_word' id='word_1_43' title='bbox 1182 1028 1326 1093; x_wconf 88' lang='lat' dir='ltr'><strong>sine</strong></span> <span class='ocrx_word' id='word_1_44' title='bbox 1380 1026 1801 1092; x_wconf 89' lang='lat' dir='ltr'><strong>vehementia</strong></span> <span class='ocrx_word' id='word_1_45' title='bbox 1857 1024 2170 1092; x_wconf 88' lang='lat' dir='ltr'><strong>continuo</strong></span> <span class='ocrx_word' id='word_1_46' title='bbox 2213 1033 2364 1109; x_wconf 89' lang='lat' dir='ltr'><strong>post</strong></span> <span class='ocrx_word' id='word_1_47' title='bbox 2405 1045 2523 1089; x_wconf 88' lang='lat' dir='ltr'><strong>ex-</strong></span> 
     </span>
     <span class='ocr_line' id='line_1_8' title="bbox 576 1108 2519 1200; baseline -0.004 -18"><span class='ocrx_word' id='word_1_48' title='bbox 576 1116 920 1200; x_wconf 81' lang='lat' dir='ltr'><strong>primitur,</strong></span> <span class='ocrx_word' id='word_1_49' title='bbox 971 1135 1170 1199; x_wconf 90' lang='lat' dir='ltr'><strong>quum</strong></span> <span class='ocrx_word' id='word_1_50' title='bbox 1221 1114 1396 1178; x_wconf 91' lang='lat' dir='ltr'><strong>inter</strong></span> <span class='ocrx_word' id='word_1_51' title='bbox 1446 1134 1518 1177; x_wconf 90' lang='lat' dir='ltr'><strong>se</strong></span> <span class='ocrx_word' id='word_1_52' title='bbox 1562 1112 1908 1177; x_wconf 87' lang='lat' dir='ltr'><strong>dixerunt:</strong></span> <span class='ocrx_word' id='word_1_53' title='bbox 1953 1109 2049 1175; x_wconf 87' lang='lat' dir='ltr'><strong>Hi</strong></span> <span class='ocrx_word' id='word_1_54' title='bbox 2091 1121 2249 1176; x_wconf 91' lang='lat' dir='ltr'><strong>sunt</strong></span> <span class='ocrx_word' id='word_1_55' title='bbox 2284 1108 2375 1173; x_wconf 89' lang='lat' dir='ltr'><strong>dii</strong></span> <span class='ocrx_word' id='word_1_56' title='bbox 2419 1110 2519 1175; x_wconf 89' lang='lat' dir='ltr'><strong>tui</strong></span> 
     </span>
     <span class='ocr_line' id='line_1_9' title="bbox 578 1195 2524 1283; baseline -0.004 -15"><span class='ocrx_word' id='word_1_57' title='bbox 578 1202 809 1268; x_wconf 87' lang='lat' dir='ltr'><strong>Israel.</strong></span> <span class='ocrx_word' id='word_1_58' title='bbox 893 1200 1090 1267; x_wconf 89' lang='lat' dir='ltr'><strong>Oerte</strong></span> <span class='ocrx_word' id='word_1_59' title='bbox 1133 1197 1514 1264; x_wconf 79' lang='lat' dir='ltr'><strong>deformitas</strong></span> <span class='ocrx_word' id='word_1_60' title='bbox 1558 1196 1914 1283; x_wconf 89' lang='lat' dir='ltr'><strong>spectaculi</strong></span> <span class='ocrx_word' id='word_1_61' title='bbox 1957 1195 2296 1262; x_wconf 88' lang='lat' dir='ltr'><strong>horrorem</strong></span> <span class='ocrx_word' id='word_1_62' title='bbox 2342 1196 2524 1261; x_wconf 90' lang='lat' dir='ltr'><strong>incu-</strong></span> 
     </span>
     <span class='ocr_line' id='line_1_10' title="bbox 576 1280 2523 1364; baseline -0.006 -9"><span class='ocrx_word' id='word_1_63' title='bbox 576 1296 720 1354; x_wconf 88' lang='lat' dir='ltr'><strong>tere</strong></span> <span class='ocrx_word' id='word_1_64' title='bbox 757 1286 1088 1364; x_wconf 78' lang='lat' dir='ltr'><strong>debuerat,</strong></span> <span class='ocrx_word' id='word_1_65' title='bbox 1136 1292 1207 1350; x_wconf 89' lang='lat' dir='ltr'><strong>ut</strong></span> <span class='ocrx_word' id='word_1_66' title='bbox 1248 1304 1320 1350; x_wconf 89' lang='lat' dir='ltr'><strong>se</strong></span> <span class='ocrx_word' id='word_1_67' title='bbox 1355 1283 1526 1349; x_wconf 89' lang='lat' dir='ltr'><strong>ultro</strong></span> <span class='ocrx_word' id='word_1_68' title='bbox 1570 1284 1894 1348; x_wconf 88' lang='lat' dir='ltr'><strong>amentiae</strong></span> <span class='ocrx_word' id='word_1_69' title='bbox 1924 1280 2328 1347; x_wconf 88' lang='lat' dir='ltr'><strong>damnarent.</strong></span> <span class='ocrx_word' id='word_1_70' title='bbox 2397 1282 2523 1345; x_wconf 89' lang='lat' dir='ltr'><strong>At-</strong></span> 
     </span>
     <span class='ocr_line' id='line_1_11' title="bbox 579 1366 2524 1458; baseline -0.003 -20"><span class='ocrx_word' id='word_1_71' title='bbox 579 1374 695 1458; x_wconf 90' lang='lat' dir='ltr'><strong>qui</strong></span> <span class='ocrx_word' id='word_1_72' title='bbox 751 1372 832 1438; x_wconf 89' lang='lat' dir='ltr'><strong>ad</strong></span> <span class='ocrx_word' id='word_1_73' title='bbox 894 1370 1396 1437; x_wconf 87' lang='lat' dir='ltr'><strong>obstinationem</strong></span> <span class='ocrx_word' id='word_1_74' title='bbox 1456 1390 1526 1436; x_wconf 87' lang='lat' dir='ltr'><strong>sc</strong></span> <span class='ocrx_word' id='word_1_75' title='bbox 1581 1377 1810 1434; x_wconf 88' lang='lat' dir='ltr'><strong>mutuo</strong></span> <span class='ocrx_word' id='word_1_76' title='bbox 1865 1368 2306 1434; x_wconf 77' lang='lat' dir='ltr'><strong>cohortantur.</strong></span> <span class='ocrx_word' id='word_1_77' title='bbox 2384 1366 2524 1433; x_wconf 87' lang='lat' dir='ltr'><strong>Nec</strong></span> 
     </span>
     <span class='ocr_line' id='line_1_12' title="bbox 530 1453 2522 1539; baseline -0.003 -15"><span class='ocrx_word' id='word_1_78' title='bbox 530 1474 537 1482; x_wconf 87' lang='lat'>·</span> <span class='ocrx_word' id='word_1_79' title='bbox 580 1460 757 1524; x_wconf 89' lang='lat' dir='ltr'><strong>enim</strong></span> <span class='ocrx_word' id='word_1_80' title='bbox 820 1457 1091 1523; x_wconf 91' lang='lat' dir='ltr'><strong>dubium</strong></span> <span class='ocrx_word' id='word_1_81' title='bbox 1151 1463 1251 1520; x_wconf 90' lang='lat' dir='ltr'><strong>est</strong></span> <span class='ocrx_word' id='word_1_82' title='bbox 1302 1456 1459 1539; x_wconf 91' lang='lat' dir='ltr'><strong>quin</strong></span> <span class='ocrx_word' id='word_1_83' title='bbox 1517 1454 1842 1539; x_wconf 88' lang='lat' dir='ltr'><strong>significet</strong></span> <span class='ocrx_word' id='word_1_84' title='bbox 1906 1454 2127 1519; x_wconf 85' lang='lat' dir='ltr'><strong>Moses</strong></span> <span class='ocrx_word' id='word_1_85' title='bbox 2170 1454 2330 1519; x_wconf 91' lang='lat' dir='ltr'><strong>alios</strong></span> <span class='ocrx_word' id='word_1_86' title='bbox 2376 1453 2522 1518; x_wconf 90' lang='lat' dir='ltr'><strong>aliis</strong></span> 
     </span>
     <span class='ocr_line' id='line_1_13' title="bbox 576 1539 2524 1623; baseline -0.003 -14"><span class='ocrx_word' id='word_1_87' title='bbox 576 1543 788 1609; x_wconf 88' lang='lat' dir='ltr'><strong>fuisse</strong></span> <span class='ocrx_word' id='word_1_88' title='bbox 823 1543 1099 1623; x_wconf 84' lang='lat' dir='ltr'><strong>flabella,</strong></span> <span class='ocrx_word' id='word_1_89' title='bbox 1144 1550 1213 1607; x_wconf 93' lang='lat' dir='ltr'><strong>et</strong></span> <span class='ocrx_word' id='word_1_90' title='bbox 1245 1541 1341 1607; x_wconf 89' lang='lat' dir='ltr'><strong>ita</strong></span> <span class='ocrx_word' id='word_1_91' title='bbox 1392 1540 1565 1605; x_wconf 90' lang='lat' dir='ltr'><strong>ultro</strong></span> <span class='ocrx_word' id='word_1_92' title='bbox 1609 1543 1898 1623; x_wconf 87' lang='lat' dir='ltr'><strong>citroque</strong></span> <span class='ocrx_word' id='word_1_93' title='bbox 1947 1560 2283 1605; x_wconf 89' lang='lat' dir='ltr'><strong>accensam</strong></span> <span class='ocrx_word' id='word_1_94' title='bbox 2319 1539 2524 1603; x_wconf 84' lang='lat' dir='ltr'><strong>fuisse</strong></span> 
     </span>
     <span class='ocr_line' id='line_1_14' title="bbox 579 1625 2523 1708; baseline -0.004 -13"><span class='ocrx_word' id='word_1_95' title='bbox 579 1629 849 1695; x_wconf 87' lang='lat' dir='ltr'><strong>rabiem.</strong></span> <span class='ocrx_word' id='word_1_96' title='bbox 937 1628 1107 1694; x_wconf 89' lang='lat' dir='ltr'><strong>Nam</strong></span> <span class='ocrx_word' id='word_1_97' title='bbox 1155 1627 1348 1693; x_wconf 90' lang='lat' dir='ltr'><strong>sicuti</strong></span> <span class='ocrx_word' id='word_1_98' title='bbox 1392 1625 1696 1692; x_wconf 88' lang='lat' dir='ltr'><strong>fidelibus</strong></span> <span class='ocrx_word' id='word_1_99' title='bbox 1744 1625 2157 1708; x_wconf 87' lang='lat' dir='ltr'><strong>praecipiunt</strong></span> <span class='ocrx_word' id='word_1_100' title='bbox 2200 1625 2410 1691; x_wconf 79' lang='lat' dir='ltr'><strong>Isaiae</strong></span> <span class='ocrx_word' id='word_1_101' title='bbox 2455 1628 2523 1690; x_wconf 88' lang='lat' dir='ltr'><strong>et</strong></span> 
     </span>
     <span class='ocr_line' id='line_1_15' title="bbox 580 1710 2523 1797; baseline -0.004 -16"><span class='ocrx_word' id='word_1_102' title='bbox 580 1715 919 1781; x_wconf 83' lang='lat' dir='ltr'><strong>Michaeas</strong></span> <span class='ocrx_word' id='word_1_103' title='bbox 971 1721 1045 1780; x_wconf 84' lang='lat' dir='ltr'><strong>ut</strong></span> <span class='ocrx_word' id='word_1_104' title='bbox 1104 1714 1373 1797; x_wconf 91' lang='lat' dir='ltr'><strong>quisque</strong></span> <span class='ocrx_word' id='word_1_105' title='bbox 1416 1712 1606 1777; x_wconf 86' lang='lat' dir='ltr'><strong>fratri</strong></span> <span class='ocrx_word' id='word_1_106' title='bbox 1642 1733 1913 1776; x_wconf 89' lang='lat' dir='ltr'><strong>manum</strong></span> <span class='ocrx_word' id='word_1_107' title='bbox 1957 1711 2266 1797; x_wconf 88' lang='lat' dir='ltr'><strong>porrigat,</strong></span> <span class='ocrx_word' id='word_1_108' title='bbox 2312 1719 2379 1776; x_wconf 90' lang='lat' dir='ltr'><strong>et</strong></span> <span class='ocrx_word' id='word_1_109' title='bbox 2418 1710 2523 1774; x_wconf 89' lang='lat' dir='ltr'><strong>in-</strong></span> 
     </span>
     <span class='ocr_line' id='line_1_16' title="bbox 577 1794 2521 1876; baseline -0.003 -10"><span class='ocrx_word' id='word_1_110' title='bbox 577 1808 683 1867; x_wconf 87' lang='lat' dir='ltr'><strong>ter</strong></span> <span class='ocrx_word' id='word_1_111' title='bbox 726 1821 797 1865; x_wconf 89' lang='lat' dir='ltr'><strong>se</strong></span> <span class='ocrx_word' id='word_1_112' title='bbox 844 1799 1098 1865; x_wconf 88' lang='lat' dir='ltr'><strong>dicant:</strong></span> <span class='ocrx_word' id='word_1_113' title='bbox 1168 1797 1427 1876; x_wconf 86' lang='lat' dir='ltr'><strong>Venite,</strong></span> <span class='ocrx_word' id='word_1_114' title='bbox 1474 1797 1901 1864; x_wconf 88' lang='lat' dir='ltr'><strong>ascendamus</strong></span> <span class='ocrx_word' id='word_1_115' title='bbox 1941 1798 2008 1861; x_wconf 90' lang='lat' dir='ltr'><strong>in</strong></span> <span class='ocrx_word' id='word_1_116' title='bbox 2053 1806 2337 1862; x_wconf 88' lang='lat' dir='ltr'><strong>montem</strong></span> <span class='ocrx_word' id='word_1_117' title='bbox 2383 1794 2521 1861; x_wconf 88' lang='lat' dir='ltr'><strong>Do·</strong></span> 
     </span>
     <span class='ocr_line' id='line_1_17' title="bbox 582 1881 2523 1972; baseline -0.003 -20"><span class='ocrx_word' id='word_1_118' title='bbox 582 1886 749 1952; x_wconf 89' lang='lat' dir='ltr'><strong>mini</strong></span> <span class='ocrx_word' id='word_1_119' title='bbox 785 1884 939 1972; x_wconf 89' lang='lat' dir='ltr'><strong>(Isa.</strong></span> <span class='ocrx_word' id='word_1_120' title='bbox 965 1886 1026 1966; x_wconf 85' lang='lat'><strong>2,</strong></span> <span class='ocrx_word' id='word_1_121' title='bbox 1071 1885 1132 1951; x_wconf 80' lang='lat'><strong>2.</strong></span> <span class='ocrx_word' id='word_1_122' title='bbox 1178 1883 1379 1950; x_wconf 85' lang='lat' dir='ltr'><strong>Mich.</strong></span> <span class='ocrx_word' id='word_1_123' title='bbox 1425 1882 1486 1964; x_wconf 86' lang='lat'><strong>4,</strong></span> <span class='ocrx_word' id='word_1_124' title='bbox 1532 1882 1635 1970; x_wconf 83' lang='lat'><strong>2):</strong></span> <span class='ocrx_word' id='word_1_125' title='bbox 1672 1884 1765 1948; x_wconf 91' lang='lat' dir='ltr'><strong>ita</strong></span> <span class='ocrx_word' id='word_1_126' title='bbox 1808 1902 2123 1967; x_wconf 88' lang='lat' dir='ltr'><strong>perversa</strong></span> <span class='ocrx_word' id='word_1_127' title='bbox 2171 1881 2523 1947; x_wconf 83' lang='lat' dir='ltr'><strong>aemulatio</strong></span> 
     </span>
     <span class='ocr_line' id='line_1_18' title="bbox 584 1968 2523 2038; baseline -0.003 -1"><span class='ocrx_word' id='word_1_128' title='bbox 584 1971 954 2038; x_wconf 87' lang='lat' dir='ltr'><strong>incredulos</strong></span> <span class='ocrx_word' id='word_1_129' title='bbox 1013 1970 1316 2037; x_wconf 86' lang='lat' dir='ltr'><strong>sollicitat</strong></span> <span class='ocrx_word' id='word_1_130' title='bbox 1365 1977 1441 2034; x_wconf 90' lang='lat' dir='ltr'><strong>ut</strong></span> <span class='ocrx_word' id='word_1_131' title='bbox 1496 1990 1566 2035; x_wconf 89' lang='lat' dir='ltr'><strong>se</strong></span> <span class='ocrx_word' id='word_1_132' title='bbox 1625 1970 1869 2034; x_wconf 87' lang='lat' dir='ltr'><strong>mutuis</strong></span> <span class='ocrx_word' id='word_1_133' title='bbox 1914 1968 2199 2034; x_wconf 86' lang='lat' dir='ltr'><strong>stimulis</strong></span> <span class='ocrx_word' id='word_1_134' title='bbox 2243 1968 2523 2032; x_wconf 89' lang='lat' dir='ltr'><strong>incitent</strong></span> 
     </span>
     <span class='ocr_line' id='line_1_19' title="bbox 592 2051 2521 2140; baseline -0.004 -17"><span class='ocrx_word' id='word_1_135' title='bbox 592 2057 676 2123; x_wconf 87' lang='lat' dir='ltr'><strong>ad</strong></span> <span class='ocrx_word' id='word_1_136' title='bbox 742 2066 1007 2123; x_wconf 89' lang='lat' dir='ltr'><strong>strenue</strong></span> <span class='ocrx_word' id='word_1_137' title='bbox 1059 2053 1487 2140; x_wconf 86' lang='lat' dir='ltr'><strong>pergendum.</strong></span> <span class='ocrx_word' id='word_1_138' title='bbox 1576 2054 1782 2120; x_wconf 88' lang='lat' dir='ltr'><strong>Porro</strong></span> <span class='ocrx_word' id='word_1_139' title='bbox 1852 2075 2064 2137; x_wconf 91' lang='lat' dir='ltr'><strong>neque</strong></span> <span class='ocrx_word' id='word_1_140' title='bbox 2119 2053 2364 2118; x_wconf 89' lang='lat' dir='ltr'><strong>ironice</strong></span> <span class='ocrx_word' id='word_1_141' title='bbox 2425 2051 2521 2117; x_wconf 91' lang='lat' dir='ltr'><strong>lo-</strong></span> 
     </span>
     <span class='ocr_line' id='line_1_20' title="bbox 588 2138 2522 2227; baseline -0.002 -19"><span class='ocrx_word' id='word_1_142' title='bbox 588 2152 906 2227; x_wconf 90' lang='lat' dir='ltr'><strong>quuntur,</strong></span> <span class='ocrx_word' id='word_1_143' title='bbox 951 2163 1071 2208; x_wconf 87' lang='lat' dir='ltr'><strong>nec</strong></span> <span class='ocrx_word' id='word_1_144' title='bbox 1117 2142 1332 2207; x_wconf 92' lang='lat' dir='ltr'><strong>Deum</strong></span> <span class='ocrx_word' id='word_1_145' title='bbox 1379 2140 1809 2219; x_wconf 84' lang='lat' dir='ltr'><strong>subsannant,</strong></span> <span class='ocrx_word' id='word_1_146' title='bbox 1856 2161 1976 2205; x_wconf 87' lang='lat' dir='ltr'><strong>nec</strong></span> <span class='ocrx_word' id='word_1_147' title='bbox 2020 2140 2089 2203; x_wconf 90' lang='lat' dir='ltr'><strong>in</strong></span> <span class='ocrx_word' id='word_1_148' title='bbox 2135 2139 2356 2205; x_wconf 85' lang='lat' dir='ltr'><strong>animo</strong></span> <span class='ocrx_word' id='word_1_149' title='bbox 2401 2138 2522 2204; x_wconf 90' lang='lat' dir='ltr'><strong>ha-</strong></span> 
     </span>
     <span class='ocr_line' id='line_1_21' title="bbox 585 2224 2520 2308; baseline -0.003 -13"><span class='ocrx_word' id='word_1_150' title='bbox 585 2229 746 2295; x_wconf 92' lang='lat' dir='ltr'><strong>bent</strong></span> <span class='ocrx_word' id='word_1_151' title='bbox 810 2230 891 2295; x_wconf 89' lang='lat' dir='ltr'><strong>ab</strong></span> <span class='ocrx_word' id='word_1_152' title='bbox 947 2248 1024 2293; x_wconf 93' lang='lat' dir='ltr'><strong>eo</strong></span> <span class='ocrx_word' id='word_1_153' title='bbox 1073 2226 1464 2292; x_wconf 86' lang='lat' dir='ltr'><strong>desciscere:</strong></span> <span class='ocrx_word' id='word_1_154' title='bbox 1510 2225 1624 2292; x_wconf 88' lang='lat' dir='ltr'><strong>sed</strong></span> <span class='ocrx_word' id='word_1_155' title='bbox 1670 2225 1888 2291; x_wconf 86' lang='lat' dir='ltr'><strong>fallaci</strong></span> <span class='ocrx_word' id='word_1_156' title='bbox 1931 2231 2276 2308; x_wconf 90' lang='lat' dir='ltr'><strong>praetextu</strong></span> <span class='ocrx_word' id='word_1_157' title='bbox 2321 2224 2520 2291; x_wconf 87' lang='lat' dir='ltr'><strong>sacri-</strong></span> 
     </span>
     <span class='ocr_line' id='line_1_22' title="bbox 582 2310 2519 2397; baseline -0.004 -17"><span class='ocrx_word' id='word_1_158' title='bbox 582 2314 646 2380; x_wconf 90' lang='lat' dir='ltr'><strong>le</strong></span> <span class='ocrx_word' id='word_1_159' title='bbox 697 2314 832 2379; x_wconf 85' lang='lat' dir='ltr'><strong>&#39;um</strong></span> <span class='ocrx_word' id='word_1_160' title='bbox 876 2334 1068 2380; x_wconf 90' lang='lat' dir='ltr'><strong>suum</strong></span> <span class='ocrx_word' id='word_1_161' title='bbox 1115 2312 1458 2397; x_wconf 88' lang='lat' dir='ltr'><strong>obtegunt:</strong></span> <span class='ocrx_word' id='word_1_162' title='bbox 1508 2332 1582 2377; x_wconf 89' lang='lat' dir='ltr'><strong>ac</strong></span> <span class='ocrx_word' id='word_1_163' title='bbox 1624 2312 1680 2378; x_wconf 91' lang='lat' dir='ltr'><strong>si</strong></span> <span class='ocrx_word' id='word_1_164' title='bbox 1725 2318 2045 2396; x_wconf 86' lang='lat' dir='ltr'><strong>negarent</strong></span> <span class='ocrx_word' id='word_1_165' title='bbox 2088 2331 2263 2376; x_wconf 89' lang='lat' dir='ltr'><strong>novo</strong></span> <span class='ocrx_word' id='word_1_166' title='bbox 2307 2321 2372 2374; x_wconf 92' lang='lat' dir='ltr'><strong>et</strong></span> <span class='ocrx_word' id='word_1_167' title='bbox 2413 2310 2519 2374; x_wconf 92' lang='lat' dir='ltr'><strong>in-</strong></span> 
     </span>
     <span class='ocr_line' id='line_1_23' title="bbox 580 2336 2518 2483; baseline -0.002 -18"><span class='ocrx_word' id='word_1_168' title='bbox 580 2336 779 2466; x_wconf 55' lang='grc' dir='ltr'>εοῗίιω</span> <span class='ocrx_word' id='word_1_169' title='bbox 810 2400 946 2464; x_wconf 89' lang='lat' dir='ltr'><strong>ritu</strong></span> <span class='ocrx_word' id='word_1_170' title='bbox 990 2398 1342 2483; x_wconf 84' lang='lat' dir='ltr'><strong>quidquam</strong></span> <span class='ocrx_word' id='word_1_171' title='bbox 1386 2417 1458 2462; x_wconf 90' lang='lat' dir='ltr'><strong>se</strong></span> <span class='ocrx_word' id='word_1_172' title='bbox 1491 2396 1667 2462; x_wconf 91' lang='lat' dir='ltr'><strong>velle</strong></span> <span class='ocrx_word' id='word_1_173' title='bbox 1707 2396 2105 2479; x_wconf 88' lang='lat' dir='ltr'><strong>redemptori</strong></span> <span class='ocrx_word' id='word_1_174' title='bbox 2142 2417 2258 2461; x_wconf 89' lang='lat' dir='ltr'><strong>suo</strong></span> <span class='ocrx_word' id='word_1_175' title='bbox 2302 2395 2518 2461; x_wconf 88' lang='lat' dir='ltr'><strong>detra-</strong></span> 
     </span>
     <span class='ocr_line' id='line_1_24' title="bbox 580 2481 2517 2569; baseline -0.002 -19"><span class='ocrx_word' id='word_1_176' title='bbox 580 2485 772 2551; x_wconf 87' lang='lat' dir='ltr'><strong>here:</strong></span> <span class='ocrx_word' id='word_1_177' title='bbox 809 2485 921 2551; x_wconf 90' lang='lat' dir='ltr'><strong>sed</strong></span> <span class='ocrx_word' id='word_1_178' title='bbox 944 2485 1163 2569; x_wconf 87' lang='lat' dir='ltr'><strong>potius</strong></span> <span class='ocrx_word' id='word_1_179' title='bbox 1199 2484 1321 2549; x_wconf 91' lang='lat' dir='ltr'><strong>hoc</strong></span> <span class='ocrx_word' id='word_1_180' title='bbox 1355 2482 1547 2548; x_wconf 90' lang='lat' dir='ltr'><strong>modo</strong></span> <span class='ocrx_word' id='word_1_181' title='bbox 1584 2482 1967 2565; x_wconf 88' lang='lat' dir='ltr'><strong>amplificari</strong></span> <span class='ocrx_word' id='word_1_182' title='bbox 2003 2483 2141 2548; x_wconf 87' lang='lat' dir='ltr'><strong>eius</strong></span> <span class='ocrx_word' id='word_1_183' title='bbox 2165 2481 2517 2547; x_wconf 88' lang='lat' dir='ltr'><strong>honorem:</strong></span> 
     </span>
     <span class='ocr_line' id='line_1_25' title="bbox 627 2566 2516 2653; baseline -0.003 -16"><span class='ocrx_word' id='word_1_184' title='bbox 627 2573 740 2637; x_wconf 90' lang='lat' dir='ltr'><strong>uia</strong></span> <span class='ocrx_word' id='word_1_185' title='bbox 781 2572 902 2636; x_wconf 88' lang='lat' dir='ltr'><strong>sub</strong></span> <span class='ocrx_word' id='word_1_186' title='bbox 945 2577 1223 2636; x_wconf 90' lang='lat' dir='ltr'><strong>externa</strong></span> <span class='ocrx_word' id='word_1_187' title='bbox 1265 2569 1554 2653; x_wconf 85' lang='lat' dir='ltr'><strong>imagine</strong></span> <span class='ocrx_word' id='word_1_188' title='bbox 1597 2569 1813 2652; x_wconf 90' lang='lat' dir='ltr'><strong>ipsum</strong></span> <span class='ocrx_word' id='word_1_189' title='bbox 1859 2566 2163 2634; x_wconf 91' lang='lat' dir='ltr'><strong>colerent.</strong></span> <span class='ocrx_word' id='word_1_190' title='bbox 2252 2567 2359 2633; x_wconf 89' lang='lat' dir='ltr'><strong>Ita</strong></span> <span class='ocrx_word' id='word_1_191' title='bbox 2401 2567 2516 2631; x_wconf 92' lang='lat' dir='ltr'><strong>ho-</strong></span> 
     </span>
     <span class='ocr_line' id='line_1_26' title="bbox 584 2592 2517 2740; baseline -0.002 -18"><span class='ocrx_word' id='word_1_192' title='bbox 584 2592 691 2722; x_wconf 60' lang='lat' dir='ltr'><strong>die</strong></span> <span class='ocrx_word' id='word_1_193' title='bbox 748 2657 1042 2740; x_wconf 89' lang='lat' dir='ltr'><strong>papistae</strong></span> <span class='ocrx_word' id='word_1_194' title='bbox 1100 2655 1364 2721; x_wconf 87' lang='lat' dir='ltr'><strong>fictitios</strong></span> <span class='ocrx_word' id='word_1_195' title='bbox 1419 2674 1572 2720; x_wconf 92' lang='lat' dir='ltr'><strong>suos</strong></span> <span class='ocrx_word' id='word_1_196' title='bbox 1632 2654 1804 2719; x_wconf 90' lang='lat' dir='ltr'><strong>ritus</strong></span> <span class='ocrx_word' id='word_1_197' title='bbox 1858 2653 2166 2719; x_wconf 85' lang='lat' dir='ltr'><strong>audacter</strong></span> <span class='ocrx_word' id='word_1_198' title='bbox 2211 2652 2358 2718; x_wconf 90' lang='lat' dir='ltr'><strong>Deo</strong></span> <span class='ocrx_word' id='word_1_199' title='bbox 2402 2653 2517 2720; x_wconf 92' lang='lat' dir='ltr'><strong>ob-</strong></span> 
     </span>
     <span class='ocr_line' id='line_1_27' title="bbox 574 2738 2518 2822; baseline -0.002 -15"><span class='ocrx_word' id='word_1_200' title='bbox 574 2741 880 2809; x_wconf 87' lang='lat' dir='ltr'><strong>trudunt:</strong></span> <span class='ocrx_word' id='word_1_201' title='bbox 947 2751 1014 2807; x_wconf 87' lang='lat' dir='ltr'><strong>et</strong></span> <span class='ocrx_word' id='word_1_202' title='bbox 1069 2739 1448 2806; x_wconf 84' lang='lat' dir='ltr'><strong>adventitiis</strong></span> <span class='ocrx_word' id='word_1_203' title='bbox 1493 2738 1881 2805; x_wconf 89' lang='lat' dir='ltr'><strong>commentis</strong></span> <span class='ocrx_word' id='word_1_204' title='bbox 1941 2739 2193 2806; x_wconf 90' lang='lat' dir='ltr'><strong>iactant</strong></span> <span class='ocrx_word' id='word_1_205' title='bbox 2258 2739 2404 2822; x_wconf 89' lang='lat' dir='ltr'><strong>plus</strong></span> <span class='ocrx_word' id='word_1_206' title='bbox 2453 2739 2518 2804; x_wconf 91' lang='lat' dir='ltr'><strong>ei</strong></span> 
     </span>
     <span class='ocr_line' id='line_1_28' title="bbox 577 2825 2516 2912; baseline -0.002 -18"><span class='ocrx_word' id='word_1_207' title='bbox 577 2848 650 2894; x_wconf 93' lang='lat' dir='ltr'><strong>se</strong></span> <span class='ocrx_word' id='word_1_208' title='bbox 704 2828 934 2912; x_wconf 89' lang='lat' dir='ltr'><strong>largiri</strong></span> <span class='ocrx_word' id='word_1_209' title='bbox 993 2846 1188 2909; x_wconf 87' lang='lat' dir='ltr'><strong>quam</strong></span> <span class='ocrx_word' id='word_1_210' title='bbox 1239 2826 1293 2890; x_wconf 92' lang='lat' dir='ltr'><strong>si</strong></span> <span class='ocrx_word' id='word_1_211' title='bbox 1340 2825 1728 2908; x_wconf 89' lang='lat' dir='ltr'><strong>simpliciter</strong></span> <span class='ocrx_word' id='word_1_212' title='bbox 1772 2833 2116 2890; x_wconf 88' lang='lat' dir='ltr'><strong>manerent</strong></span> <span class='ocrx_word' id='word_1_213' title='bbox 2156 2826 2228 2889; x_wconf 91' lang='lat' dir='ltr'><strong>in</strong></span> <span class='ocrx_word' id='word_1_214' title='bbox 2273 2825 2516 2890; x_wconf 89' lang='lat' dir='ltr'><strong>finibus</strong></span> 
     </span>
     <span class='ocr_line' id='line_1_29' title="bbox 576 2909 2516 2997; baseline -0.001 -20"><span class='ocrx_word' id='word_1_215' title='bbox 576 2914 660 2981; x_wconf 89' lang='lat' dir='ltr'><strong>ab</strong></span> <span class='ocrx_word' id='word_1_216' title='bbox 703 2915 849 2997; x_wconf 91' lang='lat' dir='ltr'><strong>ipso</strong></span> <span class='ocrx_word' id='word_1_217' title='bbox 908 2911 1340 2995; x_wconf 87' lang='lat' dir='ltr'><strong>praescriptis.</strong></span> <span class='ocrx_word' id='word_1_218' title='bbox 1432 2909 1784 2976; x_wconf 81' lang='lat' dir='ltr'><strong>Caeterum</strong></span> <span class='ocrx_word' id='word_1_219' title='bbox 1830 2933 1913 2976; x_wconf 92' lang='lat' dir='ltr'><strong>ex</strong></span> <span class='ocrx_word' id='word_1_220' title='bbox 1957 2909 2083 2976; x_wconf 91' lang='lat' dir='ltr'><strong>hoc</strong></span> <span class='ocrx_word' id='word_1_221' title='bbox 2126 2911 2264 2976; x_wconf 91' lang='lat' dir='ltr'><strong>loco</strong></span> <span class='ocrx_word' id='word_1_222' title='bbox 2310 2909 2516 2975; x_wconf 90' lang='lat' dir='ltr'><strong>disca-</strong></span> 
     </span>
     <span class='ocr_line' id='line_1_30' title="bbox 576 2995 2514 3083; baseline -0.003 -18"><span class='ocrx_word' id='word_1_223' title='bbox 576 3019 725 3066; x_wconf 90' lang='lat' dir='ltr'><strong>mus</strong></span> <span class='ocrx_word' id='word_1_224' title='bbox 772 3019 1194 3083; x_wconf 89' lang='lat' dir='ltr'><strong>quoscunque</strong></span> <span class='ocrx_word' id='word_1_225' title='bbox 1244 2997 1381 3062; x_wconf 89' lang='lat' dir='ltr'><strong>suis</strong></span> <span class='ocrx_word' id='word_1_226' title='bbox 1425 2995 1617 3063; x_wconf 90' lang='lat' dir='ltr'><strong>idolis</strong></span> <span class='ocrx_word' id='word_1_227' title='bbox 1659 2997 1841 3063; x_wconf 89' lang='lat' dir='ltr'><strong>fucos</strong></span> <span class='ocrx_word' id='word_1_228' title='bbox 1884 2996 2153 3063; x_wconf 88' lang='lat' dir='ltr'><strong>inducat</strong></span> <span class='ocrx_word' id='word_1_229' title='bbox 2195 2997 2514 3079; x_wconf 90' lang='lat' dir='ltr'><strong>supersti-</strong></span> 
     </span>
     <span class='ocr_line' id='line_1_31' title="bbox 574 3081 2515 3168; baseline -0.002 -18"><span class='ocrx_word' id='word_1_230' title='bbox 574 3086 704 3164; x_wconf 85' lang='lat' dir='ltr'><strong>tio,</strong></span> <span class='ocrx_word' id='word_1_231' title='bbox 748 3094 816 3150; x_wconf 88' lang='lat' dir='ltr'><strong>et</strong></span> <span class='ocrx_word' id='word_1_232' title='bbox 860 3084 1352 3168; x_wconf 88' lang='lat' dir='ltr'><strong>quibuscunque</strong></span> <span class='ocrx_word' id='word_1_233' title='bbox 1397 3081 1610 3148; x_wconf 87' lang='lat' dir='ltr'><strong>titulis</strong></span> <span class='ocrx_word' id='word_1_234' title='bbox 1653 3082 1796 3166; x_wconf 93' lang='lat' dir='ltr'><strong>ipsa</strong></span> <span class='ocrx_word' id='word_1_235' title='bbox 1838 3083 2184 3166; x_wconf 89' lang='lat' dir='ltr'><strong>insigniat,</strong></span> <span class='ocrx_word' id='word_1_236' title='bbox 2246 3102 2515 3147; x_wconf 88' lang='lat' dir='ltr'><strong>manere</strong></span> 
     </span>
     <span class='ocr_line' id='line_1_32' title="bbox 575 3167 2511 3250; baseline -0.001 -15"><span class='ocrx_word' id='word_1_237' title='bbox 575 3180 799 3237; x_wconf 89' lang='lat' dir='ltr'><strong>tamen</strong></span> <span class='ocrx_word' id='word_1_238' title='bbox 845 3170 1036 3235; x_wconf 89' lang='lat' dir='ltr'><strong>idola.</strong></span> <span class='ocrx_word' id='word_1_239' title='bbox 1126 3167 1506 3250; x_wconf 79' lang='lat' dir='ltr'><strong>Quamlibet</strong></span> <span class='ocrx_word' id='word_1_240' title='bbox 1559 3170 1734 3233; x_wconf 92' lang='lat' dir='ltr'><strong>enim</strong></span> <span class='ocrx_word' id='word_1_241' title='bbox 1779 3169 1916 3233; x_wconf 89' lang='lat' dir='ltr'><strong>suis</strong></span> <span class='ocrx_word' id='word_1_242' title='bbox 1960 3167 2147 3234; x_wconf 90' lang='lat' dir='ltr'><strong>bouis</strong></span> <span class='ocrx_word' id='word_1_243' title='bbox 2198 3168 2511 3233; x_wconf 83' lang='lat' dir='ltr'><strong>intentio·</strong></span> 
     </span>
     <span class='ocr_line' id='line_1_33' title="bbox 575 3254 2514 3341; baseline -0.002 -20"><span class='ocrx_word' id='word_1_244' title='bbox 575 3256 774 3321; x_wconf 88' lang='lat' dir='ltr'><strong>nibus</strong></span> <span class='ocrx_word' id='word_1_245' title='bbox 837 3254 1220 3341; x_wconf 87' lang='lat' dir='ltr'><strong>superbiant</strong></span> <span class='ocrx_word' id='word_1_246' title='bbox 1284 3255 1655 3338; x_wconf 89' lang='lat' dir='ltr'><strong>quicunque</strong></span> <span class='ocrx_word' id='word_1_247' title='bbox 1720 3255 1858 3319; x_wconf 87' lang='lat' dir='ltr'><strong>suis</strong></span> <span class='ocrx_word' id='word_1_248' title='bbox 1924 3255 2310 3319; x_wconf 90' lang='lat' dir='ltr'><strong>commentis</strong></span> <span class='ocrx_word' id='word_1_249' title='bbox 2376 3275 2514 3319; x_wconf 90' lang='lat' dir='ltr'><strong>cor-</strong></span> 
     </span>
     <span class='ocr_line' id='line_1_34' title="bbox 574 3339 2508 3424; baseline -0.001 -18"><span class='ocrx_word' id='word_1_250' title='bbox 574 3350 893 3424; x_wconf 89' lang='lat' dir='ltr'><strong>rumpunt</strong></span> <span class='ocrx_word' id='word_1_251' title='bbox 949 3361 1187 3424; x_wconf 89' lang='lat' dir='ltr'><strong>purum</strong></span> <span class='ocrx_word' id='word_1_252' title='bbox 1249 3340 1529 3419; x_wconf 88' lang='lat' dir='ltr'><strong>cultum,</strong></span> <span class='ocrx_word' id='word_1_253' title='bbox 1598 3361 1825 3407; x_wconf 88' lang='lat' dir='ltr'><strong>verum</strong></span> <span class='ocrx_word' id='word_1_254' title='bbox 1883 3339 2098 3404; x_wconf 90' lang='lat' dir='ltr'><strong>Deum</strong></span> <span class='ocrx_word' id='word_1_255' title='bbox 2158 3340 2324 3404; x_wconf 90' lang='lat' dir='ltr'><strong>abne</strong></span> <span class='ocrx_word' id='word_1_256' title='bbox 2412 3350 2508 3418; x_wconf 95' lang='lat' dir='ltr'><strong>nt,</strong></span> 
     </span>
     <span class='ocr_line' id='line_1_35' title="bbox 575 3425 2509 3493; baseline -0.002 -1"><span class='ocrx_word' id='word_1_257' title='bbox 575 3434 644 3493; x_wconf 91' lang='lat' dir='ltr'><strong>et</strong></span> <span class='ocrx_word' id='word_1_258' title='bbox 696 3425 1041 3492; x_wconf 91' lang='lat' dir='ltr'><strong>daemonia</strong></span> <span class='ocrx_word' id='word_1_259' title='bbox 1097 3426 1507 3491; x_wconf 90' lang='lat' dir='ltr'><strong>substituunt</strong></span> <span class='ocrx_word' id='word_1_260' title='bbox 1562 3427 1629 3490; x_wconf 92' lang='lat' dir='ltr'><strong>in</strong></span> <span class='ocrx_word' id='word_1_261' title='bbox 1687 3427 1830 3491; x_wconf 91' lang='lat' dir='ltr'><strong>eius</strong></span> <span class='ocrx_word' id='word_1_262' title='bbox 1873 3425 2107 3491; x_wconf 89' lang='lat' dir='ltr'><strong>locum.</strong></span> <span class='ocrx_word' id='word_1_263' title='bbox 2199 3425 2329 3490; x_wconf 91' lang='lat' dir='ltr'><strong>Pro</strong></span> <span class='ocrx_word' id='word_1_264' title='bbox 2373 3426 2509 3492; x_wconf 91' lang='lat' dir='ltr'><strong>abi-</strong></span> 
     </span>
     <span class='ocr_line' id='line_1_36' title="bbox 578 3509 2510 3595; baseline 0 -18"><span class='ocrx_word' id='word_1_265' title='bbox 578 3512 660 3578; x_wconf 88' lang='lat' dir='ltr'><strong>lis</strong></span> <span class='ocrx_word' id='word_1_266' title='bbox 719 3514 920 3579; x_wconf 88' lang='lat' dir='ltr'><strong>etiam</strong></span> <span class='ocrx_word' id='word_1_267' title='bbox 976 3533 1200 3577; x_wconf 92' lang='lat' dir='ltr'><strong>eorum</strong></span> <span class='ocrx_word' id='word_1_268' title='bbox 1260 3512 1632 3577; x_wconf 88' lang='lat' dir='ltr'><strong>coniectura</strong></span> <span class='ocrx_word' id='word_1_269' title='bbox 1680 3519 1778 3577; x_wconf 90' lang='lat' dir='ltr'><strong>est</strong></span> <span class='ocrx_word' id='word_1_270' title='bbox 1821 3512 1929 3595; x_wconf 92' lang='lat' dir='ltr'><strong>qui</strong></span> <span class='ocrx_word' id='word_1_271' title='bbox 1974 3521 2213 3595; x_wconf 88' lang='lat' dir='ltr'><strong>putant</strong></span> <span class='ocrx_word' id='word_1_272' title='bbox 2254 3509 2510 3577; x_wconf 89' lang='lat' dir='ltr'><strong>Aharo—</strong></span> 
     </span>
     <span class='ocr_line' id='line_1_37' title="bbox 576 3596 2508 3684; baseline -0.002 -18"><span class='ocrx_word' id='word_1_273' title='bbox 576 3619 729 3666; x_wconf 90' lang='lat' dir='ltr'><strong>nem</strong></span> <span class='ocrx_word' id='word_1_274' title='bbox 783 3621 867 3665; x_wconf 89' lang='lat' dir='ltr'><strong>ex</strong></span> <span class='ocrx_word' id='word_1_275' title='bbox 912 3598 1376 3684; x_wconf 87' lang='lat' dir='ltr'><strong>superstitione</strong></span> <span class='ocrx_word' id='word_1_276' title='bbox 1420 3596 1801 3682; x_wconf 78' lang='lat' dir='ltr'><strong>aegyptiaca</strong></span> <span class='ocrx_word' id='word_1_277' title='bbox 1820 3598 2127 3663; x_wconf 70' lang='lat' dir='ltr'><strong>cvitulum</strong></span> <span class='ocrx_word' id='word_1_278' title='bbox 2172 3599 2508 3663; x_wconf 88' lang='lat' dir='ltr'><strong>conflasse.</strong></span> 
     </span>
     <span class='ocr_line' id='line_1_38' title="bbox 577 3682 2511 3768; baseline -0.002 -16"><span class='ocrx_word' id='word_1_279' title='bbox 577 3684 805 3753; x_wconf 81' lang='lat' dir='ltr'><strong>Scitur</strong></span> <span class='ocrx_word' id='word_1_280' title='bbox 856 3686 1034 3750; x_wconf 91' lang='lat' dir='ltr'><strong>enim</strong></span> <span class='ocrx_word' id='word_1_281' title='bbox 1089 3705 1216 3768; x_wconf 91' lang='lat' dir='ltr'><strong>qua</strong></span> <span class='ocrx_word' id='word_1_282' title='bbox 1272 3683 1533 3749; x_wconf 90' lang='lat' dir='ltr'><strong>insania</strong></span> <span class='ocrx_word' id='word_1_283' title='bbox 1587 3704 1776 3748; x_wconf 87' lang='lat' dir='ltr'><strong>suum</strong></span> <span class='ocrx_word' id='word_1_284' title='bbox 1839 3683 2127 3749; x_wconf 84' lang='lat' dir='ltr'><strong>Anubim</strong></span> <span class='ocrx_word' id='word_1_285' title='bbox 2188 3705 2352 3767; x_wconf 90' lang='lat' dir='ltr'><strong>gens</strong></span> <span class='ocrx_word' id='word_1_286' title='bbox 2396 3682 2511 3749; x_wconf 88' lang='lat' dir='ltr'><strong>illa</strong></span> 
     </span>
     <span class='ocr_line' id='line_1_39' title="bbox 577 3768 2510 3853; baseline -0.003 -15"><span class='ocrx_word' id='word_1_287' title='bbox 577 3770 870 3839; x_wconf 87' lang='lat' dir='ltr'><strong>coluerit.</strong></span> <span class='ocrx_word' id='word_1_288' title='bbox 967 3770 1219 3835; x_wconf 86' lang='lat' dir='ltr'><strong>Vivum</strong></span> <span class='ocrx_word' id='word_1_289' title='bbox 1263 3768 1526 3852; x_wconf 90' lang='lat' dir='ltr'><strong>quidem</strong></span> <span class='ocrx_word' id='word_1_290' title='bbox 1586 3770 1835 3849; x_wconf 87' lang='lat' dir='ltr'><strong>bovem,</strong></span> <span class='ocrx_word' id='word_1_291' title='bbox 1892 3770 2003 3853; x_wconf 90' lang='lat' dir='ltr'><strong>qui</strong></span> <span class='ocrx_word' id='word_1_292' title='bbox 2056 3770 2510 3835; x_wconf 89' lang='lat' dir='ltr'><strong>consuleretur</strong></span> 
     </span>
     <span class='ocr_line' id='line_1_40' title="bbox 573 3853 2510 3940; baseline -0.003 -17"><span class='ocrx_word' id='word_1_293' title='bbox 573 3878 696 3940; x_wconf 84' lang='lat' dir='ltr'><strong>pro</strong></span> <span class='ocrx_word' id='word_1_294' title='bbox 744 3876 998 3922; x_wconf 89' lang='lat' dir='ltr'><strong>summo</strong></span> <span class='ocrx_word' id='word_1_295' title='bbox 1060 3856 1230 3933; x_wconf 88' lang='lat' dir='ltr'><strong>Deo,</strong></span> <span class='ocrx_word' id='word_1_296' title='bbox 1291 3855 1673 3938; x_wconf 88' lang='lat' dir='ltr'><strong>pascebant:</strong></span> <span class='ocrx_word' id='word_1_297' title='bbox 1734 3853 1846 3920; x_wconf 89' lang='lat' dir='ltr'><strong>sed</strong></span> <span class='ocrx_word' id='word_1_298' title='bbox 1892 3854 2044 3937; x_wconf 90' lang='lat' dir='ltr'><strong>quia</strong></span> <span class='ocrx_word' id='word_1_299' title='bbox 2087 3854 2168 3919; x_wconf 88' lang='lat' dir='ltr'><strong>ad</strong></span> <span class='ocrx_word' id='word_1_300' title='bbox 2212 3855 2510 3921; x_wconf 86' lang='lat' dir='ltr'><strong>fictitiam</strong></span> 
     </span>
     <span class='ocr_line' id='line_1_41' title="bbox 577 3940 2516 4025; baseline -0.001 -19"><span class='ocrx_word' id='word_1_301' title='bbox 577 3942 762 4007; x_wconf 89' lang='lat' dir='ltr'><strong>illam</strong></span> <span class='ocrx_word' id='word_1_302' title='bbox 832 3941 1016 4007; x_wconf 88' lang='lat' dir='ltr'><strong>bovis</strong></span> <span class='ocrx_word' id='word_1_303' title='bbox 1075 3940 1381 4006; x_wconf 88' lang='lat' dir='ltr'><strong>deitatem</strong></span> <span class='ocrx_word' id='word_1_304' title='bbox 1450 3951 1825 4008; x_wconf 85' lang='lat' dir='ltr'><strong>assueverat</strong></span> <span class='ocrx_word' id='word_1_305' title='bbox 1882 3941 2190 4025; x_wconf 87' lang='lat' dir='ltr'><strong>populus,</strong></span> <span class='ocrx_word' id='word_1_306' title='bbox 2253 3940 2516 4006; x_wconf 91' lang='lat' dir='ltr'><strong>videtur</strong></span> 
     </span>
     <span class='ocr_line' id='line_1_42' title="bbox 583 4025 2516 4112; baseline 0 -20"><span class='ocrx_word' id='word_1_307' title='bbox 583 4027 887 4104; x_wconf 67' lang='lat' dir='ltr'><strong>Ahar-on,</strong></span> <span class='ocrx_word' id='word_1_308' title='bbox 945 4034 1021 4092; x_wconf 92' lang='lat' dir='ltr'><strong>ut</strong></span> <span class='ocrx_word' id='word_1_309' title='bbox 1074 4046 1296 4091; x_wconf 92' lang='lat' dir='ltr'><strong>eorum</strong></span> <span class='ocrx_word' id='word_1_310' title='bbox 1352 4025 1560 4090; x_wconf 88' lang='lat' dir='ltr'><strong>furori</strong></span> <span class='ocrx_word' id='word_1_311' title='bbox 1617 4046 1865 4092; x_wconf 92' lang='lat' dir='ltr'><strong>morem</strong></span> <span class='ocrx_word' id='word_1_312' title='bbox 1921 4036 2213 4112; x_wconf 83' lang='lat' dir='ltr'><strong>gereret,</strong></span> <span class='ocrx_word' id='word_1_313' title='bbox 2276 4048 2516 4110; x_wconf 89' lang='lat' dir='ltr'><strong>sequu-</strong></span> 
     </span>
     <span class='ocr_line' id='line_1_43' title="bbox 580 4111 2517 4195; baseline -0.002 -16"><span class='ocrx_word' id='word_1_314' title='bbox 580 4123 694 4179; x_wconf 90' lang='lat' dir='ltr'><strong>tus</strong></span> <span class='ocrx_word' id='word_1_315' title='bbox 735 4134 877 4179; x_wconf 89' lang='lat' dir='ltr'><strong>esse</strong></span> <span class='ocrx_word' id='word_1_316' title='bbox 921 4111 1301 4178; x_wconf 90' lang='lat' dir='ltr'><strong>diuturnum</strong></span> <span class='ocrx_word' id='word_1_317' title='bbox 1348 4131 1574 4178; x_wconf 91' lang='lat' dir='ltr'><strong>usum:</strong></span> <span class='ocrx_word' id='word_1_318' title='bbox 1620 4133 1702 4177; x_wconf 92' lang='lat' dir='ltr'><strong>ex</strong></span> <span class='ocrx_word' id='word_1_319' title='bbox 1747 4132 1874 4195; x_wconf 90' lang='lat' dir='ltr'><strong>quo</strong></span> <span class='ocrx_word' id='word_1_320' title='bbox 1919 4133 2105 4178; x_wconf 91' lang='lat' dir='ltr'><strong>error</strong></span> <span class='ocrx_word' id='word_1_321' title='bbox 2146 4120 2517 4179; x_wconf 87' lang='lat' dir='ltr'><strong>contractus</strong></span> 
     </span>
     <span class='ocr_line' id='line_1_44' title="bbox 581 4196 2517 4281; baseline -0.001 -16"><span class='ocrx_word' id='word_1_322' title='bbox 581 4196 681 4265; x_wconf 78' lang='lat' dir='ltr'><strong>in&#39;</strong></span> <span class='ocrx_word' id='word_1_323' title='bbox 711 4199 976 4265; x_wconf 91' lang='lat' dir='ltr'><strong>illorum</strong></span> <span class='ocrx_word' id='word_1_324' title='bbox 1033 4197 1334 4264; x_wconf 87' lang='lat' dir='ltr'><strong>cordibus</strong></span> <span class='ocrx_word' id='word_1_325' title='bbox 1393 4197 1646 4264; x_wconf 89' lang='lat' dir='ltr'><strong>radices</strong></span> <span class='ocrx_word' id='word_1_326' title='bbox 1696 4205 1936 4281; x_wconf 84' lang='lat' dir='ltr'><strong>egerat.</strong></span> <span class='ocrx_word' id='word_1_327' title='bbox 2022 4197 2203 4263; x_wconf 90' lang='lat' dir='ltr'><strong>Adeo</strong></span> <span class='ocrx_word' id='word_1_328' title='bbox 2247 4219 2329 4263; x_wconf 91' lang='lat' dir='ltr'><strong>ex</strong></span> <span class='ocrx_word' id='word_1_329' title='bbox 2378 4220 2517 4263; x_wconf 89' lang='lat' dir='ltr'><strong>ma-</strong></span> 
     </span>
     <span class='ocr_line' id='line_1_45' title="bbox 583 4282 2520 4367; baseline -0.001 -17"><span class='ocrx_word' id='word_1_330' title='bbox 583 4285 666 4351; x_wconf 91' lang='lat' dir='ltr'><strong>lis</strong></span> <span class='ocrx_word' id='word_1_331' title='bbox 718 4284 1039 4367; x_wconf 88' lang='lat' dir='ltr'><strong>exemplis</strong></span> <span class='ocrx_word' id='word_1_332' title='bbox 1096 4284 1284 4348; x_wconf 86' lang='lat' dir='ltr'><strong>facile</strong></span> <span class='ocrx_word' id='word_1_333' title='bbox 1349 4282 1417 4347; x_wconf 90' lang='lat' dir='ltr'><strong>in</strong></span> <span class='ocrx_word' id='word_1_334' title='bbox 1461 4305 1571 4350; x_wconf 89' lang='lat' dir='ltr'><strong>eos</strong></span> <span class='ocrx_word' id='word_1_335' title='bbox 1613 4285 1821 4366; x_wconf 86' lang='lat' dir='ltr'><strong>serpit</strong></span> <span class='ocrx_word' id='word_1_336' title='bbox 1862 4283 2160 4367; x_wconf 89' lang='lat' dir='ltr'><strong>contagio</strong></span> <span class='ocrx_word' id='word_1_337' title='bbox 2205 4284 2316 4366; x_wconf 91' lang='lat' dir='ltr'><strong>qui</strong></span> <span class='ocrx_word' id='word_1_338' title='bbox 2361 4284 2520 4349; x_wconf 89' lang='lat' dir='ltr'><strong>alio·</strong></span> 
     </span>
     <span class='ocr_line' id='line_1_46' title="bbox 625 4368 2521 4453; baseline -0.001 -18"><span class='ocrx_word' id='word_1_339' title='bbox 625 4371 696 4436; x_wconf 90' lang='lat' dir='ltr'><strong>ui</strong></span> <span class='ocrx_word' id='word_1_340' title='bbox 744 4370 988 4453; x_wconf 83' lang='lat' dir='ltr'><strong>integri</strong></span> <span class='ocrx_word' id='word_1_341' title='bbox 1043 4378 1219 4435; x_wconf 91' lang='lat' dir='ltr'><strong>sunt.</strong></span> <span class='ocrx_word' id='word_1_342' title='bbox 1308 4368 1446 4435; x_wconf 87' lang='lat' dir='ltr'><strong>Nec</strong></span> <span class='ocrx_word' id='word_1_343' title='bbox 1492 4390 1647 4435; x_wconf 89' lang='lat' dir='ltr'><strong>vero</strong></span> <span class='ocrx_word' id='word_1_344' title='bbox 1696 4370 1811 4435; x_wconf 90' lang='lat' dir='ltr'><strong>abs</strong></span> <span class='ocrx_word' id='word_1_345' title='bbox 1862 4390 1933 4434; x_wconf 90' lang='lat' dir='ltr'><strong>re</strong></span> <span class='ocrx_word' id='word_1_346' title='bbox 1978 4379 2257 4435; x_wconf 88' lang='lat' dir='ltr'><strong>testatur</strong></span> <span class='ocrx_word' id='word_1_347' title='bbox 2306 4369 2521 4436; x_wconf 89' lang='lat' dir='ltr'><strong>David</strong></span> 
     </span>
     <span class='ocr_line' id='line_1_47' title="bbox 612 4453 2524 4542; baseline 0 -22"><span class='ocrx_word' id='word_1_348' title='bbox 612 4456 834 4521; x_wconf 87' lang='lat' dir='ltr'><strong>Psalm</strong></span> <span class='ocrx_word' id='word_1_349' title='bbox 862 4454 971 4542; x_wconf 88' lang='lat'><strong>16)</strong></span> <span class='ocrx_word' id='word_1_350' title='bbox 994 4455 1119 4522; x_wconf 89' lang='lat' dir='ltr'><strong>sibi</strong></span> <span class='ocrx_word' id='word_1_351' title='bbox 1156 4463 1379 4519; x_wconf 90' lang='lat' dir='ltr'><strong>tantae</strong></span> <span class='ocrx_word' id='word_1_352' title='bbox 1415 4455 1882 4520; x_wconf 89' lang='lat' dir='ltr'><strong>abominationi</strong></span> <span class='ocrx_word' id='word_1_353' title='bbox 1915 4456 2050 4520; x_wconf 86' lang='lat' dir='ltr'><strong>fore</strong></span> <span class='ocrx_word' id='word_1_354' title='bbox 2086 4453 2284 4521; x_wconf 87' lang='lat' dir='ltr'><strong>idola:</strong></span> <span class='ocrx_word' id='word_1_355' title='bbox 2323 4466 2397 4521; x_wconf 86' lang='lat' dir='ltr'><strong>ut</strong></span> <span class='ocrx_word' id='word_1_356' title='bbox 2440 4477 2524 4520; x_wconf 93' lang='lat' dir='ltr'><strong>ne</strong></span> 
     </span>
     <span class='ocr_line' id='line_1_48' title="bbox 584 4540 2523 4626; baseline -0.001 -19"><span class='ocrx_word' id='word_1_357' title='bbox 584 4562 810 4607; x_wconf 90' lang='lat' dir='ltr'><strong>eorum</strong></span> <span class='ocrx_word' id='word_1_358' title='bbox 857 4541 1117 4626; x_wconf 88' lang='lat' dir='ltr'><strong>quidem</strong></span> <span class='ocrx_word' id='word_1_359' title='bbox 1164 4542 1436 4606; x_wconf 92' lang='lat' dir='ltr'><strong>nomina</strong></span> <span class='ocrx_word' id='word_1_360' title='bbox 1478 4542 1548 4606; x_wconf 92' lang='lat' dir='ltr'><strong>in</strong></span> <span class='ocrx_word' id='word_1_361' title='bbox 1593 4561 1705 4606; x_wconf 91' lang='lat' dir='ltr'><strong>ore</strong></span> <span class='ocrx_word' id='word_1_362' title='bbox 1749 4540 2016 4606; x_wconf 89' lang='lat' dir='ltr'><strong>habeat:</strong></span> <span class='ocrx_word' id='word_1_363' title='bbox 2061 4543 2212 4624; x_wconf 89' lang='lat' dir='ltr'><strong>quia</strong></span> <span class='ocrx_word' id='word_1_364' title='bbox 2257 4543 2383 4607; x_wconf 88' lang='lat' dir='ltr'><strong>nisi</strong></span> <span class='ocrx_word' id='word_1_365' title='bbox 2422 4563 2523 4606; x_wconf 91' lang='lat' dir='ltr'><strong>se-</strong></span> 
     </span>
     <span class='ocr_line' id='line_1_49' title="bbox 582 4625 2526 4711; baseline -0.001 -18"><span class='ocrx_word' id='word_1_366' title='bbox 582 4628 683 4693; x_wconf 90' lang='lat' dir='ltr'><strong>rio</strong></span> <span class='ocrx_word' id='word_1_367' title='bbox 727 4626 1154 4694; x_wconf 88' lang='lat' dir='ltr'><strong>abhorremus</strong></span> <span class='ocrx_word' id='word_1_368' title='bbox 1190 4625 1272 4691; x_wconf 91' lang='lat' dir='ltr'><strong>ab</strong></span> <span class='ocrx_word' id='word_1_369' title='bbox 1306 4627 1546 4710; x_wconf 91' lang='lat' dir='ltr'><strong>impiis,</strong></span> <span class='ocrx_word' id='word_1_370' title='bbox 1593 4637 1661 4692; x_wconf 87' lang='lat' dir='ltr'><strong>et</strong></span> <span class='ocrx_word' id='word_1_371' title='bbox 1706 4627 2085 4711; x_wconf 85' lang='lat' dir='ltr'><strong>longissime</strong></span> <span class='ocrx_word' id='word_1_372' title='bbox 2128 4649 2251 4693; x_wconf 91' lang='lat' dir='ltr'><strong>nos</strong></span> <span class='ocrx_word' id='word_1_373' title='bbox 2285 4627 2526 4694; x_wconf 89' lang='lat' dir='ltr'><strong>subdu-</strong></span> 
     </span>
     <span class='ocr_line' id='line_1_50' title="bbox 586 4712 2521 4797; baseline -0.001 -17"><span class='ocrx_word' id='word_1_374' title='bbox 586 4716 795 4781; x_wconf 90' lang='lat' dir='ltr'><strong>cimus</strong></span> <span class='ocrx_word' id='word_1_375' title='bbox 853 4712 934 4780; x_wconf 90' lang='lat' dir='ltr'><strong>ab</strong></span> <span class='ocrx_word' id='word_1_376' title='bbox 994 4733 1220 4778; x_wconf 90' lang='lat' dir='ltr'><strong>eorum</strong></span> <span class='ocrx_word' id='word_1_377' title='bbox 1279 4713 1873 4796; x_wconf 89' lang='lat' dir='ltr'><strong>superstitionibus,</strong></span> <span class='ocrx_word' id='word_1_378' title='bbox 1933 4712 2242 4797; x_wconf 83' lang='lat' dir='ltr'><strong>pestifero</strong></span> <span class='ocrx_word' id='word_1_379' title='bbox 2288 4713 2521 4779; x_wconf 88' lang='lat' dir='ltr'><strong>afflatu</strong></span> 
     </span>
     <span class='ocr_line' id='line_1_51' title="bbox 582 4799 2460 4867; baseline -0.003 -1"><span class='ocrx_word' id='word_1_380' title='bbox 582 4820 707 4867; x_wconf 91' lang='lat' dir='ltr'><strong>nos</strong></span> <span class='ocrx_word' id='word_1_381' title='bbox 751 4800 972 4866; x_wconf 87' lang='lat' dir='ltr'><strong>statim</strong></span> <span class='ocrx_word' id='word_1_382' title='bbox 1017 4799 1342 4865; x_wconf 87' lang='lat' dir='ltr'><strong>inficiunt.</strong></span> <span class='ocrx_word' id='word_1_383' title='bbox 2452 4836 2460 4844; x_wconf 94' lang='lat'><strong>·</strong></span> 
     </span>
     <span class='ocr_line' id='line_1_52' title="bbox 755 4882 2527 4968; baseline -0.002 -16"><span class='ocrx_word' id='word_1_384' title='bbox 755 4886 816 4952; x_wconf 85' lang='lat'><strong>5.</strong></span> <span class='ocrx_word' id='word_1_385' title='bbox 869 4886 1044 4968; x_wconf 77' lang='lat' dir='ltr'><strong>Quod</strong></span> <span class='ocrx_word' id='word_1_386' title='bbox 1085 4886 1302 4951; x_wconf 83' lang='lat' dir='ltr'><strong>videns</strong></span> <span class='ocrx_word' id='word_1_387' title='bbox 1344 4885 1626 4951; x_wconf 75' lang='lat' dir='ltr'><strong>Aharon.</strong></span> <span class='ocrx_word' id='word_1_388' title='bbox 1715 4882 1940 4966; x_wconf 80' lang='lat' dir='ltr'><strong>Quum</strong></span> <span class='ocrx_word' id='word_1_389' title='bbox 1986 4882 2169 4949; x_wconf 91' lang='lat' dir='ltr'><strong>videt</strong></span> <span class='ocrx_word' id='word_1_390' title='bbox 2211 4885 2527 4968; x_wconf 89' lang='lat' dir='ltr'><strong>populum</strong></span> 
     </span>
     <span class='ocr_line' id='line_1_53' title="bbox 586 4969 2528 5054; baseline 0 -18"><span class='ocrx_word' id='word_1_391' title='bbox 586 4972 680 5038; x_wconf 91' lang='lat' dir='ltr'><strong>sic</strong></span> <span class='ocrx_word' id='word_1_392' title='bbox 739 4974 956 5037; x_wconf 86' lang='lat' dir='ltr'><strong>furere</strong></span> <span class='ocrx_word' id='word_1_393' title='bbox 1013 4980 1089 5036; x_wconf 92' lang='lat' dir='ltr'><strong>ut</strong></span> <span class='ocrx_word' id='word_1_394' title='bbox 1148 4970 1619 5054; x_wconf 89' lang='lat' dir='ltr'><strong>conspirationi</strong></span> <span class='ocrx_word' id='word_1_395' title='bbox 1677 4991 1748 5036; x_wconf 91' lang='lat' dir='ltr'><strong>se</strong></span> <span class='ocrx_word' id='word_1_396' title='bbox 1807 4969 2077 5036; x_wconf 90' lang='lat' dir='ltr'><strong>minime</strong></span> <span class='ocrx_word' id='word_1_397' title='bbox 2120 4990 2343 5054; x_wconf 86' lang='lat' dir='ltr'><strong>parem</strong></span> <span class='ocrx_word' id='word_1_398' title='bbox 2388 4971 2528 5037; x_wconf 82' lang='lat' dir='ltr'><strong>fore</strong></span> 
     </span>
     <span class='ocr_line' id='line_1_54' title="bbox 583 5055 2527 5142; baseline 0.001 -21"><span class='ocrx_word' id='word_1_399' title='bbox 583 5055 883 5137; x_wconf 87' lang='lat' dir='ltr'><strong>confidat,</strong></span> <span class='ocrx_word' id='word_1_400' title='bbox 929 5056 1176 5142; x_wconf 89' lang='lat' dir='ltr'><strong>perfida</strong></span> <span class='ocrx_word' id='word_1_401' title='bbox 1221 5057 1574 5121; x_wconf 89' lang='lat' dir='ltr'><strong>timiditate</strong></span> <span class='ocrx_word' id='word_1_402' title='bbox 1617 5078 1688 5121; x_wconf 90' lang='lat' dir='ltr'><strong>se</strong></span> <span class='ocrx_word' id='word_1_403' title='bbox 1733 5077 1984 5141; x_wconf 91' lang='lat' dir='ltr'><strong>quoque</strong></span> <span class='ocrx_word' id='word_1_404' title='bbox 2019 5056 2102 5121; x_wconf 89' lang='lat' dir='ltr'><strong>ad</strong></span> <span class='ocrx_word' id='word_1_405' title='bbox 2148 5057 2527 5141; x_wconf 89' lang='lat' dir='ltr'><strong>obsequium</strong></span> 
     </span>
     <span class='ocr_line' id='line_1_55' title="bbox 582 5143 2527 5227; baseline 0 -20"><span class='ocrx_word' id='word_1_406' title='bbox 582 5144 806 5209; x_wconf 88' lang='lat' dir='ltr'><strong>flectit.</strong></span> <span class='ocrx_word' id='word_1_407' title='bbox 892 5148 1114 5227; x_wconf 88' lang='lat' dir='ltr'><strong>Atque</strong></span> <span class='ocrx_word' id='word_1_408' title='bbox 1149 5143 1256 5208; x_wconf 92' lang='lat' dir='ltr'><strong>hic</strong></span> <span class='ocrx_word' id='word_1_409' title='bbox 1291 5144 1510 5207; x_wconf 88' lang='lat' dir='ltr'><strong>exitus</strong></span> <span class='ocrx_word' id='word_1_410' title='bbox 1554 5163 1665 5208; x_wconf 89' lang='lat' dir='ltr'><strong>eos</strong></span> <span class='ocrx_word' id='word_1_411' title='bbox 1700 5164 1925 5208; x_wconf 89' lang='lat' dir='ltr'><strong>omnes</strong></span> <span class='ocrx_word' id='word_1_412' title='bbox 1969 5152 2192 5206; x_wconf 89' lang='lat' dir='ltr'><strong>manet</strong></span> <span class='ocrx_word' id='word_1_413' title='bbox 2238 5144 2349 5225; x_wconf 92' lang='lat' dir='ltr'><strong>qui</strong></span> <span class='ocrx_word' id='word_1_414' title='bbox 2394 5165 2527 5210; x_wconf 93' lang='lat' dir='ltr'><strong>non</strong></span> 
     </span>
     <span class='ocr_line' id='line_1_56' title="bbox 584 5225 2527 5313; baseline 0 -20"><span class='ocrx_word' id='word_1_415' title='bbox 584 5227 832 5294; x_wconf 85' lang='lat' dir='ltr'><strong>audent</strong></span> <span class='ocrx_word' id='word_1_416' title='bbox 900 5230 1187 5313; x_wconf 88' lang='lat' dir='ltr'><strong>ingenue</strong></span> <span class='ocrx_word' id='word_1_417' title='bbox 1254 5237 1323 5293; x_wconf 87' lang='lat' dir='ltr'><strong>et</strong></span> <span class='ocrx_word' id='word_1_418' title='bbox 1380 5238 1757 5294; x_wconf 87' lang='lat' dir='ltr'><strong>constanter</strong></span> <span class='ocrx_word' id='word_1_419' title='bbox 1823 5229 1987 5293; x_wconf 91' lang='lat' dir='ltr'><strong>tueri</strong></span> <span class='ocrx_word' id='word_1_420' title='bbox 2049 5225 2219 5309; x_wconf 89' lang='lat' dir='ltr'><strong>quod</strong></span> <span class='ocrx_word' id='word_1_421' title='bbox 2276 5238 2527 5295; x_wconf 88' lang='lat' dir='ltr'><strong>rectum</strong></span> 
     </span>
     <span class='ocr_line' id='line_1_57' title="bbox 582 5313 2533 5399; baseline 0 -20"><span class='ocrx_word' id='word_1_422' title='bbox 582 5322 707 5394; x_wconf 90' lang='lat' dir='ltr'><strong>est,</strong></span> <span class='ocrx_word' id='word_1_423' title='bbox 743 5315 860 5381; x_wconf 90' lang='lat' dir='ltr'><strong>sed</strong></span> <span class='ocrx_word' id='word_1_424' title='bbox 896 5317 1079 5399; x_wconf 83' lang='lat' dir='ltr'><strong>quasi</strong></span> <span class='ocrx_word' id='word_1_425' title='bbox 1118 5313 1427 5381; x_wconf 91' lang='lat' dir='ltr'><strong>licitando</strong></span> <span class='ocrx_word' id='word_1_426' title='bbox 1473 5315 1553 5380; x_wconf 91' lang='lat' dir='ltr'><strong>ad</strong></span> <span class='ocrx_word' id='word_1_427' title='bbox 1599 5313 1848 5381; x_wconf 91' lang='lat' dir='ltr'><strong>medias</strong></span> <span class='ocrx_word' id='word_1_428' title='bbox 1890 5314 2222 5397; x_wconf 88' lang='lat' dir='ltr'><strong>pactiones</strong></span> <span class='ocrx_word' id='word_1_429' title='bbox 2268 5314 2533 5381; x_wconf 89' lang='lat' dir='ltr'><strong>descen-</strong></span> 
     </span>
    </p>
   </div>
   <div class='ocr_carea' id='block_1_3' title="bbox 1986 406 3161 476">
    <p class='ocr_par' dir='ltr' id='par_1_3' title="bbox 1986 406 3161 476">
     <span class='ocr_line' id='line_1_58' title="bbox 1986 406 3161 476; baseline 0 -2"><span class='ocrx_word' id='word_1_430' title='bbox 1986 406 2397 475; x_wconf 69' lang='lat' dir='ltr'><strong>REDI‘BUS</strong></span> <span class='ocrx_word' id='word_1_431' title='bbox 2440 408 2572 474; x_wconf 88' lang='lat' dir='ltr'><strong>AD</strong></span> <span class='ocrx_word' id='word_1_432' title='bbox 2616 406 3161 476; x_wconf 79' lang='lat' dir='ltr'><strong>HISTORIAM.</strong></span> 
     </span>
    </p>
   </div>
   <div class='ocr_carea' id='block_1_4' title="bbox 2570 602 2589 5372">
    <p class='ocr_par' dir='ltr' id='par_1_4' title="bbox 2570 602 2589 5372">
     <span class='ocr_line' id='line_1_59' title="bbox 2570 602 2589 5372; baseline 0 0"><span class='ocrx_word' id='word_1_433' title='bbox 2570 602 2589 5372; x_wconf 95' lang='lat' dir='ltr'><strong> </strong></span> 
     </span>
    </p>
   </div>
   <div class='ocr_carea' id='block_1_5' title="bbox 4484 406 4570 473">
    <p class='ocr_par' dir='ltr' id='par_1_5' title="bbox 4484 406 4570 473">
     <span class='ocr_line' id='line_1_60' title="bbox 4484 406 4570 473; baseline 0 -2"><span class='ocrx_word' id='word_1_434' title='bbox 4484 406 4570 473; x_wconf 85' lang='lat'><strong>84</strong></span> 
     </span>
    </p>
   </div>
   <div class='ocr_carea' id='block_1_6' title="bbox 2617 594 4567 3322">
    <p class='ocr_par' dir='ltr' id='par_1_6' title="bbox 2622 594 4567 1194">
     <span class='ocr_line' id='line_1_61' title="bbox 2626 594 4567 680; baseline -0.001 -18"><span class='ocrx_word' id='word_1_435' title='bbox 2626 597 2811 663; x_wconf 90' lang='lat' dir='ltr'><strong>dunt.</strong></span> <span class='ocrx_word' id='word_1_436' title='bbox 2914 596 3085 662; x_wconf 90' lang='lat' dir='ltr'><strong>Nam</strong></span> <span class='ocrx_word' id='word_1_437' title='bbox 3131 596 3242 663; x_wconf 91' lang='lat' dir='ltr'><strong>ubi</strong></span> <span class='ocrx_word' id='word_1_438' title='bbox 3294 595 3694 680; x_wconf 88' lang='lat' dir='ltr'><strong>aliquamdiu</strong></span> <span class='ocrx_word' id='word_1_439' title='bbox 3741 595 4229 675; x_wconf 85' lang='lat' dir='ltr'><strong>vacillaverint,</strong></span> <span class='ocrx_word' id='word_1_440' title='bbox 4298 594 4567 662; x_wconf 86' lang='lat' dir='ltr'><strong>tandem</strong></span> 
     </span>
     <span class='ocr_line' id='line_1_62' title="bbox 2622 680 4565 766; baseline -0.002 -18"><span class='ocrx_word' id='word_1_441' title='bbox 2622 703 2892 766; x_wconf 90' lang='lat' dir='ltr'><strong>prorsus</strong></span> <span class='ocrx_word' id='word_1_442' title='bbox 2926 685 3390 750; x_wconf 88' lang='lat' dir='ltr'><strong>succumbunt:</strong></span> <span class='ocrx_word' id='word_1_443' title='bbox 3431 694 3502 748; x_wconf 90' lang='lat' dir='ltr'><strong>ut</strong></span> <span class='ocrx_word' id='word_1_444' title='bbox 3540 682 3724 762; x_wconf 90' lang='lat' dir='ltr'><strong>nihil,</strong></span> <span class='ocrx_word' id='word_1_445' title='bbox 3774 683 4193 765; x_wconf 88' lang='lat' dir='ltr'><strong>quantumvis</strong></span> <span class='ocrx_word' id='word_1_446' title='bbox 4229 690 4422 764; x_wconf 90' lang='lat' dir='ltr'><strong>turpe</strong></span> <span class='ocrx_word' id='word_1_447' title='bbox 4456 680 4565 747; x_wconf 91' lang='lat' dir='ltr'><strong>vel</strong></span> 
     </span>
     <span class='ocr_line' id='line_1_63' title="bbox 2626 765 4565 854; baseline -0.002 -21"><span class='ocrx_word' id='word_1_448' title='bbox 2626 767 2990 854; x_wconf 90' lang='lat' dir='ltr'><strong>indignum,</strong></span> <span class='ocrx_word' id='word_1_449' title='bbox 3009 770 3391 836; x_wconf 89' lang='lat' dir='ltr'><strong>detractent.</strong></span> <span class='ocrx_word' id='word_1_450' title='bbox 3410 766 3691 833; x_wconf 89' lang='lat' dir='ltr'><strong>Videtur</strong></span> <span class='ocrx_word' id='word_1_451' title='bbox 3714 766 3975 851; x_wconf 89' lang='lat' dir='ltr'><strong>quidem</strong></span> <span class='ocrx_word' id='word_1_452' title='bbox 3998 788 4117 833; x_wconf 89' lang='lat' dir='ltr'><strong>suo</strong></span> <span class='ocrx_word' id='word_1_453' title='bbox 4146 765 4356 833; x_wconf 85' lang='lat' dir='ltr'><strong>edicto</strong></span> <span class='ocrx_word' id='word_1_454' title='bbox 4382 787 4565 831; x_wconf 89' lang='lat' dir='ltr'><strong>men-</strong></span> 
     </span>
     <span class='ocr_line' id='line_1_64' title="bbox 2626 850 4565 935; baseline -0.001 -16"><span class='ocrx_word' id='word_1_455' title='bbox 2626 861 2727 920; x_wconf 90' lang='lat' dir='ltr'><strong>tes</strong></span> <span class='ocrx_word' id='word_1_456' title='bbox 2771 875 3029 920; x_wconf 91' lang='lat' dir='ltr'><strong>sursum</strong></span> <span class='ocrx_word' id='word_1_457' title='bbox 3074 854 3372 921; x_wconf 88' lang='lat' dir='ltr'><strong>attollere</strong></span> <span class='ocrx_word' id='word_1_458' title='bbox 3415 853 3496 918; x_wconf 90' lang='lat' dir='ltr'><strong>ad</strong></span> <span class='ocrx_word' id='word_1_459' title='bbox 3543 854 3685 918; x_wconf 88' lang='lat' dir='ltr'><strong>veri</strong></span> <span class='ocrx_word' id='word_1_460' title='bbox 3708 854 3832 919; x_wconf 92' lang='lat' dir='ltr'><strong>Dei</strong></span> <span class='ocrx_word' id='word_1_461' title='bbox 3878 853 4157 918; x_wconf 83' lang='lat' dir='ltr'><strong>cultum:</strong></span> <span class='ocrx_word' id='word_1_462' title='bbox 4204 850 4319 918; x_wconf 84' lang='lat' dir='ltr'><strong>sed</strong></span> <span class='ocrx_word' id='word_1_463' title='bbox 4362 872 4565 935; x_wconf 91' lang='lat' dir='ltr'><strong>quum</strong></span> 
     </span>
     <span class='ocr_line' id='line_1_65' title="bbox 2628 937 4563 1027; baseline -0.001 -23"><span class='ocrx_word' id='word_1_464' title='bbox 2628 938 2842 1025; x_wconf 87' lang='lat' dir='ltr'><strong>legem</strong></span> <span class='ocrx_word' id='word_1_465' title='bbox 2904 960 3115 1024; x_wconf 89' lang='lat' dir='ltr'><strong>nuper</strong></span> <span class='ocrx_word' id='word_1_466' title='bbox 3169 939 3390 1027; x_wconf 84' lang='lat' dir='ltr'><strong>datam</strong></span> <span class='ocrx_word' id='word_1_467' title='bbox 3445 938 3674 1018; x_wconf 88' lang='lat' dir='ltr'><strong>violet,</strong></span> <span class='ocrx_word' id='word_1_468' title='bbox 3731 938 4034 1005; x_wconf 76' lang='lat' dir='ltr'><strong>frivolum</strong></span> <span class='ocrx_word' id='word_1_469' title='bbox 4091 946 4193 1004; x_wconf 87' lang='lat' dir='ltr'><strong>est</strong></span> <span class='ocrx_word' id='word_1_470' title='bbox 4234 937 4563 1016; x_wconf 89' lang='lat' dir='ltr'><strong>cavillum,</strong></span> 
     </span>
     <span class='ocr_line' id='line_1_66' title="bbox 2631 1023 4565 1093; baseline -0.001 -2"><span class='ocrx_word' id='word_1_471' title='bbox 2631 1024 2985 1092; x_wconf 87' lang='lat' dir='ltr'><strong>obtendere</strong></span> <span class='ocrx_word' id='word_1_472' title='bbox 3027 1046 3279 1093; x_wconf 89' lang='lat' dir='ltr'><strong>sacrum</strong></span> <span class='ocrx_word' id='word_1_473' title='bbox 3324 1024 3456 1091; x_wconf 90' lang='lat' dir='ltr'><strong>Dei</strong></span> <span class='ocrx_word' id='word_1_474' title='bbox 3499 1046 3736 1090; x_wconf 90' lang='lat' dir='ltr'><strong>nomen</strong></span> <span class='ocrx_word' id='word_1_475' title='bbox 3802 1024 3869 1091; x_wconf 92' lang='lat' dir='ltr'><strong>in</strong></span> <span class='ocrx_word' id='word_1_476' title='bbox 3935 1025 4420 1091; x_wconf 86' lang='lat' dir='ltr'><strong>excusationem</strong></span> <span class='ocrx_word' id='word_1_477' title='bbox 4468 1023 4565 1090; x_wconf 90' lang='lat' dir='ltr'><strong>vi-</strong></span> 
     </span>
     <span class='ocr_line' id='line_1_67' title="bbox 2631 1110 3556 1194; baseline -0.001 -17"><span class='ocrx_word' id='word_1_478' title='bbox 2631 1112 2781 1177; x_wconf 88' lang='lat' dir='ltr'><strong>tiosi</strong></span> <span class='ocrx_word' id='word_1_479' title='bbox 2828 1121 2893 1176; x_wconf 91' lang='lat' dir='ltr'><strong>et</strong></span> <span class='ocrx_word' id='word_1_480' title='bbox 2937 1110 3280 1194; x_wconf 86' lang='lat' dir='ltr'><strong>degeneris</strong></span> <span class='ocrx_word' id='word_1_481' title='bbox 3324 1112 3556 1177; x_wconf 89' lang='lat' dir='ltr'><strong>cultus.</strong></span> 
     </span>
    </p>

    <p class='ocr_par' dir='ltr' id='par_1_7' title="bbox 2617 1195 4566 3322">
     <span class='ocr_line' id='line_1_68' title="bbox 2801 1195 4563 1265; baseline -0.002 -3"><span class='ocrx_word' id='word_1_482' title='bbox 2801 1197 2867 1265; x_wconf 84' lang='lat'><strong>6.-</strong></span> <span class='ocrx_word' id='word_1_483' title='bbox 2908 1196 2998 1262; x_wconf 77' lang='lat' dir='ltr'><strong>Et</strong></span> <span class='ocrx_word' id='word_1_484' title='bbox 3037 1217 3281 1263; x_wconf 84' lang='lat' dir='ltr'><strong>summo</strong></span> <span class='ocrx_word' id='word_1_485' title='bbox 3319 1217 3504 1263; x_wconf 80' lang='lat' dir='ltr'><strong>mane</strong></span> <span class='ocrx_word' id='word_1_486' title='bbox 3543 1201 3971 1262; x_wconf 78' lang='lat' dir='ltr'><strong>surrexerunt.</strong></span> <span class='ocrx_word' id='word_1_487' title='bbox 4038 1195 4287 1261; x_wconf 87' lang='lat' dir='ltr'><strong>Iterum</strong></span> <span class='ocrx_word' id='word_1_488' title='bbox 4345 1205 4563 1261; x_wconf 90' lang='lat' dir='ltr'><strong>osten-</strong></span> 
     </span>
     <span class='ocr_line' id='line_1_69' title="bbox 2630 1279 4562 1367; baseline 0 -20"><span class='ocrx_word' id='word_1_489' title='bbox 2630 1282 2808 1347; x_wconf 88' lang='lat' dir='ltr'><strong>ditur</strong></span> <span class='ocrx_word' id='word_1_490' title='bbox 2865 1283 3089 1367; x_wconf 90' lang='lat' dir='ltr'><strong>populi</strong></span> <span class='ocrx_word' id='word_1_491' title='bbox 3146 1282 3460 1348; x_wconf 87' lang='lat' dir='ltr'><strong>sedulitas</strong></span> <span class='ocrx_word' id='word_1_492' title='bbox 3520 1282 3586 1346; x_wconf 91' lang='lat' dir='ltr'><strong>in</strong></span> <span class='ocrx_word' id='word_1_493' title='bbox 3630 1302 3849 1347; x_wconf 91' lang='lat' dir='ltr'><strong>errore</strong></span> <span class='ocrx_word' id='word_1_494' title='bbox 3899 1279 4382 1365; x_wconf 87' lang='lat' dir='ltr'><strong>persequendo,</strong></span> <span class='ocrx_word' id='word_1_495' title='bbox 4440 1301 4562 1348; x_wconf 88' lang='lat' dir='ltr'><strong>nec</strong></span> 
     </span>
     <span class='ocr_line' id='line_1_70' title="bbox 2632 1367 4566 1452; baseline -0.001 -19"><span class='ocrx_word' id='word_1_496' title='bbox 2632 1367 2899 1434; x_wconf 89' lang='lat' dir='ltr'><strong>dubium</strong></span> <span class='ocrx_word' id='word_1_497' title='bbox 2947 1381 3047 1433; x_wconf 87' lang='lat' dir='ltr'><strong>est</strong></span> <span class='ocrx_word' id='word_1_498' title='bbox 3103 1368 3264 1452; x_wconf 91' lang='lat' dir='ltr'><strong>quin</strong></span> <span class='ocrx_word' id='word_1_499' title='bbox 3307 1369 3469 1452; x_wconf 90' lang='lat' dir='ltr'><strong>ipsis</strong></span> <span class='ocrx_word' id='word_1_500' title='bbox 3512 1367 3995 1452; x_wconf 84' lang='lat' dir='ltr'><strong>postulantibus</strong></span> <span class='ocrx_word' id='word_1_501' title='bbox 4036 1367 4350 1432; x_wconf 83' lang='lat' dir='ltr'><strong>indixerit</strong></span> <span class='ocrx_word' id='word_1_502' title='bbox 4383 1367 4566 1433; x_wconf 88' lang='lat' dir='ltr'><strong>Aha-</strong></span> 
     </span>
     <span class='ocr_line' id='line_1_71' title="bbox 2627 1452 4562 1531; baseline -0.002 -11"><span class='ocrx_word' id='word_1_503' title='bbox 2627 1475 2749 1520; x_wconf 91' lang='lat' dir='ltr'><strong>ron</strong></span> <span class='ocrx_word' id='word_1_504' title='bbox 2804 1455 3071 1520; x_wconf 90' lang='lat' dir='ltr'><strong>solenne</strong></span> <span class='ocrx_word' id='word_1_505' title='bbox 3130 1456 3540 1521; x_wconf 88' lang='lat' dir='ltr'><strong>sacrificium.</strong></span> <span class='ocrx_word' id='word_1_506' title='bbox 3631 1454 3772 1518; x_wconf 90' lang='lat' dir='ltr'><strong>Iam</strong></span> <span class='ocrx_word' id='word_1_507' title='bbox 3835 1473 3968 1518; x_wconf 90' lang='lat' dir='ltr'><strong>non</strong></span> <span class='ocrx_word' id='word_1_508' title='bbox 4023 1454 4215 1519; x_wconf 89' lang='lat' dir='ltr'><strong>modo</strong></span> <span class='ocrx_word' id='word_1_509' title='bbox 4281 1452 4562 1531; x_wconf 86' lang='lat' dir='ltr'><strong>additur,</strong></span> 
     </span>
     <span class='ocr_line' id='line_1_72' title="bbox 2626 1538 4565 1624; baseline -0.001 -18"><span class='ocrx_word' id='word_1_510' title='bbox 2626 1550 2886 1624; x_wconf 88' lang='lat' dir='ltr'><strong>praesto</strong></span> <span class='ocrx_word' id='word_1_511' title='bbox 2930 1539 3129 1606; x_wconf 86' lang='lat' dir='ltr'><strong>fuisse</strong></span> <span class='ocrx_word' id='word_1_512' title='bbox 3171 1541 3242 1605; x_wconf 93' lang='lat' dir='ltr'><strong>in</strong></span> <span class='ocrx_word' id='word_1_513' title='bbox 3285 1550 3595 1623; x_wconf 88' lang='lat' dir='ltr'><strong>tempore,</strong></span> <span class='ocrx_word' id='word_1_514' title='bbox 3648 1538 3762 1604; x_wconf 87' lang='lat' dir='ltr'><strong>sed</strong></span> <span class='ocrx_word' id='word_1_515' title='bbox 3797 1539 4188 1623; x_wconf 82' lang='lat' dir='ltr'><strong>exprimitur</strong></span> <span class='ocrx_word' id='word_1_516' title='bbox 4231 1557 4383 1603; x_wconf 88' lang='lat' dir='ltr'><strong>rara</strong></span> <span class='ocrx_word' id='word_1_517' title='bbox 4415 1538 4565 1604; x_wconf 90' lang='lat' dir='ltr'><strong>dili-</strong></span> 
     </span>
     <span class='ocr_line' id='line_1_73' title="bbox 2626 1623 4561 1711; baseline -0.001 -20"><span class='ocrx_word' id='word_1_518' title='bbox 2626 1626 2868 1711; x_wconf 88' lang='lat' dir='ltr'><strong>gentia,</strong></span> <span class='ocrx_word' id='word_1_519' title='bbox 2914 1624 3082 1709; x_wconf 89' lang='lat' dir='ltr'><strong>quod</strong></span> <span class='ocrx_word' id='word_1_520' title='bbox 3128 1626 3340 1708; x_wconf 89' lang='lat' dir='ltr'><strong>primo</strong></span> <span class='ocrx_word' id='word_1_521' title='bbox 3383 1645 3575 1690; x_wconf 87' lang='lat' dir='ltr'><strong>mane</strong></span> <span class='ocrx_word' id='word_1_522' title='bbox 3614 1626 4057 1709; x_wconf 86' lang='lat' dir='ltr'><strong>apparuerint.</strong></span> <span class='ocrx_word' id='word_1_523' title='bbox 4126 1623 4317 1706; x_wconf 79' lang='lat' dir='ltr'><strong>Quod</strong></span> <span class='ocrx_word' id='word_1_524' title='bbox 4362 1625 4415 1689; x_wconf 90' lang='lat' dir='ltr'><strong>si</strong></span> <span class='ocrx_word' id='word_1_525' title='bbox 4461 1625 4561 1689; x_wconf 90' lang='lat' dir='ltr'><strong>in-</strong></span> 
     </span>
     <span class='ocr_line' id='line_1_74' title="bbox 2628 1708 4561 1795; baseline -0.001 -19"><span class='ocrx_word' id='word_1_526' title='bbox 2628 1713 2916 1795; x_wconf 88' lang='lat' dir='ltr'><strong>stigante</strong></span> <span class='ocrx_word' id='word_1_527' title='bbox 2982 1710 3236 1777; x_wconf 89' lang='lat' dir='ltr'><strong>diabolo</strong></span> <span class='ocrx_word' id='word_1_528' title='bbox 3292 1713 3387 1778; x_wconf 89' lang='lat' dir='ltr'><strong>ita</strong></span> <span class='ocrx_word' id='word_1_529' title='bbox 3441 1713 3831 1795; x_wconf 88' lang='lat' dir='ltr'><strong>praecipites</strong></span> <span class='ocrx_word' id='word_1_530' title='bbox 3890 1720 4180 1794; x_wconf 87' lang='lat' dir='ltr'><strong>aguntur</strong></span> <span class='ocrx_word' id='word_1_531' title='bbox 4237 1708 4561 1776; x_wconf 89' lang='lat' dir='ltr'><strong>increduli</strong></span> 
     </span>
     <span class='ocr_line' id='line_1_75' title="bbox 2625 1795 4559 1881; baseline -0.001 -19"><span class='ocrx_word' id='word_1_532' title='bbox 2625 1798 2695 1862; x_wconf 89' lang='lat' dir='ltr'><strong>in</strong></span> <span class='ocrx_word' id='word_1_533' title='bbox 2723 1819 2916 1863; x_wconf 89' lang='lat' dir='ltr'><strong>suum</strong></span> <span class='ocrx_word' id='word_1_534' title='bbox 2940 1798 3296 1877; x_wconf 90' lang='lat' dir='ltr'><strong>interitum,</strong></span> <span class='ocrx_word' id='word_1_535' title='bbox 3322 1818 3441 1863; x_wconf 89' lang='lat' dir='ltr'><strong>vae</strong></span> <span class='ocrx_word' id='word_1_536' title='bbox 3464 1808 3727 1862; x_wconf 87' lang='lat' dir='ltr'><strong>nostrae</strong></span> <span class='ocrx_word' id='word_1_537' title='bbox 3750 1797 4057 1881; x_wconf 86' lang='lat' dir='ltr'><strong>ignaviae</strong></span> <span class='ocrx_word' id='word_1_538' title='bbox 4079 1796 4210 1862; x_wconf 91' lang='lat' dir='ltr'><strong>nisi</strong></span> <span class='ocrx_word' id='word_1_539' title='bbox 4235 1796 4303 1860; x_wconf 92' lang='lat' dir='ltr'><strong>in</strong></span> <span class='ocrx_word' id='word_1_540' title='bbox 4340 1795 4559 1862; x_wconf 89' lang='lat' dir='ltr'><strong>studio</strong></span> 
     </span>
     <span class='ocr_line' id='line_1_76' title="bbox 2626 1881 4558 1968; baseline -0.002 -19"><span class='ocrx_word' id='word_1_541' title='bbox 2626 1891 2850 1949; x_wconf 89' lang='lat' dir='ltr'><strong>nostro</strong></span> <span class='ocrx_word' id='word_1_542' title='bbox 2893 1904 3014 1968; x_wconf 89' lang='lat' dir='ltr'><strong>par</strong></span> <span class='ocrx_word' id='word_1_543' title='bbox 3054 1882 3285 1947; x_wconf 90' lang='lat' dir='ltr'><strong>saltem</strong></span> <span class='ocrx_word' id='word_1_544' title='bbox 3331 1883 3634 1948; x_wconf 87' lang='lat' dir='ltr'><strong>alacritas</strong></span> <span class='ocrx_word' id='word_1_545' title='bbox 3677 1903 3746 1947; x_wconf 91' lang='lat' dir='ltr'><strong>se</strong></span> <span class='ocrx_word' id='word_1_546' title='bbox 3792 1881 4218 1947; x_wconf 88' lang='lat' dir='ltr'><strong>demonstret:</strong></span> <span class='ocrx_word' id='word_1_547' title='bbox 4262 1882 4453 1947; x_wconf 89' lang='lat' dir='ltr'><strong>sicuti</strong></span> <span class='ocrx_word' id='word_1_548' title='bbox 4487 1882 4558 1945; x_wconf 91' lang='lat' dir='ltr'><strong>in</strong></span> 
     </span>
     <span class='ocr_line' id='line_1_77' title="bbox 2624 1967 4559 2056; baseline -0.002 -21"><span class='ocrx_word' id='word_1_549' title='bbox 2624 1969 2887 2035; x_wconf 91' lang='lat' dir='ltr'><strong>Psalmo</strong></span> <span class='ocrx_word' id='word_1_550' title='bbox 2946 1967 3131 2055; x_wconf 89' lang='lat'><strong>(110,</strong></span> <span class='ocrx_word' id='word_1_551' title='bbox 3169 1968 3239 2056; x_wconf 88' lang='lat'><strong>3)</strong></span> <span class='ocrx_word' id='word_1_552' title='bbox 3294 1967 3560 2034; x_wconf 88' lang='lat' dir='ltr'><strong>dicitur:</strong></span> <span class='ocrx_word' id='word_1_553' title='bbox 3608 1968 3898 2051; x_wconf 90' lang='lat' dir='ltr'><strong>Populus</strong></span> <span class='ocrx_word' id='word_1_554' title='bbox 3940 1976 4095 2034; x_wconf 89' lang='lat' dir='ltr'><strong>tuus</strong></span> <span class='ocrx_word' id='word_1_555' title='bbox 4137 1987 4287 2032; x_wconf 90' lang='lat' dir='ltr'><strong>cum</strong></span> <span class='ocrx_word' id='word_1_556' title='bbox 4324 1967 4559 2034; x_wconf 87' lang='lat' dir='ltr'><strong>volun-</strong></span> 
     </span>
     <span class='ocr_line' id='line_1_78' title="bbox 2625 2052 4561 2136; baseline -0.001 -17"><span class='ocrx_word' id='word_1_557' title='bbox 2625 2056 2810 2120; x_wconf 90' lang='lat' dir='ltr'><strong>tariis</strong></span> <span class='ocrx_word' id='word_1_558' title='bbox 2843 2054 3280 2120; x_wconf 87' lang='lat' dir='ltr'><strong>oblationibus</strong></span> <span class='ocrx_word' id='word_1_559' title='bbox 3315 2055 3385 2119; x_wconf 89' lang='lat' dir='ltr'><strong>in</strong></span> <span class='ocrx_word' id='word_1_560' title='bbox 3424 2054 3527 2119; x_wconf 91' lang='lat' dir='ltr'><strong>die</strong></span> <span class='ocrx_word' id='word_1_561' title='bbox 3562 2055 3889 2119; x_wconf 90' lang='lat' dir='ltr'><strong>exercitus</strong></span> <span class='ocrx_word' id='word_1_562' title='bbox 3931 2055 4043 2119; x_wconf 89' lang='lat' dir='ltr'><strong>tui.</strong></span> <span class='ocrx_word' id='word_1_563' title='bbox 4107 2052 4296 2135; x_wconf 79' lang='lat' dir='ltr'><strong>Quod</strong></span> <span class='ocrx_word' id='word_1_564' title='bbox 4335 2062 4561 2136; x_wconf 78' lang='lat' dir='ltr'><strong>postea</strong></span> 
     </span>
     <span class='ocr_line' id='line_1_79' title="bbox 2625 2138 4559 2225; baseline -0.001 -20"><span class='ocrx_word' id='word_1_565' title='bbox 2625 2141 2950 2225; x_wconf 90' lang='lat' dir='ltr'><strong>sequitur,</strong></span> <span class='ocrx_word' id='word_1_566' title='bbox 2995 2140 3306 2224; x_wconf 87' lang='lat' dir='ltr'><strong>populum</strong></span> <span class='ocrx_word' id='word_1_567' title='bbox 3352 2140 3596 2205; x_wconf 87' lang='lat' dir='ltr'><strong>sedisse</strong></span> <span class='ocrx_word' id='word_1_568' title='bbox 3642 2148 3718 2205; x_wconf 90' lang='lat' dir='ltr'><strong>ut</strong></span> <span class='ocrx_word' id='word_1_569' title='bbox 3759 2138 4126 2206; x_wconf 86' lang='lat' dir='ltr'><strong>comederet</strong></span> <span class='ocrx_word' id='word_1_570' title='bbox 4168 2160 4244 2206; x_wconf 91' lang='lat' dir='ltr'><strong>ac</strong></span> <span class='ocrx_word' id='word_1_571' title='bbox 4287 2138 4559 2222; x_wconf 87' lang='lat' dir='ltr'><strong>biberet,</strong></span> 
     </span>
     <span class='ocr_line' id='line_1_80' title="bbox 2623 2226 4560 2309; baseline -0.001 -18"><span class='ocrx_word' id='word_1_572' title='bbox 2623 2227 2857 2293; x_wconf 89' lang='lat' dir='ltr'><strong>inscite</strong></span> <span class='ocrx_word' id='word_1_573' title='bbox 2900 2227 3091 2291; x_wconf 84' lang='lat' dir='ltr'><strong>multi</strong></span> <span class='ocrx_word' id='word_1_574' title='bbox 3136 2226 3218 2290; x_wconf 91' lang='lat' dir='ltr'><strong>ad</strong></span> <span class='ocrx_word' id='word_1_575' title='bbox 3254 2226 3587 2309; x_wconf 90' lang='lat' dir='ltr'><strong>crapulam</strong></span> <span class='ocrx_word' id='word_1_576' title='bbox 3612 2233 3950 2309; x_wconf 89' lang='lat' dir='ltr'><strong>torquent:</strong></span> <span class='ocrx_word' id='word_1_577' title='bbox 3998 2226 4191 2291; x_wconf 90' lang='lat' dir='ltr'><strong>sicuti</strong></span> <span class='ocrx_word' id='word_1_578' title='bbox 4215 2245 4560 2309; x_wconf 90' lang='lat' dir='ltr'><strong>perperam</strong></span> 
     </span>
     <span class='ocr_line' id='line_1_81' title="bbox 2626 2311 4560 2394; baseline -0.002 -17"><span class='ocrx_word' id='word_1_579' title='bbox 2626 2312 2704 2377; x_wconf 90' lang='lat' dir='ltr'><strong>de</strong></span> <span class='ocrx_word' id='word_1_580' title='bbox 2745 2311 3013 2378; x_wconf 89' lang='lat' dir='ltr'><strong>lascivia</strong></span> <span class='ocrx_word' id='word_1_581' title='bbox 3049 2322 3407 2394; x_wconf 88' lang='lat' dir='ltr'><strong>exponunt,</strong></span> <span class='ocrx_word' id='word_1_582' title='bbox 3445 2314 3810 2378; x_wconf 88' lang='lat' dir='ltr'><strong>surrexisse</strong></span> <span class='ocrx_word' id='word_1_583' title='bbox 3847 2311 3926 2376; x_wconf 90' lang='lat' dir='ltr'><strong>ad</strong></span> <span class='ocrx_word' id='word_1_584' title='bbox 3968 2311 4363 2377; x_wconf 90' lang='lat' dir='ltr'><strong>ludendum:</strong></span> <span class='ocrx_word' id='word_1_585' title='bbox 4399 2311 4560 2393; x_wconf 90' lang='lat' dir='ltr'><strong>quin</strong></span> 
     </span>
     <span class='ocr_line' id='line_1_82' title="bbox 2623 2395 4561 2482; baseline -0.001 -20"><span class='ocrx_word' id='word_1_586' title='bbox 2623 2397 2840 2481; x_wconf 91' lang='lat' dir='ltr'><strong>potius</strong></span> <span class='ocrx_word' id='word_1_587' title='bbox 2877 2418 3131 2464; x_wconf 90' lang='lat' dir='ltr'><strong>sacrum</strong></span> <span class='ocrx_word' id='word_1_588' title='bbox 3170 2398 3435 2480; x_wconf 88' lang='lat' dir='ltr'><strong>epulum</strong></span> <span class='ocrx_word' id='word_1_589' title='bbox 3472 2398 3774 2482; x_wconf 87' lang='lat' dir='ltr'><strong>designat</strong></span> <span class='ocrx_word' id='word_1_590' title='bbox 3808 2397 4047 2481; x_wconf 85' lang='lat' dir='ltr'><strong>Moses,</strong></span> <span class='ocrx_word' id='word_1_591' title='bbox 4084 2407 4150 2463; x_wconf 93' lang='lat' dir='ltr'><strong>et</strong></span> <span class='ocrx_word' id='word_1_592' title='bbox 4191 2395 4376 2463; x_wconf 92' lang='lat' dir='ltr'><strong>ludos</strong></span> <span class='ocrx_word' id='word_1_593' title='bbox 4418 2395 4561 2461; x_wconf 88' lang='lat' dir='ltr'><strong>ido-</strong></span> 
     </span>
     <span class='ocr_line' id='line_1_83' title="bbox 2623 2480 4561 2550; baseline 0 -3"><span class='ocrx_word' id='word_1_594' title='bbox 2623 2484 2707 2548; x_wconf 89' lang='lat' dir='ltr'><strong>lis</strong></span> <span class='ocrx_word' id='word_1_595' title='bbox 2764 2482 3027 2550; x_wconf 86' lang='lat' dir='ltr'><strong>dicatos.</strong></span> <span class='ocrx_word' id='word_1_596' title='bbox 3126 2483 3297 2548; x_wconf 90' lang='lat' dir='ltr'><strong>Nam</strong></span> <span class='ocrx_word' id='word_1_597' title='bbox 3355 2485 3523 2550; x_wconf 91' lang='lat' dir='ltr'><strong>sicut</strong></span> <span class='ocrx_word' id='word_1_598' title='bbox 3580 2483 3733 2549; x_wconf 91' lang='lat' dir='ltr'><strong>alibi</strong></span> <span class='ocrx_word' id='word_1_599' title='bbox 3792 2482 4074 2549; x_wconf 86' lang='lat' dir='ltr'><strong>vidimus</strong></span> <span class='ocrx_word' id='word_1_600' title='bbox 4131 2502 4347 2548; x_wconf 88' lang='lat' dir='ltr'><strong>coram</strong></span> <span class='ocrx_word' id='word_1_601' title='bbox 4415 2480 4561 2547; x_wconf 92' lang='lat' dir='ltr'><strong>Deo</strong></span> 
     </span>
     <span class='ocr_line' id='line_1_84' title="bbox 2624 2567 4561 2653; baseline -0.001 -20"><span class='ocrx_word' id='word_1_602' title='bbox 2624 2570 2922 2652; x_wconf 85' lang='lat' dir='ltr'><strong>epulatos</strong></span> <span class='ocrx_word' id='word_1_603' title='bbox 2957 2569 3157 2635; x_wconf 85' lang='lat' dir='ltr'><strong>fuisse</strong></span> <span class='ocrx_word' id='word_1_604' title='bbox 3191 2567 3415 2635; x_wconf 88' lang='lat' dir='ltr'><strong>fideles</strong></span> <span class='ocrx_word' id='word_1_605' title='bbox 3450 2569 3521 2634; x_wconf 92' lang='lat' dir='ltr'><strong>in</strong></span> <span class='ocrx_word' id='word_1_606' title='bbox 3557 2568 3913 2644; x_wconf 85' lang='lat' dir='ltr'><strong>sacrificiis,</strong></span> <span class='ocrx_word' id='word_1_607' title='bbox 3945 2578 4014 2634; x_wconf 87' lang='lat' dir='ltr'><strong>et</strong></span> <span class='ocrx_word' id='word_1_608' title='bbox 4055 2570 4366 2653; x_wconf 87' lang='lat' dir='ltr'><strong>profanae</strong></span> <span class='ocrx_word' id='word_1_609' title='bbox 4403 2589 4561 2652; x_wconf 88' lang='lat' dir='ltr'><strong>gen-</strong></span> 
     </span>
     <span class='ocr_line' id='line_1_85' title="bbox 2625 2651 4560 2722; baseline 0.001 -4"><span class='ocrx_word' id='word_1_610' title='bbox 2625 2665 2724 2720; x_wconf 90' lang='lat' dir='ltr'><strong>tes</strong></span> <span class='ocrx_word' id='word_1_611' title='bbox 2780 2654 3197 2721; x_wconf 89' lang='lat' dir='ltr'><strong>celebrarunt</strong></span> <span class='ocrx_word' id='word_1_612' title='bbox 3255 2675 3441 2722; x_wconf 90' lang='lat' dir='ltr'><strong>sacra</strong></span> <span class='ocrx_word' id='word_1_613' title='bbox 3497 2656 3830 2721; x_wconf 89' lang='lat' dir='ltr'><strong>convivia:</strong></span> <span class='ocrx_word' id='word_1_614' title='bbox 3892 2655 4062 2720; x_wconf 89' lang='lat' dir='ltr'><strong>ludis</strong></span> <span class='ocrx_word' id='word_1_615' title='bbox 4122 2664 4342 2719; x_wconf 88' lang='lat' dir='ltr'><strong>autem</strong></span> <span class='ocrx_word' id='word_1_616' title='bbox 4385 2651 4560 2719; x_wconf 87' lang='lat' dir='ltr'><strong>idola</strong></span> 
     </span>
     <span class='ocr_line' id='line_1_86' title="bbox 2623 2739 4560 2823; baseline -0.001 -17"><span class='ocrx_word' id='word_1_617' title='bbox 2623 2762 2745 2807; x_wconf 90' lang='lat' dir='ltr'><strong>sua</strong></span> <span class='ocrx_word' id='word_1_618' title='bbox 2800 2741 3301 2807; x_wconf 89' lang='lat' dir='ltr'><strong>venerabantur.</strong></span> <span class='ocrx_word' id='word_1_619' title='bbox 3391 2739 3599 2806; x_wconf 80' lang='lat' dir='ltr'><strong>Cuius</strong></span> <span class='ocrx_word' id='word_1_620' title='bbox 3648 2741 3747 2805; x_wconf 91' lang='lat' dir='ltr'><strong>rei</strong></span> <span class='ocrx_word' id='word_1_621' title='bbox 3792 2740 4191 2806; x_wconf 86' lang='lat' dir='ltr'><strong>certissimus</strong></span> <span class='ocrx_word' id='word_1_622' title='bbox 4234 2740 4560 2823; x_wconf 86' lang='lat' dir='ltr'><strong>interpres</strong></span> 
     </span>
     <span class='ocr_line' id='line_1_87' title="bbox 2623 2825 4560 2910; baseline -0.002 -17"><span class='ocrx_word' id='word_1_623' title='bbox 2623 2836 2723 2893; x_wconf 89' lang='lat' dir='ltr'><strong>est</strong></span> <span class='ocrx_word' id='word_1_624' title='bbox 2770 2827 3052 2905; x_wconf 89' lang='lat' dir='ltr'><strong>Paulus,</strong></span> <span class='ocrx_word' id='word_1_625' title='bbox 3133 2828 3243 2910; x_wconf 90' lang='lat' dir='ltr'><strong>qui</strong></span> <span class='ocrx_word' id='word_1_626' title='bbox 3302 2828 3542 2892; x_wconf 91' lang='lat' dir='ltr'><strong>veteris</strong></span> <span class='ocrx_word' id='word_1_627' title='bbox 3600 2826 3823 2910; x_wconf 92' lang='lat' dir='ltr'><strong>populi</strong></span> <span class='ocrx_word' id='word_1_628' title='bbox 3877 2826 4308 2891; x_wconf 89' lang='lat' dir='ltr'><strong>idololatriam</strong></span> <span class='ocrx_word' id='word_1_629' title='bbox 4377 2825 4560 2891; x_wconf 90' lang='lat' dir='ltr'><strong>dam-</strong></span> 
     </span>
     <span class='ocr_line' id='line_1_88' title="bbox 2622 2910 4560 2999; baseline -0.001 -22"><span class='ocrx_word' id='word_1_630' title='bbox 2622 2934 2821 2991; x_wconf 89' lang='lat' dir='ltr'><strong>nans,</strong></span> <span class='ocrx_word' id='word_1_631' title='bbox 2868 2913 3045 2978; x_wconf 90' lang='lat' dir='ltr'><strong>hunc</strong></span> <span class='ocrx_word' id='word_1_632' title='bbox 3089 2911 3304 2978; x_wconf 91' lang='lat' dir='ltr'><strong>locum</strong></span> <span class='ocrx_word' id='word_1_633' title='bbox 3348 2914 3511 2978; x_wconf 87' lang='lat' dir='ltr'><strong>citat</strong></span> <span class='ocrx_word' id='word_1_634' title='bbox 3551 2910 3639 2999; x_wconf 91' lang='lat'><strong>(1.</strong></span> <span class='ocrx_word' id='word_1_635' title='bbox 3689 2912 3837 2978; x_wconf 83' lang='lat' dir='ltr'><strong>Cor.</strong></span> <span class='ocrx_word' id='word_1_636' title='bbox 3886 2912 3986 2992; x_wconf 89' lang='lat'><strong>10,</strong></span> <span class='ocrx_word' id='word_1_637' title='bbox 4035 2911 4120 2999; x_wconf 82' lang='lat'><strong>7),</strong></span> <span class='ocrx_word' id='word_1_638' title='bbox 4164 2922 4233 2977; x_wconf 89' lang='lat' dir='ltr'><strong>et</strong></span> <span class='ocrx_word' id='word_1_639' title='bbox 4275 2911 4560 2978; x_wconf 90' lang='lat' dir='ltr'><strong>scienter</strong></span> 
     </span>
     <span class='ocr_line' id='line_1_89' title="bbox 2622 2994 4559 3082; baseline -0.001 -17"><span class='ocrx_word' id='word_1_640' title='bbox 2622 2998 3064 3065; x_wconf 89' lang='lat' dir='ltr'><strong>accommodat</strong></span> <span class='ocrx_word' id='word_1_641' title='bbox 3122 2998 3204 3063; x_wconf 91' lang='lat' dir='ltr'><strong>ad</strong></span> <span class='ocrx_word' id='word_1_642' title='bbox 3255 2994 3666 3080; x_wconf 79' lang='lat' dir='ltr'><strong>praesentem</strong></span> <span class='ocrx_word' id='word_1_643' title='bbox 3723 3019 3946 3063; x_wconf 89' lang='lat' dir='ltr'><strong>usum:</strong></span> <span class='ocrx_word' id='word_1_644' title='bbox 3996 2999 4149 3082; x_wconf 91' lang='lat' dir='ltr'><strong>quia</strong></span> <span class='ocrx_word' id='word_1_645' title='bbox 4196 3019 4324 3062; x_wconf 91' lang='lat' dir='ltr'><strong>non</strong></span> <span class='ocrx_word' id='word_1_646' title='bbox 4371 3018 4559 3063; x_wconf 89' lang='lat' dir='ltr'><strong>eous-</strong></span> 
     </span>
     <span class='ocr_line' id='line_1_90' title="bbox 2620 3083 4556 3169; baseline -0.001 -21"><span class='ocrx_word' id='word_1_647' title='bbox 2620 3104 2746 3167; x_wconf 92' lang='lat' dir='ltr'><strong>que</strong></span> <span class='ocrx_word' id='word_1_648' title='bbox 2799 3105 2869 3150; x_wconf 90' lang='lat' dir='ltr'><strong>se</strong></span> <span class='ocrx_word' id='word_1_649' title='bbox 2924 3085 3395 3168; x_wconf 88' lang='lat' dir='ltr'><strong>prostituerant</strong></span> <span class='ocrx_word' id='word_1_650' title='bbox 3437 3083 3789 3164; x_wconf 78' lang='lat' dir='ltr'><strong>Corinthii,</strong></span> <span class='ocrx_word' id='word_1_651' title='bbox 3833 3093 3910 3149; x_wconf 90' lang='lat' dir='ltr'><strong>ut</strong></span> <span class='ocrx_word' id='word_1_652' title='bbox 3953 3105 4174 3169; x_wconf 91' lang='lat' dir='ltr'><strong>genua</strong></span> <span class='ocrx_word' id='word_1_653' title='bbox 4218 3085 4556 3148; x_wconf 86' lang='lat' dir='ltr'><strong>flecterent</strong></span> 
     </span>
     <span class='ocr_line' id='line_1_91' title="bbox 2617 3168 4556 3254; baseline -0.002 -18"><span class='ocrx_word' id='word_1_654' title='bbox 2617 3190 2837 3236; x_wconf 88' lang='lat' dir='ltr'><strong>coram</strong></span> <span class='ocrx_word' id='word_1_655' title='bbox 2903 3168 3127 3249; x_wconf 91' lang='lat' dir='ltr'><strong>idolis,</strong></span> <span class='ocrx_word' id='word_1_656' title='bbox 3194 3170 3307 3236; x_wconf 91' lang='lat' dir='ltr'><strong>sed</strong></span> <span class='ocrx_word' id='word_1_657' title='bbox 3371 3171 3440 3236; x_wconf 91' lang='lat' dir='ltr'><strong>in</strong></span> <span class='ocrx_word' id='word_1_658' title='bbox 3508 3170 3846 3237; x_wconf 85' lang='lat' dir='ltr'><strong>sacrificiis</strong></span> <span class='ocrx_word' id='word_1_659' title='bbox 3912 3170 4178 3254; x_wconf 86' lang='lat' dir='ltr'><strong>pollutis</strong></span> <span class='ocrx_word' id='word_1_660' title='bbox 4243 3169 4556 3236; x_wconf 84' lang='lat' dir='ltr'><strong>convivae</strong></span> 
     </span>
     <span class='ocr_line' id='line_1_92' title="bbox 2619 3256 3223 3322; baseline -0.003 -1"><span class='ocrx_word' id='word_1_661' title='bbox 2619 3265 2807 3321; x_wconf 90' lang='lat' dir='ltr'><strong>erant</strong></span> <span class='ocrx_word' id='word_1_662' title='bbox 2846 3256 3223 3322; x_wconf 84' lang='lat' dir='ltr'><strong>infidelium.</strong></span> 
     </span>
    </p>
   </div>
   <div class='ocr_carea' id='block_1_7' title="bbox 3131 3595 4041 3664">
    <p class='ocr_par' dir='ltr' id='par_1_8' title="bbox 3131 3595 4041 3664">
     <span class='ocr_line' id='line_1_93' title="bbox 3131 3595 4041 3664; baseline -0.002 -1"><span class='ocrx_word' id='word_1_663' title='bbox 3131 3597 3261 3663; x_wconf 83' lang='lat' dir='ltr'><strong>EX</strong></span> <span class='ocrx_word' id='word_1_664' title='bbox 3305 3595 3638 3664; x_wconf 83' lang='lat' dir='ltr'>EODEM</span> <span class='ocrx_word' id='word_1_665' title='bbox 3684 3595 4041 3663; x_wconf 80' lang='lat' dir='ltr'><strong>OAPI&#39;I&#39;E.</strong></span> 
     </span>
    </p>
   </div>
   <div class='ocr_carea' id='block_1_8' title="bbox 2614 3766 4571 5398">
    <p class='ocr_par' dir='ltr' id='par_1_9' title="bbox 2614 3766 4571 5398">
     <span class='ocr_line' id='line_1_94' title="bbox 2791 3766 4564 3851; baseline 0.003 -19"><span class='ocrx_word' id='word_1_666' title='bbox 2791 3769 2849 3834; x_wconf 85' lang='lat'><strong>7.</strong></span> <span class='ocrx_word' id='word_1_667' title='bbox 2891 3768 3335 3851; x_wconf 77' lang='lat' dir='ltr'><strong>Loquutusque</strong></span> <span class='ocrx_word' id='word_1_668' title='bbox 3386 3773 3476 3833; x_wconf 88' lang='lat' dir='ltr'><strong>est</strong></span> <span class='ocrx_word' id='word_1_669' title='bbox 3512 3767 3739 3834; x_wconf 74' lang='lat' dir='ltr'><strong>Iehova</strong></span> <span class='ocrx_word' id='word_1_670' title='bbox 3792 3768 3877 3833; x_wconf 88' lang='lat' dir='ltr'><strong>ad</strong></span> <span class='ocrx_word' id='word_1_671' title='bbox 3911 3766 4168 3834; x_wconf 75' lang='lat' dir='ltr'><strong>Mosen.-</strong></span> <span class='ocrx_word' id='word_1_672' title='bbox 4224 3769 4413 3847; x_wconf 85' lang='lat' dir='ltr'><strong>Vade,</strong></span> <span class='ocrx_word' id='word_1_673' title='bbox 4458 3771 4564 3837; x_wconf 85' lang='lat' dir='ltr'><strong>de-</strong></span> 
     </span>
     <span class='ocr_line' id='line_1_95' title="bbox 2619 3854 4565 3937; baseline 0.001 -16"><span class='ocrx_word' id='word_1_674' title='bbox 2619 3854 2846 3933; x_wconf 79' lang='lat' dir='ltr'><strong>scende,</strong></span> <span class='ocrx_word' id='word_1_675' title='bbox 2894 3855 3176 3937; x_wconf 79' lang='lat' dir='ltr'><strong>corrupit</strong></span> <span class='ocrx_word' id='word_1_676' title='bbox 3205 3875 3274 3919; x_wconf 94' lang='lat' dir='ltr'><strong>se</strong></span> <span class='ocrx_word' id='word_1_677' title='bbox 3303 3854 3586 3935; x_wconf 77' lang='lat' dir='ltr'><strong>populus</strong></span> <span class='ocrx_word' id='word_1_678' title='bbox 3619 3858 3768 3919; x_wconf 85' lang='lat' dir='ltr'><strong>tuus</strong></span> <span class='ocrx_word' id='word_1_679' title='bbox 3810 3874 3987 3935; x_wconf 77' lang='lat' dir='ltr'><strong>quem</strong></span> <span class='ocrx_word' id='word_1_680' title='bbox 4029 3856 4304 3920; x_wconf 75' lang='lat' dir='ltr'><strong>eduxisti</strong></span> <span class='ocrx_word' id='word_1_681' title='bbox 4337 3876 4370 3921; x_wconf 90' lang='lat' dir='ltr'><strong>e</strong></span> <span class='ocrx_word' id='word_1_682' title='bbox 4391 3861 4565 3923; x_wconf 86' lang='lat' dir='ltr'><strong>terra</strong></span> 
     </span>
     <span class='ocr_line' id='line_1_96' title="bbox 2620 3939 4567 4026; baseline 0.001 -20"><span class='ocrx_word' id='word_1_683' title='bbox 2620 3940 2912 4026; x_wconf 63' lang='lat' dir='ltr'><strong>Aegypti.</strong></span> <span class='ocrx_word' id='word_1_684' title='bbox 3002 3940 3061 4006; x_wconf 89' lang='grc'><strong>8.</strong></span> <span class='ocrx_word' id='word_1_685' title='bbox 3125 3939 3531 4005; x_wconf 82' lang='lat' dir='ltr'><strong>Recesserunt</strong></span> <span class='ocrx_word' id='word_1_686' title='bbox 3572 3940 3691 4006; x_wconf 83' lang='lat' dir='ltr'><strong>cito</strong></span> <span class='ocrx_word' id='word_1_687' title='bbox 3748 3941 3824 4006; x_wconf 87' lang='lat' dir='ltr'><strong>de</strong></span> <span class='ocrx_word' id='word_1_688' title='bbox 3880 3941 3989 4005; x_wconf 82' lang='lat' dir='ltr'><strong>via</strong></span> <span class='ocrx_word' id='word_1_689' title='bbox 4045 3961 4235 4022; x_wconf 78' lang='lat' dir='ltr'><strong>quam</strong></span> <span class='ocrx_word' id='word_1_690' title='bbox 4268 3942 4567 4025; x_wconf 76' lang='lat' dir='ltr'><strong>praecepi</strong></span> 
     </span>
     <span class='ocr_line' id='line_1_97' title="bbox 2623 4025 4564 4110; baseline 0.001 -18"><span class='ocrx_word' id='word_1_691' title='bbox 2623 4029 2715 4092; x_wconf 85' lang='lat' dir='ltr'><strong>eis</strong></span> <span class='ocrx_word' id='word_1_692' title='bbox 2729 4052 2748 4091; x_wconf 92' lang='lat'><strong>.·</strong></span> <span class='ocrx_word' id='word_1_693' title='bbox 2806 4027 3079 4110; x_wconf 73' lang='lat' dir='ltr'><strong>feeemnt</strong></span> <span class='ocrx_word' id='word_1_694' title='bbox 3146 4026 3272 4091; x_wconf 81' lang='lat' dir='ltr'><strong>sibi</strong></span> <span class='ocrx_word' id='word_1_695' title='bbox 3340 4025 3604 4090; x_wconf 74' lang='lat' dir='ltr'><strong>vitulum</strong></span> <span class='ocrx_word' id='word_1_696' title='bbox 3657 4025 3946 4108; x_wconf 79' lang='lat' dir='ltr'><strong>fusilem,</strong></span> <span class='ocrx_word' id='word_1_697' title='bbox 4020 4028 4564 4110; x_wconf 76' lang='lat' dir='ltr'><strong>adoraveruntque</strong></span> 
     </span>
     <span class='ocr_line' id='line_1_98' title="bbox 2622 4111 4564 4195; baseline 0.001 -18"><span class='ocrx_word' id='word_1_698' title='bbox 2622 4113 2802 4177; x_wconf 82' lang='lat' dir='ltr'><strong>illum</strong></span> <span class='ocrx_word' id='word_1_699' title='bbox 2847 4118 2903 4179; x_wconf 90' lang='lat' dir='ltr'><strong>et</strong></span> <span class='ocrx_word' id='word_1_700' title='bbox 2942 4111 3448 4193; x_wconf 76' lang='lat' dir='ltr'><strong>sacrificaverunt</strong></span> <span class='ocrx_word' id='word_1_701' title='bbox 3502 4113 3581 4193; x_wconf 87' lang='lat' dir='ltr'><strong>ei,</strong></span> <span class='ocrx_word' id='word_1_702' title='bbox 3636 4112 4084 4193; x_wconf 80' lang='lat' dir='ltr'><strong>dixeruntque.-</strong></span> <span class='ocrx_word' id='word_1_703' title='bbox 4141 4114 4265 4178; x_wconf 82' lang='lat' dir='ltr'><strong>Isti</strong></span> <span class='ocrx_word' id='word_1_704' title='bbox 4314 4114 4413 4179; x_wconf 86' lang='lat' dir='ltr'><strong>dii</strong></span> <span class='ocrx_word' id='word_1_705' title='bbox 4451 4114 4564 4195; x_wconf 86' lang='lat' dir='ltr'><strong>tui,</strong></span> 
     </span>
     <span class='ocr_line' id='line_1_99' title="bbox 2627 4198 4568 4282; baseline 0 -18"><span class='ocrx_word' id='word_1_706' title='bbox 2627 4198 2865 4277; x_wconf 78' lang='lat' dir='ltr'><strong>Israel,</strong></span> <span class='ocrx_word' id='word_1_707' title='bbox 2925 4200 3037 4282; x_wconf 78' lang='lat' dir='ltr'><strong>qui</strong></span> <span class='ocrx_word' id='word_1_708' title='bbox 3092 4199 3437 4263; x_wconf 82' lang='lat' dir='ltr'><strong>eduxerunt</strong></span> <span class='ocrx_word' id='word_1_709' title='bbox 3490 4202 3546 4262; x_wconf 90' lang='lat' dir='ltr'><strong>te</strong></span> <span class='ocrx_word' id='word_1_710' title='bbox 3601 4218 3632 4262; x_wconf 91' lang='lat' dir='ltr'><strong>e</strong></span> <span class='ocrx_word' id='word_1_711' title='bbox 3673 4202 3843 4262; x_wconf 79' lang='lat' dir='ltr'><strong>terra</strong></span> <span class='ocrx_word' id='word_1_712' title='bbox 3886 4199 4173 4281; x_wconf 74' lang='lat' dir='ltr'><strong>Aeyypti.</strong></span> <span class='ocrx_word' id='word_1_713' title='bbox 4264 4199 4324 4264; x_wconf 88' lang='lat'><strong>9.</strong></span> <span class='ocrx_word' id='word_1_714' title='bbox 4370 4198 4568 4265; x_wconf 76' lang='lat' dir='ltr'><strong>Dixit</strong></span> 
     </span>
     <span class='ocr_line' id='line_1_100' title="bbox 2614 4282 4566 4368; baseline 0.001 -18"><span class='ocrx_word' id='word_1_715' title='bbox 2614 4290 2943 4368; x_wconf 77' lang='lat' dir='ltr'><strong>praeterea</strong></span> <span class='ocrx_word' id='word_1_716' title='bbox 2994 4283 3221 4349; x_wconf 75' lang='lat' dir='ltr'><strong>Iehova</strong></span> <span class='ocrx_word' id='word_1_717' title='bbox 3277 4284 3362 4348; x_wconf 85' lang='lat' dir='ltr'><strong>ad</strong></span> <span class='ocrx_word' id='word_1_718' title='bbox 3419 4282 3671 4349; x_wconf 79' lang='lat' dir='ltr'><strong>Mosen:</strong></span> <span class='ocrx_word' id='word_1_719' title='bbox 3734 4284 3886 4350; x_wconf 84' lang='lat' dir='ltr'><strong>Vidi</strong></span> <span class='ocrx_word' id='word_1_720' title='bbox 3919 4285 4227 4365; x_wconf 77' lang='lat' dir='ltr'><strong>populum</strong></span> <span class='ocrx_word' id='word_1_721' title='bbox 4268 4284 4467 4351; x_wconf 74' lang='lat' dir='ltr'><strong>huuc.-</strong></span> <span class='ocrx_word' id='word_1_722' title='bbox 4510 4290 4566 4350; x_wconf 87' lang='lat' dir='ltr'><strong>et</strong></span> 
     </span>
     <span class='ocr_line' id='line_1_101' title="bbox 2627 4369 4568 4455; baseline 0 -18"><span class='ocrx_word' id='word_1_723' title='bbox 2627 4391 2753 4437; x_wconf 82' lang='lat' dir='ltr'><strong>eece</strong></span> <span class='ocrx_word' id='word_1_724' title='bbox 2780 4370 3062 4453; x_wconf 77' lang='lat' dir='ltr'><strong>populus</strong></span> <span class='ocrx_word' id='word_1_725' title='bbox 3107 4371 3307 4436; x_wconf 86' lang='lat' dir='ltr'><strong>durae</strong></span> <span class='ocrx_word' id='word_1_726' title='bbox 3354 4370 3611 4435; x_wconf 81' lang='lat' dir='ltr'><strong>cervicis</strong></span> <span class='ocrx_word' id='word_1_727' title='bbox 3650 4373 3756 4435; x_wconf 85' lang='lat' dir='ltr'><strong>est.</strong></span> <span class='ocrx_word' id='word_1_728' title='bbox 3852 4369 3950 4434; x_wconf 90' lang='lat'><strong>10.</strong></span> <span class='ocrx_word' id='word_1_729' title='bbox 4001 4370 4190 4436; x_wconf 83' lang='lat' dir='ltr'><strong>Nunc</strong></span> <span class='ocrx_word' id='word_1_730' title='bbox 4230 4371 4425 4455; x_wconf 74' lang='lat' dir='ltr'><strong>iyitur</strong></span> <span class='ocrx_word' id='word_1_731' title='bbox 4467 4371 4568 4437; x_wconf 90' lang='lat' dir='ltr'><strong>di-</strong></span> 
     </span>
     <span class='ocr_line' id='line_1_102' title="bbox 2628 4455 4571 4537; baseline -0.001 -15"><span class='ocrx_word' id='word_1_732' title='bbox 2628 4458 2797 4522; x_wconf 83' lang='lat' dir='ltr'><strong>mitte</strong></span> <span class='ocrx_word' id='word_1_733' title='bbox 2859 4477 2954 4521; x_wconf 86' lang='lat' dir='ltr'><strong>me</strong></span> <span class='ocrx_word' id='word_1_734' title='bbox 2968 4507 2982 4534; x_wconf 91' lang='lat'><strong>,</strong></span> <span class='ocrx_word' id='word_1_735' title='bbox 3039 4461 3109 4520; x_wconf 87' lang='lat' dir='ltr'><strong>ut</strong></span> <span class='ocrx_word' id='word_1_736' title='bbox 3165 4457 3571 4522; x_wconf 81' lang='lat' dir='ltr'><strong>excandescat</strong></span> <span class='ocrx_word' id='word_1_737' title='bbox 3628 4455 3812 4537; x_wconf 83' lang='lat' dir='ltr'><strong>furor</strong></span> <span class='ocrx_word' id='word_1_738' title='bbox 3860 4476 4035 4521; x_wconf 86' lang='lat' dir='ltr'><strong>meus</strong></span> <span class='ocrx_word' id='word_1_739' title='bbox 4074 4458 4145 4522; x_wconf 85' lang='lat' dir='ltr'><strong>in</strong></span> <span class='ocrx_word' id='word_1_740' title='bbox 4188 4477 4309 4532; x_wconf 87' lang='lat' dir='ltr'><strong>eos,</strong></span> <span class='ocrx_word' id='word_1_741' title='bbox 4353 4476 4571 4523; x_wconf 80' lang='lat' dir='ltr'><strong>eonsu-</strong></span> 
     </span>
     <span class='ocr_line' id='line_1_103' title="bbox 2629 4542 4564 4708; baseline 0.001 -15"><span class='ocrx_word' id='word_1_742' title='bbox 2629 4546 3222 4708; x_wconf 56' lang='lat' dir='ltr'><strong>Ts‘mffpfissiitiss</strong></span> <span class='ocrx_word' id='word_1_743' title='bbox 3283 4542 3917 4708; x_wconf 49' lang='lat' dir='ltr'><strong>ammata</strong></span> <span class='ocrx_word' id='word_1_744' title='bbox 3954 4547 4229 4693; x_wconf 53' lang='lat' dir='ltr'><strong>iim.</strong></span> <span class='ocrx_word' id='word_1_745' title='bbox 4247 4562 4564 4694; x_wconf 41' lang='lat'><strong>”5⁰:232</strong></span> 
     </span>
     <span class='ocr_line' id='line_1_104' title="bbox 2632 4677 4568 4796; baseline -0.001 -16"><span class='ocrx_word' id='word_1_746' title='bbox 2632 4721 2690 4780; x_wconf 91' lang='lat' dir='ltr'><strong>et</strong></span> <span class='ocrx_word' id='word_1_747' title='bbox 2731 4714 2934 4781; x_wconf 86' lang='lat' dir='ltr'><strong>dixit:</strong></span> <span class='ocrx_word' id='word_1_748' title='bbox 2992 4712 3070 4780; x_wconf 82' lang='lat' dir='ltr'><strong>Ut</strong></span> <span class='ocrx_word' id='word_1_749' title='bbox 3102 4713 3273 4795; x_wconf 78' lang='lat' dir='ltr'><strong>quid,</strong></span> <span class='ocrx_word' id='word_1_750' title='bbox 3318 4735 3352 4779; x_wconf 93' lang='lat' dir='ltr'><strong>o</strong></span> <span class='ocrx_word' id='word_1_751' title='bbox 3398 4713 3649 4790; x_wconf 74' lang='lat' dir='ltr'><strong>Iehova,</strong></span> <span class='ocrx_word' id='word_1_752' title='bbox 3697 4714 4045 4780; x_wconf 73' lang='lat' dir='ltr'><strong>exardescet</strong></span> <span class='ocrx_word' id='word_1_753' title='bbox 4084 4714 4269 4796; x_wconf 82' lang='lat' dir='ltr'><strong>furor</strong></span> <span class='ocrx_word' id='word_1_754' title='bbox 4303 4720 4453 4779; x_wconf 88' lang='lat' dir='ltr'><strong>tuus</strong></span> <span class='ocrx_word' id='word_1_755' title='bbox 4494 4677 4568 4779; x_wconf 66' lang='lat' dir='ltr'><strong>ivi</strong></span> 
     </span>
     <span class='ocr_line' id='line_1_105' title="bbox 2619 4798 4569 4885; baseline 0 -21"><span class='ocrx_word' id='word_1_756' title='bbox 2619 4799 2931 4883; x_wconf 77' lang='lat' dir='ltr'><strong>populum</strong></span> <span class='ocrx_word' id='word_1_757' title='bbox 2971 4804 3148 4865; x_wconf 86' lang='lat' dir='ltr'><strong>tuum</strong></span> <span class='ocrx_word' id='word_1_758' title='bbox 3189 4820 3369 4881; x_wconf 78' lang='lat' dir='ltr'><strong>quem</strong></span> <span class='ocrx_word' id='word_1_759' title='bbox 3409 4799 3684 4866; x_wconf 73' lang='lat' dir='ltr'><strong>eduxisti</strong></span> <span class='ocrx_word' id='word_1_760' title='bbox 3726 4819 3758 4863; x_wconf 93' lang='lat' dir='ltr'><strong>e</strong></span> <span class='ocrx_word' id='word_1_761' title='bbox 3798 4803 3971 4863; x_wconf 83' lang='lat' dir='ltr'><strong>terra</strong></span> <span class='ocrx_word' id='word_1_762' title='bbox 4015 4801 4283 4885; x_wconf 68' lang='lat' dir='ltr'><strong>Aeyypti</strong></span> <span class='ocrx_word' id='word_1_763' title='bbox 4327 4803 4396 4866; x_wconf 79' lang='lat' dir='ltr'><strong>in</strong></span> <span class='ocrx_word' id='word_1_764' title='bbox 4435 4798 4569 4883; x_wconf 82' lang='lat' dir='ltr'><strong>for-</strong></span> 
     </span>
     <span class='ocr_line' id='line_1_106' title="bbox 2633 4884 4571 4969; baseline -0.002 -18"><span class='ocrx_word' id='word_1_765' title='bbox 2633 4887 2901 4952; x_wconf 78' lang='lat' dir='ltr'><strong>titudine</strong></span> <span class='ocrx_word' id='word_1_766' title='bbox 2963 4907 3193 4968; x_wconf 74' lang='lat' dir='ltr'><strong>mayna</strong></span> <span class='ocrx_word' id='word_1_767' title='bbox 3248 4891 3304 4951; x_wconf 81' lang='lat' dir='ltr'><strong>et</strong></span> <span class='ocrx_word' id='word_1_768' title='bbox 3343 4906 3538 4950; x_wconf 82' lang='lat' dir='ltr'><strong>manu</strong></span> <span class='ocrx_word' id='word_1_769' title='bbox 3591 4884 3798 4969; x_wconf 78' lang='lat' dir='ltr'><strong>forti?</strong></span> <span class='ocrx_word' id='word_1_770' title='bbox 3889 4884 3989 4950; x_wconf 80' lang='lat'><strong>12.</strong></span> <span class='ocrx_word' id='word_1_771' title='bbox 4051 4886 4129 4952; x_wconf 87' lang='lat' dir='ltr'><strong>Ut</strong></span> <span class='ocrx_word' id='word_1_772' title='bbox 4171 4887 4324 4967; x_wconf 79' lang='lat' dir='ltr'><strong>quid</strong></span> <span class='ocrx_word' id='word_1_773' title='bbox 4365 4887 4571 4953; x_wconf 80' lang='lat' dir='ltr'><strong>dicent</strong></span> 
     </span>
     <span class='ocr_line' id='line_1_107' title="bbox 2632 4971 4566 5056; baseline -0.001 -19"><span class='ocrx_word' id='word_1_774' title='bbox 2632 4972 2930 5056; x_wconf 74' lang='lat' dir='ltr'><strong>,Aeqyptii</strong></span> <span class='ocrx_word' id='word_1_775' title='bbox 2970 4972 3260 5037; x_wconf 81' lang='lat' dir='ltr'><strong>dicendo:</strong></span> <span class='ocrx_word' id='word_1_776' title='bbox 3320 4973 3389 5037; x_wconf 80' lang='lat' dir='ltr'><strong>in</strong></span> <span class='ocrx_word' id='word_1_777' title='bbox 3444 4971 3683 5037; x_wconf 86' lang='lat' dir='ltr'><strong>malum</strong></span> <span class='ocrx_word' id='word_1_778' title='bbox 3726 4971 3942 5038; x_wconf 81' lang='lat' dir='ltr'><strong>eduxit</strong></span> <span class='ocrx_word' id='word_1_779' title='bbox 3997 4993 4112 5051; x_wconf 87' lang='lat' dir='ltr'><strong>eos,</strong></span> <span class='ocrx_word' id='word_1_780' title='bbox 4159 4977 4230 5036; x_wconf 83' lang='lat' dir='ltr'><strong>ut</strong></span> <span class='ocrx_word' id='word_1_781' title='bbox 4269 4972 4566 5037; x_wconf 84' lang='lat' dir='ltr'><strong>occideret</strong></span> 
     </span>
     <span class='ocr_line' id='line_1_108' title="bbox 2635 5059 4565 5141; baseline -0.001 -19"><span class='ocrx_word' id='word_1_782' title='bbox 2635 5078 2736 5123; x_wconf 87' lang='lat' dir='ltr'><strong>eos</strong></span> <span class='ocrx_word' id='word_1_783' title='bbox 2768 5060 2838 5122; x_wconf 79' lang='lat' dir='ltr'><strong>in</strong></span> <span class='ocrx_word' id='word_1_784' title='bbox 2880 5059 3205 5135; x_wconf 50' lang='lat' dir='ltr'><strong>montibu&amp;</strong></span> <span class='ocrx_word' id='word_1_785' title='bbox 3242 5064 3428 5139; x_wconf 77' lang='lat' dir='ltr'><strong>utque</strong></span> <span class='ocrx_word' id='word_1_786' title='bbox 3462 5063 3845 5122; x_wconf 79' lang='lat' dir='ltr'><strong>consumeret</strong></span> <span class='ocrx_word' id='word_1_787' title='bbox 3879 5078 3978 5123; x_wconf 87' lang='lat' dir='ltr'><strong>eos</strong></span> <span class='ocrx_word' id='word_1_788' title='bbox 4015 5080 4046 5123; x_wconf 89' lang='lat' dir='ltr'><strong>e</strong></span> <span class='ocrx_word' id='word_1_789' title='bbox 4086 5059 4411 5141; x_wconf 74' lang='lat' dir='ltr'><strong>superficie</strong></span> <span class='ocrx_word' id='word_1_790' title='bbox 4445 5063 4565 5121; x_wconf 83' lang='lat' dir='ltr'><strong>ter-</strong></span> 
     </span>
     <span class='ocr_line' id='line_1_109' title="bbox 2633 5143 4565 5244; baseline 0.002 -37"><span class='ocrx_word' id='word_1_791' title='bbox 2633 5143 2790 5209; x_wconf 78' lang='lat' dir='ltr'><strong>rae?</strong></span> <span class='ocrx_word' id='word_1_792' title='bbox 2834 5149 3195 5244; x_wconf 43' lang='lat' dir='ltr'><strong>convertere.</strong></span> <span class='ocrx_word' id='word_1_793' title='bbox 3214 5143 3291 5207; x_wconf 86' lang='lat' dir='ltr'><strong>ab</strong></span> <span class='ocrx_word' id='word_1_794' title='bbox 3310 5146 3442 5244; x_wconf 32' lang='lat' dir='ltr'><strong>‘ira</strong></span> <span class='ocrx_word' id='word_1_795' title='bbox 3482 5143 3728 5224; x_wconf 74' lang='lat' dir='ltr'><strong>furoris</strong></span> <span class='ocrx_word' id='word_1_796' title='bbox 3770 5145 3885 5220; x_wconf 87' lang='lat' dir='ltr'><strong>tui,</strong></span> <span class='ocrx_word' id='word_1_797' title='bbox 3930 5148 3984 5207; x_wconf 84' lang='lat' dir='ltr'><strong>et</strong></span> <span class='ocrx_word' id='word_1_798' title='bbox 4006 5146 4319 5226; x_wconf 77' lang='lat' dir='ltr'><strong>poeniteat</strong></span> <span class='ocrx_word' id='word_1_799' title='bbox 4360 5149 4418 5209; x_wconf 88' lang='lat' dir='ltr'><strong>te</strong></span> <span class='ocrx_word' id='word_1_800' title='bbox 4459 5163 4565 5210; x_wconf 83' lang='lat' dir='ltr'><strong>su·</strong></span> 
     </span>
     <span class='ocr_line' id='line_1_110' title="bbox 2622 5227 4570 5398; baseline 0 -18"><span class='ocrx_word' id='word_1_801' title='bbox 2622 5229 2956 5381; x_wconf 40' lang='lat' dir='ltr'><strong>{tm-Izala</strong></span> <span class='ocrx_word' id='word_1_802' title='bbox 2998 5227 4324 5398; x_wconf 41' lang='lat' dir='ltr'><strong>Smgxaega.tussm1:teqczffleisszffffl</strong></span> <span class='ocrx_word' id='word_1_803' title='bbox 4366 5230 4570 5396; x_wconf 50' lang='lat' dir='ltr'><strong>{sege</strong></span> 
     </span>
    </p>
   </div>
   <div class='ocr_carea' id='block_1_9' title="bbox 4999 626 5006 2121">
    <p class='ocr_par' dir='ltr' id='par_1_10' title="bbox 4999 626 5006 2121">
     <span class='ocr_line' id='line_1_111' title="bbox 4999 626 5006 2121; baseline 0 0"><span class='ocrx_word' id='word_1_804' title='bbox 4999 626 5006 2121; x_wconf 95' lang='lat' dir='ltr'><strong> </strong></span> 
     </span>
    </p>
   </div>
   <div class='ocr_carea' id='block_1_10' title="bbox 4999 626 5010 3517">
    <p class='ocr_par' dir='ltr' id='par_1_11' title="bbox 4999 626 5010 3517">
     <span class='ocr_line' id='line_1_112' title="bbox 4999 626 5010 3517; baseline 0 0"><span class='ocrx_word' id='word_1_805' title='bbox 4999 626 5010 3517; x_wconf 95' lang='lat' dir='ltr'><strong> </strong></span> 
     </span>
    </p>
   </div>
  </div>
 </body>
</html>
