5017 6142
554 436 678 503 131

556 625 705 691 lum
759 622 1117 689 sanctuarii
1173 643 1333 707 prae
1390 622 1649 705 vulgari
1708 623 1907 687 fuisse
1964 620 2320 705 duplicem:
2356 621 2511 703 quia

565 710 910 777 constabat
965 719 1243 792 quatuor
1303 707 1659 785 drachmis,
1713 728 1915 789 quum
1972 707 2170 774 siclus
2214 706 2507 791 vulgaris

566 804 828 861 tantum
875 794 1256 860 didrachma
1300 802 1625 877 aequaret,
1670 794 1778 860 vel
1824 801 2152 859 staterem.
2220 792 2418 858 Nunc
2452 793 2510 858 si

566 882 836 946 ineatur
891 881 1307 963 supputatio,
1366 881 1650 963 pretium
1710 880 2022 961 cuiusque
2064 879 2329 961 patinae
2373 879 2509 943 fere

568 967 653 1033 ad
702 974 969 1033 centum
1024 966 1224 1031 libras
1282 965 1551 1050 gallicas
1597 965 1921 1030 ascendit:
1989 966 2303 1047 cuiusque
2349 984 2509 1029 vero

568 1052 830 1137 phialae
876 1052 958 1116 ad
995 1052 1431 1135 quadraginta
1477 1060 1773 1133 quatuor.
1867 1049 1941 1116 Si
1998 1052 2070 1115 in
2118 1049 2359 1116 acerris
2403 1050 2510 1115 vel

571 1137 1023 1204 cochlearibus
1082 1137 1312 1202 siclum
1374 1138 1730 1220 accipimus
1787 1135 2017 1202 eodem
2075 1156 2306 1213 sensu,
2362 1156 2509 1218 per-

569 1245 771 1308 quam
813 1223 1087 1306 exiguas
1129 1222 1331 1289 fuisse
1375 1230 1659 1307 oportet:
1706 1230 1779 1286 ut
1822 1243 1989 1304 quae
2025 1232 2329 1304 septenas
2365 1231 2509 1286 tan-

568 1319 714 1376 tum
766 1308 968 1374 libras
1030 1309 1344 1375 valerent.
1434 1309 1642 1373 Porro
1708 1307 1906 1372 huius
1964 1308 2159 1389 pretii
2225 1326 2339 1371 vas
2393 1328 2511 1372 au-

569 1416 758 1460 reum
802 1394 919 1460 vix
961 1394 1091 1460 tria
1132 1415 1341 1479 grana
1382 1393 1599 1460 thuris
1641 1401 1918 1476 caperet.
2006 1392 2240 1476 Itaque
2283 1391 2511 1458 dubito

569 1500 656 1544 an
692 1479 882 1545 siclos
917 1481 1116 1545 etiam
1151 1501 1384 1545 aureos
1432 1480 1809 1544 habuerint:
1856 1476 1970 1544 sed
2013 1487 2327 1561 tanquam
2369 1499 2509 1542 rem

565 1566 862 1650 ignotam
927 1567 999 1630 in
1049 1565 1264 1632 medio
1319 1566 1639 1649 relinquo.
1741 1564 2126 1647 Sequuntur
2183 1574 2510 1647 postremo

569 1651 880 1717 animalia
922 1651 1142 1717 oblata
1184 1654 1252 1717 in
1299 1652 1616 1730 victimas,
1664 1651 2014 1727 iuvencus,
2061 1649 2233 1715 aries
2277 1660 2344 1714 et
2393 1670 2507 1734 ag-

572 1758 701 1802 nus
753 1739 819 1801 in
878 1736 1364 1817 holocaustum,
1423 1737 1644 1802 hircus
1687 1738 1758 1800 in
1803 1736 2261 1818 expiationem,
2310 1736 2507 1801 boves

572 1821 722 1902 du0,
769 1822 1006 1887 arietes
1050 1824 1370 1906 quinque,
1433 1822 1600 1887 hirci
1644 1822 1966 1904 quinque,
2012 1833 2079 1886 et
2121 1822 2274 1905 agni
2318 1824 2506 1904 quin·

570 1929 695 1992 que
739 1908 808 1972 in
853 1910 1241 1975 sacrificium
1289 1909 1648 1993 gratiarum
1696 1908 1987 1973 actionis.
2080 1907 2347 1971 Fuisset
2390 1929 2506 1971 au-

571 2003 708 2060 tem
774 1993 1039 2059 difficile
1113 2008 1365 2059 tantam
1434 1995 1687 2076 copiam
1756 1993 2035 2077 singulis
2103 1993 2506 2076 principibus

570 2101 655 2145 ex
705 2079 911 2146 caulis
969 2080 1073 2144 vel
1120 2079 1395 2146 stabulis
1454 2081 1588 2145 suis
1635 2080 1946 2161 proferre.
2035 2077 2226 2144 Unde
2273 2078 2505 2160 proba-

571 2165 723 2231 bilis
766 2167 1142 2232 coniectura
1185 2178 1284 2231 est
1326 2165 1659 2231 communi
1703 2164 1947 2230 tributo
1991 2164 2190 2228 fuisse
2224 2164 2501 2229 adiutos.

573 2250 825 2317 Ordine
882 2263 1101 2316 autom
1163 2250 1377 2315 voluit
1434 2246 1619 2316 Deus
1667 2249 1962 2334 singulas
2005 2250 2218 2315 tribus
2264 2249 2503 2315 habere

570 2336 870 2420 proprios
928 2335 1097 2401 dies:
1161 2358 1288 2401 non
1356 2338 1548 2401 modo
1600 2359 1682 2400 ne
1740 2337 1894 2419 quid
1961 2333 2231 2400 confuse
2288 2344 2356 2398 et
2398 2343 2501 2398 tu-

568 2423 921 2487 multuarie
941 2424 1144 2498 fieret,
1174 2423 1287 2487 scd
1313 2431 1390 2487 ut
1417 2423 1725 2487 diuturno
1746 2420 2059 2486 exercitio
2075 2420 2283 2503 magis
2312 2438 2501 2485 acue-

570 2516 802 2573 rentur
856 2509 1051 2573 etiam
1102 2509 1472 2592 prigrorum
1519 2509 1720 2573 animi
1762 2506 1845 2572 ad
1889 2506 2178 2570 studium
2223 2505 2501 2586 pietatis.

744 2593 845 2658 12.
892 2592 1126 2659 Obtulit
1157 2595 1367 2677 itaque
1388 2595 1605 2677 primo
1638 2594 1757 2659 die.
1831 2591 2104 2659 Celebre
2144 2598 2244 2654 est
2276 2611 2503 2657 oracu-

568 2680 709 2744 lum
768 2679 941 2762 quod
1000 2680 1181 2745 Deus
1224 2701 1343 2762 per
1379 2702 1451 2744 os
1496 2679 1694 2745 Iacob
1739 2677 2129 2760 protulerat:
2194 2675 2342 2740 Non
2388 2697 2502 2741 au-

569 2765 822 2831 feretur
856 2774 1194 2848 sceptrum
1229 2787 1268 2830 a
1312 2764 1500 2843 Iuda,
1539 2784 1663 2828 nec
1699 2762 1854 2840 dux,
1901 2771 2019 2827 etc.
2110 2759 2502 2842 Quanquam

570 2866 793 2917 autem
871 2851 1164 2916 nondum
1244 2850 1602 2916 advenerat
1679 2857 1935 2931 tempus
2006 2867 2131 2928 quo
2208 2847 2504 2911 vaticinii

570 2936 767 3003 huius
824 2940 1176 3021 conspicua
1233 2946 1409 3002 esset
1465 2936 1711 3000 veritas
1758 2934 1898 3015 ipso
1941 2932 2213 2997 effectu:
2261 2932 2501 2997 factum

568 3031 789 3088 tamen
841 3023 963 3087 fuit
1010 3022 1380 3089 admirabili
1439 3021 1568 3086 Dei
1610 3019 1896 3095 consilio,
1942 3025 2021 3081 ut
2061 3017 2131 3081 in
2176 3017 2354 3083 tribu
2398 3018 2503 3083 Ie-

567 3109 797 3175 hudah
827 3116 1170 3174 exstarent
1199 3107 1521 3191 quaedam
1549 3105 1952 3189 principatus
1974 3111 2183 3168 notae.
2230 3103 2315 3166 Et
2335 3124 2506 3170 sem-

566 3217 686 3279 per
741 3195 1034 3260 omnium
1094 3215 1417 3260 consensu
1477 3212 1675 3273 penes
1732 3189 1944 3267 illam,
2007 3189 2064 3254 si
2124 3210 2255 3254 non
2299 3189 2506 3274 impe-

569 3282 779 3359 rium,
840 3281 1194 3365 praecipua
1242 3287 1465 3343 tamen
1522 3278 1647 3341 fuit
1701 3273 2004 3359 dignitas.
2093 3275 2274 3360 Ergo
2336 3276 2507 3359 quod

570 3367 842 3434 Naason
899 3368 1186 3450 primum
1244 3363 1413 3429 diem
1457 3370 1756 3443 occupat,
1801 3358 2212 3442 praeludium
2257 3371 2357 3428 est
2401 3362 2504 3428 fu-

568 3455 705 3518 turi
760 3454 983 3538 regni,
1045 3451 1217 3534 quod
1261 3446 1525 3513 tandem
1580 3454 1873 3511 erectum
1917 3444 2044 3510 fuit
2097 3446 2167 3509 in
2225 3468 2507 3530 persona

569 3539 867 3605 Davidis.
960 3537 1035 3604 Si
1073 3536 1217 3619 quis
1254 3534 1551 3615 excipiat,
1600 3529 1953 3595 absurdum
1997 3531 2215 3609 fuisse,
2260 3534 2508 3599 tribum

567 3626 808 3692 Ruben
854 3625 966 3707 qui
1011 3618 1484 3705 primogenitus
1527 3624 1684 3694 erat,
1731 3617 1799 3679 in
1840 3626 2141 3698 quartum
2187 3618 2358 3685 diem
2402 3641 2507 3685 re·

569 3712 711 3778 iioi:
782 3708 1175 3791 respondeo,
1240 3703 1394 3785 quia
1460 3701 1669 3766 tribus
1727 3701 2019 3767 Zebulon
2078 3714 2144 3770 et
2199 3706 2508 3771 Issachar

568 3799 692 3864 sub
753 3794 993 3863 vexillo
1051 3791 1256 3856 Iudae
1315 3795 1504 3852 erant
1571 3787 1951 3871 dispositae,
2010 3789 2204 3855 sicuti
2261 3791 2508 3876 patebit

568 3882 783 3967 capite
819 3882 1085 3952 decimo,
1125 3873 1459 3939 duodecim
1498 3872 1707 3938 tribus
1752 3874 1818 3938 in
1855 3884 2134 3956 quatuor
2178 3878 2506 3944 terniones

569 3969 798 4035 dividi.
888 3966 995 4028 Ita
1066 3960 1275 4041 magis
1337 3957 1769 4025 honorificum
1823 3961 1945 4025 fuit
2009 3961 2209 4026 tribui
2266 3963 2504 4029 Ruben

566 4063 877 4140 quartum
923 4049 1093 4111 diem
1140 4053 1381 4120 tenere,
1417 4054 1491 4108 ut
1536 4042 1699 4111 duas
1735 4046 1895 4112 alias
1939 4046 2173 4130 quibus
2207 4058 2507 4131 praeerat

564 4141 694 4207 sibi
752 4136 1094 4202 adiunctas
1139 4128 1425 4195 haberet.
1514 4131 1747 4197 Patres
1790 4141 2010 4198 autem
2055 4132 2334 4200 duarum
2385 4137 2504 4201 tri—

566 4225 770 4290 buum
827 4236 990 4302 quas
1029 4215 1305 4281 subiecit
1340 4213 1524 4281 Deus
1587 4217 1826 4283 vexillo
1871 4218 2071 4298 Iuda,
2133 4230 2320 4286 erant
2380 4220 2509 4286 duo

569 4304 879 4394 postremi
937 4302 1117 4366 Leae
1162 4300 1309 4378 filii,
1355 4301 1466 4384 qui
1511 4301 1680 4368 Iuda
1723 4306 2019 4387 proxime
2063 4307 2507 4390 sequebantur

571 4412 770 4478 quem
812 4388 956 4452 Lea
998 4392 1303 4466 quartum
1350 4399 1711 4470 pepererat.
1801 4392 2122 4458 Videmus
2180 4413 2336 4475 ergo
2394 4392 2501 4459 ob·

572 4495 761 4545 saure
796 4470 1255 4568 adumbratum
1280 4472 1480 4539 fuisse
1510 4496 1803 4558 regnum,
1827 4477 2000 4542 unde
2022 4479 2346 4562 speranda
2367 4489 2509 4544 erat

574 4562 754 4628 salus
800 4564 917 4620 toti
966 4557 1232 4640 populo:
1277 4580 1404 4643 quo
1448 4562 1659 4646 magis
1693 4564 1927 4629 attenti
1970 4574 2189 4630 essent
2231 4563 2312 4628 ad
2356 4585 2507 4648 pro-

573 4643 951 4711 missionem
1022 4643 1144 4709 sibi
1210 4644 1464 4726 datam,
1533 4668 1908 4732 quanquam
1978 4649 2149 4733 apud
2207 4649 2507 4715 socordes

574 4733 737 4797 haec
784 4747 1013 4810 parum
1059 4731 1291 4797 efficax
1334 4732 1457 4798 fuit
1501 4734 1986 4802 demonstratiO.

746 4815 848 4880 89.
901 4816 1108 4898 Quum
1151 4820 1613 4902 inyrediebatur
1659 4821 1888 4888 Moses.
1977 4821 2204 4887 Primo
2263 4821 2508 4887 intuitu

574 4915 847 4983 apparet
902 4905 1149 4985 species
1203 4908 1678 4989 repugnantiae
1722 4908 1894 4972 inter
1951 4907 2125 4972 hunc
2175 4906 2390 4972 locum
2442 4916 2510 4972 et

575 4985 874 5085 alterum,
920 4990 1032 5055 ubi
1078 4989 1364 5057 vidimus
1409 4992 1676 5058 densam
1714 4994 1957 5059 nubem
2002 4995 2365 5076 oppositam
2409 4994 2508 5059 fu-

572 5092 706 5138 isse
755 5076 919 5141 ostio
986 5077 1422 5156 tabernaculi,
1492 5089 1566 5143 ut
1613 5077 1869 5160 ingredi
1927 5099 2060 5143 non
2104 5088 2324 5161 possct
2366 5080 2505 5145 Mo·

575 5179 700 5224 ses.
785 5161 1199 5246 Responderi
1256 5162 1516 5247 quidem
1571 5174 1792 5247 posset
1833 5163 2035 5229 semel
2078 5164 2201 5230 hoc
2251 5173 2505 5232 tantum

575 5244 902 5315 accidisse.
994 5250 1165 5316 Mihi
1226 5259 1446 5316 tamen
1491 5251 1700 5334 magis
1746 5249 2076 5332 probabile
2113 5259 2229 5328 est,
2274 5250 2506 5317 Mosen

575 5333 837 5399 oracula
891 5337 1154 5421 petiisse
1212 5359 1299 5403 ex
1356 5335 1840 5419 propitiatorio,
1900 5336 2105 5403 donec
2148 5337 2508 5404 sacerdotio

1964 431 2372 502 REDITUS
2418 434 2547 500 AD
2593 432 3144 500 HISTORIAM.

4433 435 4560 501 132

2614 622 2879 687 functus
2922 630 3021 687 est
3064 621 3373 687 Aharon:
3434 632 3590 688 tunc
3635 642 3821 701 vero,
3876 630 4197 704 quantum
4242 621 4325 688 ad
4369 643 4557 691 sanc-

2615 707 2814 772 tuarii
2847 709 3222 791 ingressum
3259 716 3530 790 spectat,
3566 707 3839 773 cessisse
3881 727 3999 772 sua
4034 706 4354 792 dignitate
4389 729 4558 791 quae

2614 793 2990 875 temporalis
3034 794 3267 859 fuerat.
3357 792 3620 859 Scimus
3665 795 3841 858 enim
3884 794 4031 877 lege
4072 794 4201 858 Dei
4242 807 4557 878 perpetua

2615 878 2934 964 distingui
2994 877 3432 946 sacerdotium
3477 879 3558 944 ab
3602 879 3893 961 imperio,
3983 879 4217 962 Itaque
4262 902 4392 946 non
4439 901 4554 964 po-

2614 966 2741 1029 tuit
2785 966 2909 1030 nisi
2955 966 3298 1050 privilegio
3352 965 3548 1031 simul
3604 964 3739 1030 dux
3780 985 3921 1031 esse
3966 965 4185 1049 populi
4230 978 4297 1030 et
4338 988 4555 1033 sacer-

2617 1049 2750 1116 dos.
2860 1050 3045 1132 Quae
3111 1052 3428 1134 expositio
3493 1052 3550 1116 si
3616 1051 3963 1133 recipitur,
4029 1072 4160 1116 non
4228 1073 4346 1118 suo
4410 1053 4555 1120 loco

2616 1146 2843 1201 narrat
2903 1157 3216 1219 responsa
3273 1137 3588 1202 divinitus
3644 1137 3766 1202 sibi
3823 1136 4026 1202 fuisse
4080 1136 4234 1202 data
4276 1160 4359 1203 ex
4403 1160 4555 1222 pro-

2614 1223 2964 1305 pitiatorio.
3056 1221 3259 1304 Atqui
3310 1222 3584 1288 minime
3639 1243 3886 1288 novum
3946 1232 4045 1288 est
4098 1223 4268 1306 quod
4325 1224 4556 1291 ordine

2616 1310 2924 1390 temporis
2968 1308 3355 1392 praecessit,
3398 1310 3467 1372 in
3511 1310 3643 1373 fine
3688 1309 3911 1373 attexi.
4001 1308 4368 1374 Consilium
4411 1312 4556 1393 qui-

2616 1392 2766 1458 dem
2802 1395 2940 1460 eius
2985 1395 3129 1472 fuit,
3175 1402 3492 1459 testatum
3538 1395 3811 1476 posteris
3857 1393 4088 1474 facere,
4128 1416 4260 1459 non
4305 1396 4556 1463 frustra

2618 1478 2832 1543 Deum
2890 1480 3088 1545 fuisse
3152 1478 3541 1562 pollicitum:
3608 1479 3943 1546 Israelitas
3998 1500 4307 1547 sensuros
4364 1504 4554 1565 prae-

2617 1572 2871 1630 sentem
2919 1566 3055 1629 fore
3099 1566 3240 1631 eius
3283 1568 3566 1649 gratiam
3604 1566 3756 1648 quia
3801 1566 4204 1632 domicilium
4263 1567 4555 1653 elegerat

2615 1651 2684 1713 in
2748 1651 3153 1728 sanctuario,
3222 1665 3298 1715 ut
3362 1651 3619 1716 sederet
3681 1651 3856 1716 inter
3921 1651 4301 1719 Cherubim.
4411 1656 4558 1722 Hoc

2613 1736 2815 1818 igitur
2860 1737 3112 1819 gratiae
3157 1736 3282 1802 Dei
3327 1738 3701 1803 testimonio
3745 1738 3998 1803 sancita
4041 1747 4109 1802 ct
4168 1750 4311 1805 rata
4376 1751 4560 1808 exte·

2612 1821 2746 1885 rior
2805 1823 3028 1887 unctio
3087 1823 3247 1901 fuit,
3310 1823 3483 1905 quod
3541 1823 3724 1888 Deus
3768 1823 3943 1889 Mosi
4001 1827 4308 1907 apparuit
4362 1848 4562 1911 super

2611 1927 2830 1973 arcam
2876 1908 3170 1973 foederis.

2752 2298 3098 2365 FUSIOR
3141 2298 3566 2367 EIUSDEM
3612 2300 3776 2366 REI
3819 2301 4413 2371 EXPLIOATIO.

3214 2420 3346 2485 EX
3392 2421 3694 2486 LEVIT.
3741 2421 3937 2488 VIII.

2780 2590 2841 2656 4.
2888 2589 2977 2655 Et
3016 2591 3163 2674 fecit
3207 2591 3423 2658 Moses
3478 2593 4001 2675 quemadmodum
4043 2602 4450 2675 praeceperat
4493 2599 4555 2663 ei

2612 2675 2861 2743 Iehova.
2951 2675 3039 2742 Et
3087 2683 3489 2762 conqreyatus
3542 2685 3632 2745 est
3684 2684 3888 2745 coetus
3940 2679 4026 2744 ad
4076 2681 4301 2745 ostium
4353 2683 4553 2749 taber-

2609 2762 2823 2828 naculi
2864 2765 3294 2830 conventionis.
3384 2765 3444 2830 5.
3497 2765 3672 2831 Tunc
3727 2765 3895 2829 dixit
3933 2764 4147 2830 Moses
4188 2767 4275 2832 ad
4316 2787 4555 2852 conqre-

2606 2849 2945 2932 9ationem:
2989 2849 3123 2915 Hoc
3166 2855 3257 2915 est
3297 2851 3547 2915 verbum
3605 2851 3773 2933 quod
3815 2851 4137 2931 praecepit
4179 2851 4408 2919 Iehova
4445 2855 4552 2935 fa-

2610 2954 2759 3000 cere.
2865 2935 2925 3000 6.
2993 2935 3082 3000 Et
3140 2935 3421 3001 accedere
3474 2936 3624 3019 fecit
3678 2934 3885 3001 Moses
3941 2937 4209 3003 Aharon
4272 2943 4329 3003 et
4384 2941 4554 3021 filios

2611 3022 2766 3100 eiu-9,
2809 3041 2962 3102 quos
3002 3021 3157 3086 lavit
3198 3041 3389 3103 aqua.
3482 3021 3537 3087 7.
3599 3022 3829 3086 Postea
3885 3023 4095 3088 induit
4136 3043 4276 3088 eum
4316 3028 4548 3106 tunica,

2611 3110 2666 3170 et
2700 3107 2898 3171 cinxit
2939 3106 3147 3186 balteo,
3183 3112 3242 3171 et
3268 3108 3473 3187 pallio
3516 3108 3726 3172 induit
3768 3127 3926 3187 cum,
3970 3113 4026 3172 et
4064 3111 4555 3193 superimposuit

2610 3191 2824 3272 ephod,
2859 3198 2913 3257 et
2946 3193 3141 3258 cinxit
3172 3212 3315 3257 eum
3347 3194 3595 3277 cinqulo
3627 3192 3854 3274 ephod.-
3894 3194 4093 3259 cinxit
4124 3196 4386 3276 inquam
4420 3199 4548 3263 illo.

2611 3278 2670 3343 8.
2730 3277 2821 3344 Et
2876 3279 3362 3361 superimposuit
3402 3280 3462 3344 ei
3488 3279 3809 3362 pectorate
3824 3329 3838 3357 ‚
3894 3284 3950 3343 et
3990 3282 4266 3361 reposuit
4307 3284 4380 3346 in
4410 3303 4553 3366 peo-

2609 3365 2801 3430 torali
2858 3365 3037 3430 Urim
3078 3370 3135 3430 et
3183 3365 3557 3430 Thummim.
3647 3365 3706 3430 9.
3754 3364 3999 3430 Deinde
4037 3366 4309 3432 cidarim
4351 3369 4549 3452 impo-

2609 3452 2738 3515 suit
2770 3452 2962 3533 capiti
2995 3452 3147 3525 eius,
3182 3471 3424 3532 ponens
3461 3471 3651 3531 super
3685 3450 3954 3516 cidarim
3987 3456 4128 3517 ante
4155 3452 4381 3534 faeiem
4414 3456 4552 3520 eius

2609 3535 2914 3601 laminam
2956 3555 3238 3614 auream,
3283 3556 3565 3601 coronam
3610 3541 3907 3612 sanctam,
3951 3538 4116 3602 sicut
4142 3546 4552 3620 praeceperat

2611 3620 2839 3686 Iehova
2861 3621 3054 3687 Mosi.
3125 3623 3224 3687 10.
3270 3622 3527 3703 Accepit
3557 3642 3791 3704 quoque
3828 3621 4039 3688 Moses
4079 3623 4279 3688 oleum
4319 3628 4551 3692 unctio-

2608 3708 2733 3784 nis,
2778 3712 2833 3772 et
2875 3709 3061 3772 unxit
3090 3708 3577 3787 tabernaculum,
3621 3713 3677 3772 et
3708 3728 4106 3789 quaeeunque
4137 3715 4314 3775 erant
4344 3712 4416 3776 in
4448 3733 4551 3777 eo.-

2607 3797 2664 3857 et
2703 3795 3071 3858 consecravit
3101 3793 3233 3858 illa.
3305 3794 3403 3857 11.
3449 3793 3537 3857 Et
3579 3793 3850 3875 aspersi-t
3889 3814 3966 3858 ex
4008 3814 4076 3859 eo
4117 3814 4305 3876 super
4345 3797 4550 3863 altare

2607 3883 2838 3960 septem
2869 3879 3124 3955 vicibus,
3172 3880 3472 3960 unoeitque
3507 3880 3706 3944 altare
3741 3883 3924 3959 atque
3957 3881 4168 3945 omnia
4200 3901 4358 3947 vasa
4391 3884 4549 3964 eius,

2609 3970 2667 4030 et
2699 3963 2988 4029 concham
3022 3969 3079 4030 et
3111 3963 3313 4029 basim
3346 3966 3499 4043 eius,
3543 3970 3612 4029 ut
3644 3971 4023 4030 consecraret
4053 3986 4148 4032 ea.
4213 3967 4309 4032 12.
4351 3967 4552 4034 Fudit

2609 4052 2796 4115 etiam
2838 4071 2913 4113 esc
2955 4048 3080 4114 oleo
3120 4051 3432 4116 unctionis
3472 4070 3663 4133 super
3703 4055 3889 4131 caput
3921 4051 4204 4130 Aharon,
4249 4054 4552 4136 unxitque

2609 4155 2748 4202 eum
2789 4141 2861 4201 ut
2901 4141 3286 4201 consecraret
3338 4156 3495 4201 eum.
3587 4136 3685 4201 13.
3750 4135 3924 4201 Fecit
3965 4142 4294 4217 praeterea
4335 4139 4552 4206 Moses

2609 4221 2888 4287 accedere
2915 4220 3085 4302 filios
3105 4221 3385 4296 Aharon,
3428 4222 3750 4304 induitque
3783 4223 3932 4288 illos
3971 4224 4220 4303 tunicis,
4265 4230 4321 4289 et
4353 4227 4553 4291 cinxit

2609 4307 2752 4373 illos
2786 4305 3038 4385 baltheo,
3081 4313 3262 4389 atque
3298 4307 3588 4391 alliqavit
3622 4311 3715 4373 eis
3749 4310 3993 4388 mitras,
4036 4311 4552 4390 quemadmodum

2599 4398 3006 4475 praeceperat
3061 4393 3293 4459 Iehova
3345 4394 3477 4474 ipsi
3520 4393 3711 4460 Mosi.
3805 4394 3906 4458 14.
3963 4393 4259 4461 Adduxit
4314 4417 4553 4479 quoque

2609 4479 2934 4545 iuvencum
2976 4479 3045 4542 in
3086 4479 3353 4545 hostiam
3384 4500 3509 4561 pro
3539 4484 3805 4560 peccato,
3848 4480 4264 4563 imposuitque
4283 4481 4553 4548 Aharon

2610 4570 2668 4629 et
2747 4563 2875 4645 filii
2973 4565 3110 4629 eius
3200 4585 3427 4630 manus
3514 4586 3670 4632 suas
3756 4586 3947 4647 super
4035 4572 4223 4647 caput
4307 4568 4553 4636 iuvenci

2611 4649 2847 4715 hostiae
2922 4670 3046 4731 pro
3120 4656 3385 4731 peccato,
3513 4651 3610 4718 15.
3701 4651 3789 4715 Et
3869 4654 4161 4717 mactavit
4182 4703 4198 4730 ,
4297 4654 4557 4736 tulitque

2612 4734 2825 4799 Moses
2899 4738 3268 4819 sanquinem
3283 4788 3298 4817 ,
3365 4739 3699 4820 posuitque
3775 4757 3969 4818 super
4033 4757 4266 4804 cornua
4329 4740 4557 4806 altaris

2602 4841 2721 4904 per
2787 4822 3118 4888 &reustum
3179 4823 3374 4906 diqito
3437 4844 3584 4903 suo,
3651 4829 3707 4889 et
3768 4824 4049 4905 expiavit
4110 4824 4340 4889 altae-e:
4412 4827 4556 4892 reli-

2611 4926 2802 4988 quum
2880 4928 3020 4973 vero
3082 4910 3452 4991 sanquinem
3513 4910 3683 4990 fudit
3761 4910 3846 4976 ad
3910 4909 4109 4976 basim
4172 4910 4426 4991 altaris,
4503 4917 4558 4978 et

2610 4994 3026 5075 sanctificavit
3084 4994 3248 5059 illud
3317 4995 3402 5059 ad
3465 4994 3853 5077 expiandum
3916 4996 4096 5063 illud.
4211 4996 4310 5061 16.
4384 4997 4561 5063 Tulit

2598 5084 2932 5159 praeterea
2973 5085 3163 5144 totum
3206 5080 3457 5161 adipem
3513 5082 3624 5162 qui
3682 5086 3817 5145 erat
3871 5100 4061 5164 super
4115 5081 4411 5148 intestina
4424 5133 4443 5162 ,
4503 5089 4560 5149 et

2607 5163 2834 5245 fibram
2876 5166 3127 5244 iecoris,
3173 5171 3231 5231 et
3269 5167 3426 5232 duos
3466 5186 3674 5243 renes,
3719 5167 4087 5249 adipemque
4127 5188 4370 5249 eorum,
4411 5170 4560 5236 ado-

2612 5249 2872 5333 levitque
2914 5268 3010 5319 ea·
3032 5252 3245 5318 Moses
3300 5272 3491 5333 super
3548 5252 3765 5317 altare.
3859 5254 3959 5318 17.
4024 5252 4363 5319 Iuvencum
4417 5276 4560 5322 vero

2614 5341 2670 5401 et
2701 5336 2925 5418 pellem
2956 5339 3111 5417 eius,
3155 5344 3213 5404 et
3244 5358 3489 5405 carnem
3524 5339 3678 5418 eius,
3715 5342 3772 5402 et
3807 5337 4028 5419 fimum
4062 5340 4200 5405 eius
4229 5339 4561 5408 combussit
