5017 6142
495 429 623 506 22⁷

502 618 738 697 fuerit,
781 624 860 683 ut
912 623 1090 684 corto
1153 618 1447 701 persuasi
1488 624 1710 686 essent
1744 619 1965 685 Deum
1998 626 2259 702 praesto
2301 634 2447 682 esse

512 703 595 771 ad
631 723 827 786 opem
858 701 1225 771 ferendam:
1269 702 1383 771 sed
1421 703 1577 788 quia
1610 703 1950 770 indefinita
1990 711 2093 769 est
2133 700 2446 786 loquutie,

511 786 848 874 probabile
906 789 1100 857 etiam
1153 795 1255 853 est
1300 789 1520 855 Deum
1577 790 1931 857 insanienti
1972 789 2205 856 turbae
2247 787 2449 855 fuisse

514 875 1011 943 interminatum
1030 925 1047 953 ,
1130 893 1216 940 ne
1300 873 1457 958 quid
1541 874 1713 941 ultra
1788 875 2055 958 gravius
2132 880 2446 940 tentaret:

514 979 885 1045 quanquam
944 961 1187 1027 frustra
1242 979 1581 1026 caecorum
1639 961 1843 1026 oculis
1886 958 2002 1025 lux
2044 957 2262 1025 oblata
2302 958 2448 1024 fuit.

683 1045 788 1112 45.
828 1043 1108 1112 Recedite
1126 1065 1159 1109 e
1188 1044 1408 1111 medio.
1475 1042 1653 1127 Quid
1689 1046 1903 1112 valeat
1933 1045 2096 1111 hwc
2135 1044 2448 1127 loquutio,

510 1129 713 1216 paulo
751 1136 904 1196 ante
946 1129 1249 1212 exposui:
1293 1151 1527 1214 nempe
1560 1138 1635 1196 ut
1671 1130 1991 1214 singulari
2032 1150 2255 1195 amore
2297 1149 2450 1196 suos

518 1217 702 1284 Deus
755 1215 1194 1298 prosequitur,
1254 1213 1350 1280 ita
1405 1236 1590 1282 suam
1648 1226 1877 1282 contra
1924 1215 2159 1298 impios
2201 1213 2450 1280 vindic-

508 1310 652 1371 tam
696 1300 987 1376 differre,
1048 1298 1248 1369 donec
1305 1298 1404 1366 illi
1446 1321 1735 1366 seorsum
1793 1299 2045 1367 collecti
2087 1308 2152 1366 et
2194 1300 2265 1366 in
2308 1307 2450 1367 tuto

521 1387 713 1453 locati
755 1385 1018 1451 fuerint.
1106 1384 1443 1453 Memento
1486 1387 1657 1452 enim
1705 1387 2027 1469 perituros
2070 1406 2294 1455 omnes
2334 1382 2449 1450 ds-

513 1471 814 1548 nunciat,
859 1468 966 1536 ubi
1010 1469 1175 1537 salvi
1218 1472 1548 1537 evaserint
1591 1472 1809 1539 Moses
1851 1480 1917 1537 et
1958 1470 2248 1537 Aharcn.
2334 1469 2449 1535 In-

513 1555 841 1624 credibilis
878 1562 1094 1623 autem
1131 1557 1464 1638 utriusque
1497 1556 1627 1622 fuit
1660 1557 2055 1637 humanitas,
2089 1554 2261 1639 quod
2295 1575 2448 1639 snp-

514 1643 772 1727 pliciter
829 1641 1155 1724 deprecati
1211 1649 1368 1707 sunt
1419 1651 1538 1725 pro
1595 1651 1726 1707 tam
1770 1644 2029 1725 ingrato
2074 1641 2310 1725 populo
2327 1690 2342 1720 ,
2385 1647 2451 1705 et

517 1735 787 1795 centum
832 1726 1067 1793 ,exitiis
1123 1725 1338 1809 digno.
1438 1727 1607 1793 Nam
1658 1728 1959 1810 propriae
2018 1729 2192 1793 vitae
2246 1725 2451 1806 obliti,

514 1833 711 1897 quam
749 1810 1104 1896 periclitari
1141 1809 1461 1892 videbant,
1499 1813 1752 1895 culpam
1788 1812 1972 1878 luere
2017 1812 2226 1895 parati
2268 1819 2448 1889 sunt,

514 1906 590 1965 ut
630 1919 675 1965 a
714 1903 922 1963 morte
959 1896 1539 1983 eripiant-miseros
1582 1909 1648 1963 et
1680 1897 1987 1981 perditos,
2022 1898 2132 1982 qui
2175 1906 2450 1963 mortem

514 1983 650 2051 illis
704 1982 1266 2049 machinabantur.
1353 1981 1560 2048 Porro
1612 2003 1939 2050 recessum
1990 2003 2125 2048 non
2192 1989 2452 2047 tantum

519 2068 600 2135 de
660 2068 800 2134 loco
850 2066 1183 2151 intelligo:
1242 2067 1394 2152 quia
1447 2068 1580 2133 iam
1631 2069 1917 2151 separati
1971 2077 2191 2146 erant,
2252 2088 2323 2134 se
2366 2066 2448 2132 ad

525 2152 1015 2222 tabernaculum
1068 2151 1384 2219 sistendo:
1442 2152 1554 2220 sed
1599 2153 1871 2237 perinde
1915 2163 2018 2225 est
2058 2174 2134 2220 ac
2169 2153 2226 2219 si
2268 2152 2452 2218 iube-

521 2249 624 2307 ret
668 2239 852 2305 Deus
907 2237 1257 2304 divortium
1300 2259 1447 2304 cum
1494 2239 1732 2324 populo
1774 2237 2010 2318 facere,
2055 2246 2121 2304 et
2153 2240 2292 2322 ipso
2339 2258 2450 2304 va·

517 2326 654 2393 lere
694 2323 903 2402 iusso,
961 2322 1333 2406 abiectaque
1375 2322 1671 2407 publicae
1714 2323 1945 2389 salutis
1987 2345 2174 2404 cura,
2232 2324 2451 2408 priva·

518 2412 638 2477 tim
670 2409 801 2475 eibi
843 2408 1196 2476 consulere.

688 2494 792 2561 46.
850 2492 1155 2577 Dic-itque
1209 2492 1423 2560 Mases
1462 2494 1550 2560 ad
1589 2493 1872 2561 Aharou.
1960 2494 2269 2579 Expiet-io
2309 2494 2451 2578 qui-

520 2578 670 2646 dem
704 2580 873 2646 tanti
915 2579 1177 2645 sceleris
1218 2599 1350 2645 non
1395 2579 1719 2662 pendebat
1750 2599 1793 2645 a
1825 2579 2082 2648 suffitu:
2131 2601 2253 2648 nec
2286 2580 2450 2646 ima·

522 2666 744 2751 ginari
768 2665 1069 2730 convenit
1092 2663 1307 2729 Deum
1328 2663 1545 2731 thuris
1575 2664 1769 2732 odore
1790 2666 2117 2750 placatum
2143 2687 2301 2746 esse,
2334 2665 2450 2732 sed

522 2750 928 2837 propositum
1005 2746 1153 2814 rudi
1222 2749 1462 2833 populo
1533 2750 1902 2836 symbolum
1976 2772 2106 2835 quc
2167 2761 2302 2817 tam
2364 2749 2452 2817 ad

521 2835 993 2921 poenitentiam
1057 2855 1251 2918 quam
1304 2833 1391 2900 ad
1433 2832 1628 2901 fidem
1669 2835 2139 2903 stimularetur.
2220 2835 2450 2917 Quan-

523 2921 774 2988 tumvis
816 2919 991 2986 enim
1037 2919 1107 2984 in
1153 2940 1271 2986 sua
1312 2921 1719 2988 contumacia
1762 2929 2116 3005 torperent,
2160 2920 2451 3007 dignitas

525 3015 751 3074 tamen
793 3004 1134 3072 sacerdotii
1176 3005 1249 3071 in
1289 3004 1623 3072 thuribulo
1665 3008 1759 3074 sic
1806 3006 1932 3072 fuit
1970 3008 2337 3092 conspicua,
2373 3016 2452 3074 ut

523 3093 608 3159 ad
660 3093 798 3158 eius
864 3092 1296 3158 reverentiam
1354 3091 1529 3157 flecti
1586 3092 1962 3177 oportuerit.
2050 3091 2219 3176 Quis
2273 3093 2450 3159 enim

518 3178 923 3262 impietatem
994 3197 1124 3241 non
1202 3175 1570 3257 exhorreat,
1632 3178 1748 3244 ubi
1803 3177 1929 3244 sibi
1988 3179 2284 3247 conscius
2350 3186 2453 3245 est

518 3272 783 3347 spretae
826 3272 895 3329 et
937 3262 1209 3329 violatae
1252 3261 1622 3330 sanctitatis
1638 3313 1654 3341 ,
1696 3263 1769 3329 in
1809 3284 1940 3348 qua
1970 3285 2043 3331 se
2088 3265 2187 3332 vis
2230 3261 2453 3331 divina

527 3348 774 3433 profert
806 3349 877 3414 in
911 3356 1186 3418 mortem
1222 3356 1292 3414 et
1330 3347 1403 3412 in
1446 3348 1650 3414 vitam
1666 3348 1699 3412 Ῥ
1757 3349 1940 3434 Ergo
1992 3369 2255 3416 acerrae
2296 3370 2451 3416 con-

519 3432 1460 3586 mfflffssffm'mff
1476 3433 1926 3587 55:353&ss
1955 3434 2285 3587 dffiffi?
2300 3442 2454 3586 ’.εἴ

520 3605 670 3670 dem
733 3604 1114 3689 inciperent.
1209 3602 1515 3671 Secunda
1584 3625 1834 3690 quoque
1900 3603 2252 3672 admonitio
2317 3626 2451 3672 non

513 3691 738 3758 minus
780 3690 960 3756 utilis
998 3689 1157 3769 fuit,
1201 3698 1276 3755 ut
1307 3690 1550 3756 scirent
1588 3711 1723 3756 :non
1756 3691 1949 3757 aliter
1982 3712 2175 3775 quam
2210 3689 2452 3757 media-

517 3778 682 3843 toris
737 3776 952 3860 gratia
1006 3776 1225 3841 Deum
1281 3775 1406 3840 sibi
1466 3795 1607 3841 esse
1651 3777 2035 3861 propitium:
2080 3797 2332 3855 verum,
2376 3784 2454 3842 ut

518 3860 767 3928 ferebat
812 3860 1120 3943 temporis
1176 3860 1492 3941 conditio,
1551 3862 1795 3928 visibili
1849 3863 2065 3946 figura
2119 3864 2296 3945 ipsos
2367 3859 2450 3928 ad

516 3947 858 4014 Christum
929 3947 1259 4012 absentem
1327 3943 1587 4012 direxit.
1685 3947 2039 4013 Caeterum
2102 3948 2253 4031 quia
2311 3948 2451 4013 suis

517 4033 849 4117 figmentis
893 4031 1020 4098 Dei
1073 4031 1418 4099 veritatem
1488 4032 1839 4099 obscurant
1897 4052 1973 4098 ac
2021 4040 2452 4116 corrumpunt

519 4118 820 4185 homines
836 4169 852 4195 ,
906 4117 1052 4183 ideo
1106 4116 1422 4184 sacrificio
1478 4116 1792 4185 divinitus
1848 4118 2151 4184 instituto
2209 4118 2444 4185 asseri·

518 4217 627 4269 tur
669 4224 788 4271 sua
828 4201 1170 4279 maiestas,
1220 4202 1375 4267 dum
1419 4204 1722 4271 sacerdos
1763 4203 2133 4271 umbratilis
2182 4203 2449 4270 Ahanon

514 4289 589 4354 in
633 4287 918 4357 medium
972 4287 1208 4371 prodit,
1266 4286 1469 4355 donec
1512 4288 1845 4355 exhibitus
1889 4290 2085 4356 fuerit
2122 4310 2337 4370 verus,
2384 4298 2451 4355 et

518 4374 762 4474 unicus·
805 4382 875 4473 et
927 4384 1306 4476 perpetuus·
1346 4372 1685 4477 mediator.
1783 4374 2077 4475 Verbum
2125 4388 2255 4477 up:
2296 4395 2447 4476 pro·

515 4481 663 4614 ¹332
708 4460 1180 4613 2¹:535&ssae
1196 4458 1857 4614 &laesura
1882 4469 2279 4630 effla:
2309 4481 2450 4614 ¹²1¹„ss

506 4630 600 4697 ad
656 4631 967 4716 populum
1016 4631 1329 4698 refertur:
1380 4641 1558 4699 recte
1611 4654 1744 4700 unc
1800 4633 2001 4699 verbo
2056 4631 2451 4716 exprimitur

514 4739 750 4786 sensus
792 4718 1027 4785 Mcsis:
1094 4737 1169 4783 ac
1213 4719 1270 4784 si
1327 4719 1474 4802 quis
1529 4717 1773 4785 diceret
1816 4718 2144 4804 Purgare,
2196 4726 2311 4783 aut
2352 4716 2451 4782 lu-

506 4812 727 4871 strare
768 4803 1043 4888 piaculo.

683 4888 788 4955 48.
834 4888 923 4954 Et
962 4907 1154 4971 quum
1193 4892 1388 4954 staret
1424 4889 1587 4955 inter
1625 4892 1915 4955 mortuos.
2004 4886 2078 4955 Si
2121 4886 2452 4973 intelligas

514 4974 804 5058 undique
859 4974 1218 5058 permixtos
1273 4972 1477 5041 fuisse
1532 4973 1724 5041 vivos
1781 4975 2059 5040 mortuis
2074 5022 2091 5053 ‚
2134 4973 2453 5041 coniicere

516 5060 674 5128 licet
703 5060 875 5126 iram
898 5061 1024 5126 Dei
1058 5081 1190 5125 non
1220 5059 1314 5126 sic
1357 5070 1720 5144 grassatam
1756 5058 1957 5125 fuisse
1992 5061 2062 5125 in
2097 5077 2233 5125 una
2264 5066 2451 5144 parte

516 5154 911 5225 castrorum,
966 5155 1044 5211 ut
1101 5144 1245 5211 sine
1300 5146 1677 5229 exceptione
1733 5144 1960 5211 obvios
2003 5165 2294 5230 quosque
2337 5144 2445 5210 de-

517 5233 708 5311 leret,
746 5232 937 5298 sicuti
973 5232 1042 5297 in
1100 5231 1228 5297 alia
1268 5229 1585 5297 seditione
1628 5232 2024 5314 contigerat:
2068 5229 2184 5297 sed
2226 5229 2450 5297 habito

512 5319 769 5385 delectu
841 5316 1414 5401 comprehendisse
1491 5318 1602 5401 qui
1672 5317 1938 5401 gravius
2006 5330 2447 5401 peccaverant.

1941 427 2347 497 REDITUS
2382 427 2511 494 AD
2553 425 3094 495 HISTORIAM.

4354 423 4483 492 228

2550 616 2806 683 Verum
2864 621 3372 681 consentaneum
3428 623 3528 682 est
3579 633 3861 697 eousque
3917 632 4334 700 progressum
4377 614 4482 681 fu·

2549 701 2681 768 isse
2737 701 3036 778 Aharon,
3094 698 3252 766 dum
3310 721 3350 766 a
3401 709 3587 785 tergo
3643 699 4043 785 relinqueret
4098 699 4212 784 qui
4268 698 4483 768 adhuc

2548 785 2900 853 manebant
2954 784 3338 865 incolumes,
3362 817 3369 823 ·
3394 796 3590 870 atque
3640 809 3723 854 ex
3776 786 3918 868 ipso
3967 784 4106 853 loco
4162 783 4275 851 ubi
4313 796 4483 852 stra-

2550 893 2667 958 ges
2698 872 2914 939 fuerat
2945 871 3138 948 edita,
3181 893 3252 938 se
3287 882 3644 956 opponeret
3677 872 3815 937 irae
3850 870 3995 949 Dei,
4040 879 4107 937 et
4140 869 4484 954 abrumpe-

2551 967 2654 1024 ret
2710 958 2852 1023 eius
2893 974 3178 1023 cursum.
3263 955 3446 1022 Hinc
3495 967 3565 1022 et
3604 957 3728 1025 zeli
3771 956 3987 1021 fervor
4027 956 4326 1040 cognosci
4369 976 4484 1039 po·

2551 1044 2709 1124 tuit,
2767 1051 2833 1109 et
2875 1063 3113 1109 munus
3156 1042 3455 1125 placandi
3499 1041 3629 1108 Dei
3674 1063 3744 1109 re
3786 1043 3930 1125 ipsa
3969 1051 4034 1108 et
4077 1041 4312 1108 effectu
4346 1062 4485 1108 me·

2550 1128 2679 1195 lius
2732 1128 2858 1194 fuit
2908 1128 3385 1195 confirmatum.
3475 1127 3670 1210 Quod
3725 1128 3900 1194 enim
3955 1126 4324 1194 evidentius
4378 1126 4486 1192 de-

2551 1214 2824 1281 siderari
2889 1212 3101 1297 potuit
3165 1213 3556 1280 miraculum
3622 1234 3815 1297 quam
3886 1210 4000 1278 ubi
4055 1211 4272 1278 clades
4317 1231 4483 1295 quae

2550 1307 2692 1365 tum
2729 1315 2995 1384 repente
3028 1298 3305 1378 saevire,
3348 1319 3469 1369 nec
3503 1299 3719 1365 minus
3755 1297 3949 1365 celeri
3984 1318 4180 1382 quam
4217 1298 4484 1365 assiduo

2551 1404 2750 1452 cursu
2795 1405 3066 1470 pergere
3107 1392 3427 1466 coeperat,
3469 1383 3761 1450 adventu
3805 1384 4077 1449 Aharon
4122 1404 4248 1450 non
4295 1402 4486 1449 secus

2553 1480 2745 1555 atque
2781 1469 3030 1536 obiecta
3071 1470 3356 1536 maceria
3395 1468 3731 1536 substitit?
3776 1469 3962 1553 Ergo
4004 1467 4347 1534 sacerdotii
4394 1469 4484 1535 ef-

2549 1556 2778 1625 ficacia
2834 1556 2903 1621 in
2957 1576 3073 1640 pro
3117 1552 3368 1620 itiando
3403 1555 3548 1621 Deo
3602 1553 3777 1620 clare
3832 1552 4030 1619 simul
4087 1565 4154 1620 et
4195 1553 4487 1621 breviter

2553 1640 2961 1725 exprimitur.
3113 1659 3198 1706 uo
3242 1636 3569 1720 docemur,
3626 1638 3884 1706 etiamsi
3939 1637 4232 1723 reprobis
4274 1639 4481 1707 simus

2551 1727 2840 1811 contigui
2883 1725 3040 1792 dum
3095 1734 3399 1809 pereunt,
3456 1734 3533 1791 ut
3583 1724 3664 1791 ad
3710 1745 3832 1792 nos
3873 1726 4205 1810 pertingat
4255 1746 4483 1791 eorum

2553 1810 2787 1892 clades,
2855 1808 3048 1876 modo
3102 1820 3322 1879 tamen
3386 1810 3751 1878 intercedat
3807 1809 4114 1879 Christus
4131 1861 4148 1891 ,
4212 1830 4335 1877 nos
4388 1808 4472 1877 ab

2553 1897 2732 1963 omni
2773 1897 2948 1963 malo
2989 1896 3132 1962 fore
3173 1896 3513 1965 immunes.

2716 1981 2821 2049 49.
2881 1981 3169 2049 fuerunt
3220 1986 3424 2048 autem
3472 1981 3584 2064 qui
3634 1983 3865 2048 mortui
3904 1987 4069 2049 sunit.
4158 1982 4300 2047 Iam
4348 1988 4484 2049 tre-
4571 1990 4581 1999 ‘

2552 2068 2744 2149 centi,
2767 2068 2873 2135 vel
2908 2065 3184 2146 circiter,
3224 2067 3538 2134 exstincti
3555 2066 3819 2134 fuerant
3851 2069 3933 2135 ob
3969 2066 4484 2135 coniurationem

2549 2154 2789 2221 factam
2846 2175 2996 2222 cum
3047 2152 3254 2220 Ocre:
3313 2171 3490 2218 nunc
3547 2152 3742 2238 lenge
3791 2155 4002 2219 maior
4045 2151 4308 2221 additus
4350 2152 4481 2219 fuit

2550 2259 2883 2309 numerus.
2952 2239 3096 2306 Hoc
3137 2236 3387 2305 scilicet
3419 2238 3771 2321 proficiunt
3812 2239 3998 2323 impii
4031 2260 4152 2305 sua
4195 2238 4486 2322 pervica-

2551 2325 2654 2393 cia
2694 2333 2769 2391 ut
2811 2325 2994 2392 Deus
3036 2323 3246 2408 magis
3291 2324 3630 2408 magisque
3672 2333 4058 2408 provocatus
4100 2344 4341 2408 poenas
4381 2325 4484 2390 in-

2552 2411 2874 2496 geminet:
2920 2409 3112 2476 sicuti
3153 2409 3461 2486 minatur,
3505 2409 3633 2474 nisi
3668 2410 4063 2493 resipuerint
4095 2431 4257 2494 quos
4290 2410 4482 2477 casti-

2554 2508 2667 2580 gat
2681 2547 2696 2575 ‚
2752 2495 3024 2579 gravius
3080 2492 3376 2578 septuplo
3419 2513 3570 2560 cum
3612 2494 3745 2561 illis
3787 2516 3858 2561 se
3901 2504 4203 2561 acturum
4244 2493 4486 2581 (Levit.

2554 2581 2658 2660 26,
2704 2579 2832 2668 18).
2921 2579 3142 2662 Quare
3187 2579 3509 2647 discamus
3551 2578 3779 2647 ferulis
3813 2580 3953 2648 eius
3986 2579 4305 2647 admoniti
4347 2602 4486 2648 ma-

2554 2677 2703 2733 ture
2746 2686 2869 2732 nos
2911 2664 3259 2732 humiliare
3303 2665 3425 2731 sub
3464 2662 3686 2730 valida
3728 2667 3868 2732 eius
3911 2685 4141 2732 manu:
4231 2665 4342 2731 uia
4381 2666 4485 2731 ni·

2553 2752 2649 2818 hil
2693 2750 2977 2818 deterius
3021 2760 3123 2818 est
3163 2770 3358 2834 quam
3403 2749 3715 2818 adversus
3757 2751 4094 2818 stimulum
4229 2754 4481 2817 citrare.

2553 2837 2656 2904 Ac
2709 2837 2988 2906 subinde
3038 2837 3108 2901 in
3151 2837 3405 2901 animos
3448 2835 3676 2902 subeat
3717 2836 3876 2902 illud
3922 2837 4171 2905 Psalmi
4213 2834 4341 2923 (32,
4384 2836 4483 2937 9):

2554 2923 2620 2990 N
2621 2945 2658 2989 e
2721 2923 2863 2990 sitis
2931 2922 3103 2988 sicut
3172 2941 3380 3006 equus
3443 2931 3509 2988 et
3574 2922 3791 2990 mulus
3808 2970 3823 3001 ,
3892 2942 4174 3007 quorum
4245 2923 4486 2989 ferocia

2554 3010 2782 3076 fraeno
2849 3007 3356 3093 constringitur:
3415 3007 3573 3091 quia
3634 3009 3842 3074 multa
3918 3008 4182 3093 flagella
4244 3006 4483 3092 impiis.

2556 3094 2986 3161 Tumultuose
3030 3091 3400 3160 clamabant
3452 3093 3733 3160 occisum
3778 3114 3921 3161 esse
4093 3093 4277 3159 ulum
4322 3094 4487 3159 Dei:

2553 3183 2706 3266 quia
2756 3179 3027 3246 trecenti
3084 3179 3448 3262 perierant:
3505 3200 3682 3245 nunc
3748 3189 4176 3267 experiuntur
4239 3187 4484 3262 quanto

2554 3266 2763 3332 satine
2814 3265 3041 3332 fuisset
3096 3263 3538 3331 obmutescere
3579 3282 3797 3330 coram
3863 3265 4006 3332 Deo
4020 3317 4037 3344 ,
4095 3275 4488 3349 sanctaeque

2551 3353 2698 3419 eius
2746 3350 3084 3419 severitati
3154 3349 3311 3417 dare
3371 3348 3684 3434 gloriam:
3753 3369 3949 3434 quam
4010 3370 4129 3435 pro
4178 3351 4486 3417 trecentis

2551 3437 2851 3504 addicere
2898 3436 3095 3503 exitio
3136 3435 3275 3500 fere
3316 3435 3743 3521 quinquagies
3786 3443 4133 3503 meentos.
4210 3434 4355 3501 Iam
4389 3444 4488 3502 te-

2551 3521 2770 3589 nenda
2803 3531 2904 3589 est
2944 3521 3137 3587 Pauli
3180 3518 3267 3607 (1.
3305 3520 3457 3587 Cor.
3497 3521 3606 3600 10,
3645 3520 3728 3585 10
3796 3521 4181 3588 admonitio:
4228 3521 4487 3588 Caven-

2547 3608 2709 3675 dum
2736 3629 2879 3674 esse
2922 3627 3003 3672 ne
3037 3626 3537 3685 murmuremus,
3583 3627 3667 3670 ne
3772 3616 3872 3673 rte
3905 3608 4137 3691 perdat
4179 3629 4297 3675 nos
4339 3627 4486 3674 vas·

2552 3702 2758 3773 tator,
2816 3693 2970 3777 quia
3023 3690 3188 3759 nihil
3247 3692 3466 3757 minus
3507 3690 3844 3760 tolerabile
3885 3700 4006 3774 est,
4047 3714 4251 3778 quum
4296 3693 4488 3760 toties

2551 3800 2672 3846 nos
2713 3779 3014 3846 hortetur
3055 3778 3382 3861 scriptura
3416 3776 3607 3843 silere
3642 3797 3683 3841 a
3717 3789 4067 3863 conspectu
4103 3780 4250 3857 Dei,
4292 3799 4485 3864 quam

2551 3875 2858 3951 proterve
2897 3862 2985 3930 ad
3026 3860 3548 3931 maledicendum
3589 3884 3709 3930 nos
3751 3864 4008 3932 efferre.

2992 4195 3347 4265 NUMER.
3395 4195 3699 4264 CAPUT
3741 4194 4039 4283 xv112).

2726 4370 2780 4434 1.
2841 4368 2935 4435 Et
2988 4368 3275 4449 loquum
3331 4373 3421 4435 est
3476 4367 3707 4436 Iehova
3764 4368 3850 4435 ad
3907 4365 4157 4448 Mosen,
4200 4368 4493 4436 dicendo.-

2550 4455 2610 4522 2.
2668 4454 3000 4537 Alloquore
3034 4453 3202 4535 filios
3235 4452 3446 4521 Israel
3486 4459 3544 4519 et
3584 4473 3737 4536 cape
3777 4453 3857 4520 ab
3898 4454 3991 4520 eis
4030 4455 4321 4539 sinyulas
4359 4455 4488 4521 vir-

2545 4560 2664 4627 qas
2707 4559 2834 4622 per
2886 4539 3101 4605 domos
3130 4545 3425 4621 patrum,
3470 4562 3514 4605 a
3554 4540 3791 4607 cunctis
3831 4539 4060 4609 scilicet
4088 4540 4489 4623 priano-‘pibus

2547 4645 2776 4702 semin,
2822 4625 3006 4691 iuxta
3044 4626 3537 4708 domospabmm
3577 4645 3850 4705 suorum,
3889 4625 4491 4711 duodeeimmryas:

2551 4717 2609 4779 d
2639 4710 3128 4793 uniuscuiusque
3165 4731 3384 4778 nomen
3427 4712 3660 4778 scribes
3699 4731 3892 4795 super
3922 4712 4169 4796 viryam
4209 4712 4363 4778 sius,
4421 4712 4486 4778 3.

2554 4797 2794 4863 Nomen
2826 4797 3320 4864 auternAharon
3349 4796 3581 4864 scribes
3611 4816 3804 4879 super
3833 4798 4080 4881 viryam
4113 4797 4304 4864 Levi:
4335 4800 4489 4881 quia

2549 4882 4165 4968 virqaunaeritoapitidomuspammsuorum.
4254 4883 4310 4949 4.
4361 4882 4485 4949 Re-

2539 4988 2857 5053 ponesque
2895 4967 3046 5033 illas
3078 4969 3151 5034 in
3191 4968 3580 5035 tabernaculo
3620 4969 4038 5034 conventionis
4080 4988 4290 5036 coram
4323 4970 4487 5035 testi-

2550 5055 2753 5121 monio
2810 5052 2921 5119 ubi
2957 5055 3314 5121 conveniam
3368 5054 3693 5121 vobiscum.
3794 5053 3853 5120 5.
3901 5049 3990 5119 Er
4029 5056 4179 5135 erit,
4228 5056 4330 5121 vir
4379 5054 4492 5122 ille

2550 5160 2733 5224 quem
2772 5139 3014 5223 eleyem,
3060 5139 3238 5207 illius
3277 5141 3459 5225 virga
3494 5138 3765 5220 florebit:
3818 5145 3874 5206 et
3915 5141 4006 5206 ita
4048 5141 4353 5224 quiescere
4388 5141 4495 5224 fa-

2723 5326 2780 5397 1)
2813 5326 2983 5382 uobr.
3019 5327 3103 5395 17,
3140 5326 3362 5384 1e-28.
