5017 6142
498 451 580 516 91
1914 445 2319 516 REDI'PUS
2364 447 2494 514 AD
2541 446 3086 516 HISTORIAM.

499 658 575 704 ac
618 635 910 702 facturus
966 641 1111 702 erat
1168 637 1224 702 si
1267 644 1487 702 mente
1545 635 1777 703 fuisset
1832 638 2209 722 composita.
2299 637 2445 722 Ego

499 742 658 790 vero
723 742 856 788 non
923 720 1148 788 dubito
1212 742 1363 787 eum
1427 742 1545 805 pro
1605 723 1860 789 ratione
1925 722 2123 789 officii
2187 722 2445 789 tabulas

496 807 790 892 fregisse,
836 829 911 874 ac
951 807 1008 873 si
1053 806 1276 873 foedus
1321 808 1449 873 Dei
1492 806 1573 872 ad
1620 816 1880 892 tempus
1922 808 2229 875 aboleret.
2298 808 2443 875 Sci-

496 914 648 959 mus
681 894 860 959 enim
883 891 1104 959 Deum
1141 893 1325 960 verbi
1367 893 1471 958 sui
1514 894 1838 960 ministris
1881 904 2233 978 utrumque
2255 915 2444 960 man-

500 979 687 1057 dare,
756 989 832 1045 ut
884 989 1020 1045 tam
1066 978 1394 1047 vindictae
1449 1000 1609 1046 suae
1668 980 1805 1046 sint
1848 1000 2202 1063 praecones
2246 1002 2445 1064 quam

496 1072 703 1132 testes
746 1065 1016 1151 gratiae.
1103 1064 1209 1129 Ita
1249 1086 1676 1150 quaecunque
1718 1065 1934 1150 ligant
1975 1067 2047 1131 in
2107 1075 2317 1146 terra,
2372 1067 2444 1130 in

497 1151 676 1218 coelo
718 1151 1040 1236 ligantur,
1101 1158 1171 1216 et
1209 1160 1475 1233 peccata
1515 1153 1804 1217 retinent
1844 1154 1916 1217 in
1960 1151 2446 1218 condemnatio·

497 1258 671 1316 nem,
716 1246 785 1302 et
827 1234 1116 1304 vindicta
1150 1244 1308 1302 sunt
1341 1238 1576 1302 armati
1613 1236 1928 1303 adversus
1962 1237 2333 1304 incredulos
2378 1245 2446 1303 ct

497 1322 915 1408 praefractos.
1004 1322 1185 1406 Ergo
1229 1322 1415 1389 Deus
1473 1343 1589 1405 per
1646 1343 1916 1389 manum
1976 1324 2183 1389 Mosis
2248 1345 2443 1408 repu-

497 1407 702 1476 diavit
773 1408 1081 1493 populum
1098 1459 1114 1487 ,
1193 1407 1422 1475 foedus
1485 1408 1931 1475 renunciando
1994 1408 2164 1493 quod
2232 1429 2446 1492 nuper

495 1494 746 1561 solenni
790 1494 923 1559 ritu
965 1494 1329 1577 pepigerat.
1434 1493 1618 1561 Haec
1685 1504 1906 1561 autem
1972 1495 2288 1560 severitas
2360 1492 2443 1564 ad

496 1578 870 1663 exemplum
906 1579 1034 1644 fuit
1075 1580 1297 1645 utilior
1339 1600 1535 1663 quam
1569 1579 1628 1646 si
1663 1580 1897 1647 Mosen
1942 1600 2222 1647 vacuum
2265 1578 2442 1646 able-

496 1676 734 1750 gasset.
845 1664 986 1732 Nec
1045 1686 1205 1732 vero
1270 1686 1559 1749 unquam
1626 1666 1699 1731 in
1761 1673 2053 1731 mentem
2117 1665 2442 1732 Israelitis

498 1751 787 1818 venisset
859 1772 1057 1834 quam
1136 1752 1210 1818 in
1287 1751 1707 1834 comparabili
1789 1753 2096 1818 thesauro
2162 1751 2444 1817 fuissent

495 1836 760 1921 privati.
850 1836 1136 1903 Tabulas
1179 1857 1337 1922 ergo
1394 1837 1670 1920 proferri
1727 1858 1993 1905 necesse
2048 1837 2206 1917 fuit,
2268 1857 2343 1902 ac
2386 1837 2442 1903 si

498 1922 685 1988 daret
705 1923 779 1987 in
813 1931 1252 2006 conspectum,
1287 1933 1756 2007 paternamque
1791 1924 2021 1990 faciem
2043 1922 2440 1988 ostenderet.

495 2008 627 2076 Ubi
687 2017 905 2072 autem
964 2018 1193 2074 contra
1249 2010 1568 2074 obiectum
1629 2009 1752 2074 fuit
1808 2008 2239 2075 abominabile
2293 2029 2444 2091 por-

496 2101 760 2160 tentum
805 2094 1017 2174 vituli,
1059 2094 1320 2161 easdem
1365 2094 1621 2161 tabulas
1665 2094 1992 2179 confringi
2024 2094 2328 2178 oportuit,
2368 2112 2443 2159 ac

495 2180 556 2247 si
600 2181 780 2246 Deus
824 2183 1096 2246 obverso
1133 2188 1232 2246 ter
1277 2202 1316 2246 o
1358 2180 1707 2247 recederet.
1772 2180 2038 2246 Interea
2083 2180 2443 2246 tenendum

497 2273 600 2332 est
660 2287 792 2331 non
858 2267 1058 2332 fuisse
1120 2266 1227 2331 foe
1273 2288 1353 2332 us
1420 2266 1544 2332 Dei
1609 2287 1876 2352 prorsus
1952 2268 2215 2332 irritum
2234 2316 2249 2344 ,
2328 2262 2443 2332 sed

499 2352 974 2435 quodammodo
1030 2352 1471 2435 interruptum
1492 2403 1507 2430 ,
1570 2352 1773 2419 donec
1842 2352 2012 2419 serio
2067 2351 2449 2434 resipuisset

496 2437 798 2523 populus.
865 2437 1050 2504 Haec
1093 2459 1247 2503 vero
1292 2438 1674 2521 temporalis
1716 2437 1818 2525 (ut
1860 2439 1954 2504 ita
1995 2435 2251 2523 loquar)
2291 2459 2444 2521 rup-

497 2533 650 2590 tura
692 2544 825 2588 non
871 2522 1125 2589 obstitit
1167 2523 1516 2607 quominus
1551 2523 1781 2590 foedus
1813 2525 2028 2607 ipsum
2067 2523 2443 2590 inviolabile

496 2617 813 2675 maneret.
880 2607 1128 2674 Eodem
1173 2607 1365 2675 modo
1410 2616 1636 2692 postea
1671 2610 1855 2676 Deus
1892 2609 2250 2675 divortium
2285 2608 2444 2673 fecit

497 2716 648 2762 cum
697 2694 961 2779 popu10‚
1005 2715 1082 2762 ac
1125 2695 1182 2760 si
1227 2715 1495 2779 prorsus
1535 2716 1687 2760 eum
1732 2694 2113 2762 abdicasset.
2204 2694 2443 2761 Gratia

496 2788 718 2846 tamen
799 2781 939 2847 eius
1015 2787 1084 2846 et
1173 2781 1412 2847 veritas
1489 2802 1828 2864 nunquam
1908 2781 2155 2848 excidit
2176 2831 2193 2860 ,
2282 2782 2441 2864 quin

496 2866 786 2933 occultas
828 2867 1061 2933 saltem
1103 2866 1375 2932 haberet
1418 2865 1698 2947 radices,
1764 2887 1849 2933 ex
1893 2867 2128 2950 quibus
2173 2866 2442 2933 ecclesia

495 2953 728 3021 deinde
798 2974 970 3021 nova
1049 2952 1424 3036 pullulavit:
1500 2953 1669 3020 sicut
1730 2951 1969 3019 dicitur
2039 2953 2110 3017 in
2177 2952 2440 3018 Psalmo

494 3037 668 3141 (192,
715 3037 855 3125 19):
915 3039 1211 3123 Populus
1252 3039 1365 3123 qui
1419 3046 1678 3105 creatus
1719 3038 1923 3105 fuerit
1964 3038 2260 3105 laudabit
2304 3039 2439 3104 Do-

495 3146 768 3191 minum.

667 3212 770 3278 20.
822 3211 999 3277 Tulit
1030 3211 1297 3277 vitulum
1329 3229 1509 3292 quem
1540 3212 1830 3294 fecerant.
1897 3209 2117 3276 Saeva
2151 3216 2218 3275 et
2253 3217 2441 3275 atrox

496 3316 708 3382 poena
771 3296 988 3363 videri
1064 3304 1319 3380 posset,
1398 3295 1569 3378 quod
1650 3296 1916 3363 sceleris
1993 3296 2141 3362 tabe
2219 3295 2442 3379 populi

495 3383 750 3449 viscera
792 3381 1269 3466 quodammodo
1311 3381 1536 3448 infecit
1574 3382 1811 3448 Moses.
1898 3381 2042 3447 Iam
2087 3380 2240 3465 plus
2283 3383 2442 3449 satis

497 3476 565 3533 et
608 3489 877 3552 corpora
919 3476 986 3532 et
1032 3468 1282 3533 animas
1325 3468 1863 3550 inquinaverant,
1924 3482 1996 3532 ut
2055 3487 2190 3533 non
2245 3467 2444 3534 altius

494 3563 873 3637 penetraret
929 3554 1245 3638 contagio.
1336 3553 1595 3619 Deinde
1653 3554 1778 3620 hoc
1838 3553 2027 3619 modo
2085 3552 2167 3619 ad
2211 3552 2445 3638 despe-

494 3640 819 3706 rationem
886 3638 1065 3723 adigi
1130 3637 1423 3723 proclive
1488 3647 1661 3720 erat,
1736 3660 1936 3722 quum
2004 3639 2446 3705 damnationis

496 3747 651 3792 suae
692 3726 1039 3792 materiam
1084 3725 1264 3792 intus
1307 3733 1661 3808 gestarent,
1705 3746 1837 3790 non
1877 3745 2064 3792 secus
2099 3746 2173 3790 ac
2206 3725 2445 3791 mulier

496 3810 743 3877 foetum
784 3812 856 3876 in
899 3820 1088 3876 utero
1132 3810 1270 3876 alit.
1337 3809 1472 3876 Sed
1518 3810 1640 3877 hoc
1683 3831 1910 3876 eorum
1954 3810 2284 3878 socordiae
2328 3810 2443 3877 ad-

494 3896 857 3963 hibendum
913 3897 1039 3961 fuit
1096 3895 1477 3962 remedium.
1560 3895 1939 3979 Quamlibet
1992 3896 2169 3962 enim
2228 3897 2440 3961 territi

492 3983 772 4050 fuissent
814 3981 895 4047 ad
940 3992 1381 4060 momentum,
1439 3982 1664 4048 statim
1719 3982 2094 4048 evanuisset
2143 3981 2440 4049 criminis

494 4070 811 4134 memoria
865 4075 935 4132 et
993 4088 1239 4152 poenae
1297 4077 1543 4149 metus,
1608 4069 1735 4135 nisi
1793 4069 2054 4152 penitus
2115 4068 2441 4151 impressa

492 4154 723 4221 fuisset
765 4152 1140 4236 pollutionis
1185 4161 1355 4219 nota.
1422 4154 1585 4220 Fuit
1627 4175 1784 4239 ergo
1829 4155 1953 4221 hoc
1998 4154 2184 4237 quasi
2225 4174 2439 4238 genus

492 4240 784 4319 cauterii,
829 4258 957 4322 quo
1002 4239 1320 4305 sentirent
1365 4260 1499 4304 non
1544 4248 1802 4305 tantum
1840 4239 1975 4306 cuti
2008 4260 2163 4306 suae
2198 4239 2438 4305 adhae-

494 4347 640 4392 rere
684 4333 821 4389 tam
865 4323 1087 4390 foedae
1128 4324 1535 4391 idololatriae
1587 4326 1932 4409 probrum,
1994 4323 2109 4392 sed
2149 4323 2438 4391 defixum

496 4431 640 4477 esse
697 4411 769 4475 in
827 4410 964 4475 suis
1027 4410 1405 4478 visceribus.
1506 4411 1732 4478 Pudor
1790 4412 1991 4477 etiam
2055 4411 2181 4476 hoc
2242 4410 2438 4476 modo

494 4496 626 4563 illis
669 4496 969 4561 incussus
1011 4496 1154 4578 fuit,
1199 4518 1399 4580 quum
1443 4497 1877 4564 substantiam
1913 4496 2041 4562 Dei
2086 4497 2188 4562 sui
2235 4495 2436 4562 conii-

496 4592 719 4649 cerent
761 4581 833 4645 in
867 4589 1187 4661 ventrem,
1230 4591 1309 4648 ut
1342 4584 1736 4667 permixtam
1773 4584 2206 4650 excrementis
2239 4583 2437 4667 paulo

497 4677 649 4752 post
710 4687 829 4750 per
891 4687 1093 4733 anum
1150 4680 1512 4752 egererent.
1612 4669 1793 4755 Ergo
1850 4677 2101 4753 partem
2160 4666 2264 4732 dei
2331 4668 2438 4734 sui

495 4753 716 4820 bibere
760 4762 827 4819 et
868 4773 1095 4819 cacare
1138 4757 1343 4820 coacti
1386 4765 1560 4836 sunt,
1607 4776 1733 4838 quo
1777 4755 1990 4840 magis
2031 4754 2191 4839 ipsis
2235 4754 2437 4819 foete-

495 4849 600 4905 ret
642 4860 762 4906 sua
806 4841 1202 4922 superstitio.
1293 4840 1513 4921 Adde,
1575 4841 1750 4926 quod
1795 4843 1851 4907 si
1894 4861 2163 4924 sparsus
2206 4841 2439 4905 fuisset

499 4926 665 4992 cinis
708 4926 780 4991 in
826 4935 1102 5007 terram,
1206 4925 1524 4993 ericulum
1581 4940 1726 4993 erat
1781 4948 1865 4992 ne
1907 4926 2109 5010 aliqui
2145 4926 2438 4992 obstina-

497 5013 694 5078 tiores
738 5012 1048 5096 reliquias
1091 5033 1166 5078 co
1221 5014 1501 5098 'gerentz
1557 5011 1711 5080 huic
1754 5012 1926 5079 malo
1968 5011 2226 5079 obviam
2270 5012 2436 5077 itum

498 5107 618 5178 est,
656 5098 810 5164 dum
846 5119 1102 5180 aurum,
1138 5120 1224 5164 ex
1258 5120 1383 5182 quo
1418 5100 1733 5165 conflatus
1771 5099 1985 5165 fuerat
2016 5098 2222 5164 falsus
2257 5098 2436 5177 deus,

499 5184 899 5251 stercoribus
955 5186 1385 5251 commixtum
1440 5186 1585 5251 fuit.
1674 5186 1883 5251 Porro
1936 5184 2175 5251 dicitur
2218 5184 2437 5251 Moses

497 5271 672 5355 ipsos
714 5279 971 5355 potasse
1013 5293 1181 5357 aqua
1224 5271 1585 5352 maledicta,
1629 5293 1758 5337 non
1796 5272 1962 5355 quod
2000 5271 2264 5338 calicem
2300 5271 2436 5336 sin-

498 5357 672 5442 gulis
714 5358 1110 5443 porrigeret,
1169 5358 1283 5426 sed
1328 5358 1479 5443 quia
1523 5357 1742 5442 pulvis
1786 5357 1855 5423 in
1900 5366 2290 5436 torrentem,
2349 5377 2435 5423 ex

4412 451 4502 519 92

2550 658 2678 720 quo
2722 657 2950 705 omnes
2991 636 3316 717 bibebant,
3362 636 3691 705 coniectus
3734 638 3888 705 fuit:
3934 639 4128 707 sicuti
4172 642 4494 727 exprimi-

2548 729 2661 788 tur
2705 724 3197 790 Deuteronomii
3243 744 3416 789 nono
3458 725 3689 807 capite.

3064 1062 3197 1130 EX
3236 1062 3568 1130 EODEM
3612 1064 3968 1134 OAPI'I'E.

2718 1234 2823 1300 21.
2868 1230 2960 1300 Et
3001 1234 3167 1300 discit
3209 1235 3426 1303 Moses
3468 1238 3554 1303 ad
3597 1237 3899 1304 Aharon:
3961 1238 4130 1322 Quid
4180 1239 4325 1322 fecit
4381 1240 4497 1307 tibi

2535 1320 4498 1407 popausaeste,quodinduoesstisupereumhoopooeam

2541 1405 2833 1490 prande?
2934 1406 3036 1471 22.
3110 1405 3287 1472 Tunc
3349 1408 3517 1474 dixit
3569 1409 3873 1475 Ahar-on.-
3939 1410 4041 1476 Ne
4097 1412 4497 1480 &candescat

2546 1491 2887 1557 iracundia
2929 1492 3168 1558 domini
3194 1493 3352 1559 mei.-
3392 1498 3461 1558 tu
3493 1496 3658 1561 nosti
3683 1496 3989 1580 populum
4020 1498 4187 1579 quod
4225 1499 4297 1564 in
4328 1498 4494 1564 malo

2546 1578 2649 1643 sit.
2735 1576 2839 1642 23.
2898 1576 3226 1645 Dionen-unt
3271 1583 3477 1645 atatem
3529 1580 3716 1647 mihi.-
3780 1579 3916 1648 Fac
3970 1582 4148 1649 nobis
4203 1583 4348 1649 deos
4380 1584 4495 1666 qui

2545 1663 3074 1833 ffiffm?
3082 1688 3101 1728 ³
3119 1664 3452 1816 ..itm
3485 1665 3999 1834 4²...1‘2ffl'm
4039 1667 4498 1837 θέῗϋρῖῗῶ

2545 1834 2835 1986 νωθῗλρῗηίέἷ
2851 1833 3216 2002 ’megetio-int
3249 1856 3483 2006 m
3525 1835 4323 2008 fflgssqmscstzgtubus
4354 1928 4490 1993 iste.

2716 2091 2819 2156 21.
2876 2090 3043 2174 Quid
3077 2091 3226 2175 fecit
3264 2092 3377 2159 aba·
3411 2094 3686 2177 populus
3715 2095 3850 2161 iste.
3916 2094 4187 2163 Confert
4229 2096 4494 2180 culpam

2545 2176 2619 2241 in
2663 2177 2970 2242 Aharon:
3017 2178 3172 2261 quia
3213 2180 3597 2261 permittere
3642 2180 3902 2247 videtur
3947 2182 4121 2266 quod
4165 2204 4297 2249 non
4339 2204 4495 2266 pro-

2546 2261 2731 2329 hibet
2786 2262 3079 2346 quisquis
3136 2264 3412 2348 imperio
3479 2266 3816 2348 praeditus
3875 2276 3994 2333 est.
4098 2268 4333 2335 Visum
4394 2277 4497 2336 est

2548 2355 2759 2427 antea,
2804 2369 3005 2432 quum
3049 2348 3432 2416 ascenderet
3453 2350 3674 2418 Moses
3707 2352 3780 2417 in
3823 2363 4113 2419 montem
4130 2405 4148 2436 ,
4193 2354 4495 2421 Aharoni

2547 2433 2916 2517 resignasse
2958 2455 3111 2500 suas
3156 2435 3351 2502 vices.
3439 2436 3608 2502 Eius
3652 2459 3808 2523 ergo
3851 2447 3994 2504 erat
4035 2440 4131 2506 ita
4172 2460 4492 2523 praeesse,

2547 2526 2622 2585 ut
2666 2540 2785 2603 pro
2827 2520 2971 2584 iure
3014 2522 3356 2603 potestatis
3400 2523 3714 2606 populum
3768 2527 4071 2608 quamvis
4113 2534 4494 2610 protervum

2549 2613 3004 2703 compesceret.
3094 2606 3338 2672 Merito
3381 2608 3602 2692 itaque
3645 2617 3780 2675 tam
3825 2630 4053 2676 severe
4094 2611 4493 2696 coarguitur,

2548 2711 2624 2757 ac
2668 2712 2727 2757 si
2768 2700 2959 2757 autor
3001 2690 3234 2758 fuisset
3267 2693 3530 2759 sceleris
3567 2695 3737 2778 quod
3772 2715 4004 2780 passus
4039 2703 4182 2762 erat
4217 2697 4493 2764 admitti.

2545 2775 2742 2843 Unde
2800 2776 3168 2861 colligimus
3225 2798 3417 2862 quam
3479 2801 3683 2864 grave
3726 2802 3893 2848 onus
3937 2783 4305 2849 sustineant
4348 2783 4494 2869 qui-

2546 2882 2674 2928 cun
2721 2884 2803 2928 ue
2848 2864 3159 2945 praefecti
3206 2872 3366 2930 sunt
3407 2865 3849 2949 gubernandis
3891 2868 4180 2951 populis:
4237 2869 4390 2951 quia
4435 2870 4494 2936 si

2547 2948 2663 3032 qui
2752 2969 2980 3014 eorum
3025 2949 3200 3034 negli
3248 2951 3454 3032 entia,
3498 2950 3607 3018 vel
3650 2951 4035 3034 timiditate,
4078 2954 4183 3021 vel
4226 2955 4495 3040 ignavia

2546 3042 2883 3117 peccatur,
2940 2971 3274 3102 reddenga
3329 3037 3489 3121 ipsis
3545 3039 3712 3104 ratio
3766 3047 3897 3118 est,
3955 3059 4031 3106 ac
4088 3039 4145 3106 si
4188 3040 4492 3108 licentiae

2547 3120 2809 3204 signum
2857 3119 3206 3188 dedissent.
3298 3123 3390 3188 Et
3445 3123 3640 3190 valde
3698 3124 4068 3208 emphatica
4120 3133 4221 3193 est
4269 3127 4493 3193 obiur-

2547 3206 2756 3290 gatio:
2817 3205 2987 3290 quod
3047 3207 3315 3290 perinde
3372 3209 3651 3275 infestus
3704 3211 3902 3276 fuerit
3945 3211 4152 3277 hostis
4194 3212 4492 3297 publicae

2548 3292 2748 3357 saluti
2792 3314 2868 3359 ac
2910 3292 2968 3358 si
3012 3293 3095 3358 de
3137 3295 3525 3376 capitalibus
3568 3295 3853 3362 inimicis
3895 3318 3967 3363 se
4011 3297 4237 3364 ulcisci
4274 3298 4491 3366 vellet.

2546 3377 2698 3443 Non
2742 3378 2913 3462 quod
2955 3378 3135 3445 licita
3176 3389 3349 3447 esset
3392 3379 3704 3462 vindicta,
3747 3383 4045 3465 quamvis
4088 3385 4489 3467 probabilem

2545 3483 2810 3530 causam
2855 3464 3162 3532 haberet:
3208 3465 3324 3532 sed
3359 3466 3674 3552 intelligit
3695 3468 3933 3548 Moses,
3979 3469 4037 3534 si
4073 3490 4235 3553 quos
4273 3480 4492 3554 optas·
4562 3492 4573 3502 ·

2545 3556 2648 3615 set
2690 3551 2963 3617 Aharon
3009 3551 3330 3635 perditos,
3390 3562 3586 3638 atque
3640 3554 3733 3619 ita
3776 3575 3861 3620 ex
3903 3555 4197 3639 professo
4240 3557 4489 3624 machi-

2544 3643 2737 3702 natus
2782 3637 3066 3719 pessima
3117 3659 3409 3723 quaeque
3457 3647 3664 3718 esset,
3732 3661 3865 3706 non
3923 3640 4214 3724 potuisse
4266 3650 4488 3711 tamen

2544 3722 2813 3870 gravius
2855 3743 3107 3790 nocere.
3196 3723 3346 3804 Quo
3404 3725 3556 3810 plus
3611 3726 4137 3808 reprehensionis
4179 3736 4487 3810 meretur,

2592 3828 2700 3872 um
2747 3809 2845 3872 ita
2888 3809 3173 3890 miseris,
3230 3831 3511 3894 quorum
3572 3829 3800 3876 curam
3846 3821 4256 3896 susceperat,
4314 3815 4487 3880 male

2543 3894 2853 3960 consulit:
2898 3894 3030 3961 imo
3074 3898 3348 3962 accersit
3391 3896 3689 3963 ultimam
3731 3896 4017 3978 cladem,
4099 3909 4370 3965 uantum
4414 3902 4486 3965 in

2541 4001 2613 4045 se
2656 3987 2774 4045 est.
2853 3979 3001 4047 Hoc
3043 4002 3299 4065 quoque
3342 3982 3691 4049 observatu
3735 3981 4028 4066 dignum,
4151 4005 4330 4066 osen,
4375 3986 4487 4053 ubi

2543 4064 2623 4130 de
2666 4066 2848 4131 cultu
2892 4064 3021 4132 Dei
3065 4067 3314 4152 agitur,
3372 4068 3563 4133 fratri
3618 4090 3934 4155 germano
3993 4078 4058 4136 et
4116 4071 4309 4138 unico
4352 4093 4486 4137 non

2540 4151 2752 4235 magis
2808 4170 3076 4235 parcere
3129 4174 3323 4237 quam
3379 4153 3778 4221 alienissimo
3834 4157 4082 4239 cuique.
4171 4156 4250 4223 Si
4306 4158 4490 4227 carni

2542 4246 2610 4302 et
2652 4238 2958 4322 sanguini
3006 4238 3262 4305 deditus
3306 4240 3572 4320 fuisset,
3632 4252 4008 4325 promptum
4053 4251 4195 4308 erat
4235 4242 4489 4327 aliquid

2541 4321 2780 4389 coloris
2834 4323 3218 4406 obtendere,
3274 4345 3393 4392 cur
3452 4327 3674 4391 mitior
3732 4335 3905 4393 esset
3964 4349 4122 4413 erga
4179 4328 4486 4396 fratrem:

2539 4408 2800 4492 quando
2844 4409 2912 4475 vi
2956 4418 3023 4474 et
3066 4412 3456 4478 necessitate
3501 4420 3870 4496 pertractus
3925 4413 4145 4480 fuerat
4186 4413 4269 4480 ad
4313 4416 4483 4482 vitu·

2540 4494 2677 4559 lum
2722 4494 3174 4562 conflandum:
3236 4518 3468 4564 verum
3525 4499 3681 4582 quia
3734 4501 3922 4564 novit
3977 4520 4174 4583 quam
4220 4510 4486 4566 strenue

2540 4578 2982 4646 dimicandum
3049 4583 3136 4648 sit
3199 4604 3319 4669 pro
3377 4582 3506 4649 Dei
3569 4585 3810 4669 gloria,
3876 4584 4148 4671 perinde
4210 4587 4484 4653 fratrem

2540 4665 2924 4750 aggreditur
2967 4688 3043 4735 ac
3100 4669 3157 4734 si
3214 4669 3397 4736 nulla
3453 4691 3605 4735 eum
3667 4672 4058 4755 cognatione
4117 4674 4482 4755 attingeret.

2537 4752 2723 4817 Rara
2766 4751 3005 4818 virtus:
3064 4755 3180 4820 sed
3237 4755 3319 4820 ad
3377 4777 3572 4840 quam
3621 4758 3750 4822 nisi
3804 4758 4147 4836 enitimur,
4206 4758 4483 4825 subinde

2539 4837 2816 4921 perfidia
2884 4859 3043 4924 erga
3117 4850 3375 4907 nostros
3451 4842 3866 4928 indulgentia
3940 4843 4292 4927 prodemus
4354 4845 4483 4912 Dei

2538 4942 2824 4989 causam.
3457 4954 3466 4963 ·

2709 5010 2813 5075 22.
2865 5010 3040 5077 Tunc
3080 5012 3247 5079 dixit
3281 5013 3579 5079 Ahar-on.-
3623 5013 3725 5080 Ne
3770 5015 4185 5082 excandescat.
4273 5017 4481 5082 Exte-

2537 5103 2700 5160 nuat
2740 5096 2990 5163 crimen
3027 5119 3222 5164 suum
3247 5099 3519 5165 Aharon
3553 5107 3869 5183 quantum
3905 5108 4138 5183 potest.
4205 5099 4482 5168 Summa

2537 5190 2761 5247 tamen
2805 5192 2937 5263 est,
2992 5185 3163 5267 quod
3216 5185 3495 5270 populus
3552 5206 3744 5268 quem
3788 5186 4031 5252 sciebat
4073 5186 4296 5255 Moses
4338 5190 4479 5273 ipse

2537 5288 2747 5352 pravo
2789 5288 2932 5335 esse
2992 5279 3060 5335 et
3112 5292 3420 5354 perverso
3461 5271 3762 5355 ingenie,
3822 5271 4219 5340 tumultuose
4260 5274 4478 5360 ipsum

2538 5373 2891 5439 aggressus
2955 5355 3240 5423 invitum
3305 5358 3537 5442 coegit.
3637 5357 3789 5424 Etsi
3860 5369 4080 5425 autem
4135 5360 4484 5427 exordium
