5017 6142
642 450 784 516 527

650 643 798 722 post
862 642 1117 717 tempus
1180 631 1305 698 sibi
1367 639 1788 716 prorogatum
1813 678 1829 709 ‚
1911 629 2262 696 altissimas
2339 627 2591 695 radices

650 725 862 807 egisse
895 720 1023 786 visi
1057 719 1336 800 fuerant,
1380 739 1462 783 ex
1496 737 1726 784 secura
1752 725 1973 782 tamen
2009 716 2289 782 statione
2325 712 2589 779 tandem

652 807 860 875 evulsi
903 814 1076 871 sunt.

825 892 926 958 13.
976 889 1161 958 caleb
1213 894 1419 955 autem
1455 887 1590 969 filio
1630 887 1926 969 Iephune.
2036 885 2412 953 Ridiculum
2468 884 2593 949 fuit

652 980 709 1046 si
753 999 836 1044 ex
877 975 1206 1060 praesenti
1250 982 1427 1042 statu
1470 971 1785 1040 iudicium
1821 974 2027 1053 fieret,
2071 972 2332 1056 saepius
2365 970 2593 1055 imagi·

651 1064 907 1131 nariam
943 1061 1356 1127 donationem
1392 1059 1734 1139 celebrare,
1780 1060 1965 1126 cuius
2009 1059 2267 1124 nullum
2302 1057 2591 1121 fructum

650 1149 940 1235 percepit
973 1146 1177 1214 Oaleb
1220 1146 1373 1213 vivo
1407 1145 1622 1211 Iosue.
1691 1143 1826 1212 Sed
1871 1145 1980 1210 hic
2014 1153 2149 1209 tam
2198 1143 2437 1209 veritas
2460 1140 2592 1207 Dei

652 1255 847 1320 quam
890 1233 1099 1300 sancti
1142 1231 1267 1299 viri
1309 1231 1567 1314 fiducia,
1611 1252 1777 1315 quae
1822 1231 1890 1295 in
1927 1231 2064 1297 eius
2099 1229 2592 1313 promissionem

651 1319 951 1388 recubuit
973 1369 989 1397 ,
1067 1315 1574 1383 commendatur.
1684 1315 2075 1399 Quanquam
2141 1335 2294 1399 ergo
2351 1333 2592 1378 vanam

651 1404 1150 1473 sollicitudinem
1193 1402 1414 1481 Oaleb,
1480 1409 1547 1467 et
1587 1402 1851 1467 inanem
1895 1401 2090 1467 Iosue
2132 1399 2591 1467 liberalitatem

651 1501 813 1558 tuno
855 1490 1166 1557 lusissent
1208 1489 1421 1554 nasuti
1465 1487 1797 1567 homines,
1856 1507 1931 1554 ac
1986 1486 2111 1551 loci
2169 1486 2377 1569 ipsius
2418 1484 2594 1551 inco-

652 1579 777 1656 lae,
835 1578 893 1643 si
946 1575 1029 1640 ad
1083 1595 1194 1640 eos
1235 1573 1530 1658 perlatus
1573 1572 1807 1638 fuisset
1849 1593 2094 1651 rumor,
2150 1569 2428 1654 superbe
2471 1591 2593 1636 nec

651 1664 895 1747 absque
929 1660 1438 1727 subsannatione
1482 1659 1901 1742 sprevissent,
1946 1656 2131 1723 Dens
2175 1665 2396 1722 tamen
2439 1675 2590 1721 con-

651 1749 960 1814 stantiam
1002 1745 1107 1813 sui
1152 1745 1392 1812 decreti
1425 1743 1690 1809 tandem
1724 1765 1795 1809 re
1839 1743 1984 1828 ipsa
2026 1743 2344 1826 patefecit.
2391 1739 2594 1808 Oaleb

649 1854 811 1902 vero
856 1834 1158 1916 quamvis
1201 1838 1501 1897 cerneret
1542 1830 1623 1895 ab
1658 1848 1923 1895 accessu
1957 1829 2200 1896 montis
2245 1849 2316 1894 se
2361 1828 2589 1905 arceri,

652 1926 931 1985 testatus
986 1923 1089 1984 est
1148 1937 1219 1982 se
1262 1915 1435 1981 nudo
1478 1915 1605 1980 Dei
1648 1935 1950 1981 sermone
1994 1935 2135 1981 esse
2178 1921 2592 1980 contentum:

652 2006 846 2073 sicuti
902 2002 1025 2069 hoc
1083 2010 1335 2069 rectum
1393 2009 1494 2066 est
1544 1999 1701 2066 fidei
1743 1999 2102 2084 specimen,
2163 2020 2383 2066 rerum
2429 2019 2595 2082 quae

650 2090 1011 2175 promissae
1055 2095 1208 2153 sunt
1241 2085 1551 2152 fruitione
1585 2084 1862 2152 libenter
1897 2106 2137 2164 carere,
2184 2085 2391 2151 donec
2429 2093 2594 2150 tem·

652 2197 781 2261 pus
825 2174 1184 2239 advenerit.
1271 2173 1481 2237 Porro
1533 2170 1641 2238 hic
1698 2172 1877 2237 locus
1926 2179 1993 2237 et
2048 2170 2297 2237 similes
2340 2171 2592 2248 docent,

653 2262 955 2347 gigantes
1015 2259 1125 2341 qui
1182 2257 1427 2341 passim
1486 2263 1807 2325 vocantur
1862 2255 2184 2337 Enakim,
2243 2257 2337 2323 sic
2390 2256 2596 2322 fuisse

653 2345 1144 2430 cognominatos
1187 2345 1268 2409 ab
1304 2351 1531 2409 autore
1574 2343 1680 2409 sui
1722 2342 1986 2428 generis
2019 2342 2223 2421 Enac,
2267 2350 2460 2425 atque
2498 2342 2598 2408 ita

651 2452 878 2499 vocem
924 2450 1067 2496 esse
1110 2428 1521 2514 gentilitiam.
1608 2427 1892 2510 Quando
1933 2436 2153 2494 antem
2197 2427 2365 2494 filios
2408 2427 2595 2495 Enac

697 2515 1135 2600 rofligaverit,
1192 2515 1388 2599 paulo
1445 2522 1594 2598 post
1635 2512 2015 2580 videbimus.
2104 2513 2368 2579 Interea
2411 2513 2594 2578 docet

706 2604 761 2669 'c
814 2601 1027 2679 locus,
1095 2599 1301 2666 Galeb
1355 2620 1557 2683 quum
1621 2598 2004 2666 obtenderet
2066 2619 2308 2666 nomen
2367 2599 2592 2679 Mosis,

650 2687 923 2754 minime
958 2687 1179 2753 fucum
1213 2685 1441 2753 fecisse
1476 2685 1581 2752 vel
1617 2685 1971 2769 quidquam
2016 2684 2179 2751 falso
2214 2684 2596 2768 protulisse:

653 2774 804 2857 quia
845 2771 1066 2856 palam
1111 2791 1285 2837 nunc
1328 2770 1660 2849 asseritur,
1698 2770 1931 2836 Mosen
1972 2791 2056 2836 ex
2091 2770 2221 2836 Dei
2255 2780 2595 2854 praecepto

651 2861 748 2925 ita
788 2858 1113 2925 statuisse.

829 3030 928 3095 14.
974 3025 1246 3110 Expulit
1285 3026 1434 3093 inde
1479 3024 1662 3092 Caleb
1709 3031 1835 3093 tres
1872 3027 2039 3109 filios
2083 3024 2282 3106 Euae,
2345 3026 2593 3108 Seeadi,

652 3123 710 3183 et
771 3115 1058 3182 Ahiman
1079 3164 1094 3191 ,
1170 3117 1228 3178 et
1307 3111 1606 3177 Thalmai
1684 3112 1798 3194 qui
1869 3113 2128 3196 fuerant
2198 3113 2322 3194 filii
2392 3109 2594 3179 Enae.

657 3202 757 3269 15.
805 3199 1220 3281 Ascenditque
1259 3198 1406 3263 inde
1448 3198 1535 3262 ad
1573 3195 1953 3264 habitatores
1988 3197 2208 3283 Debir,
2264 3199 2447 3264 cuius
2485 3218 2596 3263 no·

653 3306 794 3353 men
833 3290 1016 3352 antea
1069 3284 1198 3366 fuit
1250 3282 1782 3365 arioth-sephor.
1877 3285 1976 3350 16.
2021 3283 2332 3367 Dimitwe
2381 3283 2600 3349 Caleb:

660 3374 785 3455 Qui
828 3370 1211 3453 percusserit
1270 3367 1808 3451 &eriath-sepher,
1877 3375 1937 3435 et
1974 3370 2202 3451 ceperit
2241 3390 2397 3449 eam,
2440 3370 2597 3436 dabo

653 3459 714 3524 ei
757 3456 973 3524 Aah-sa
1008 3454 1218 3537 filiam
1273 3474 1476 3519 meam
1528 3454 1601 3518 in
1655 3474 1931 3521 uxorein.
2021 3455 2121 3521 17.
2171 3452 2347 3536 oepit
2389 3460 2598 3522 autem

653 3563 793 3610 eam
842 3541 1121 3609 othoniel
1170 3540 1351 3623 filius
1396 3537 1599 3605 Cena-5·
1649 3539 1880 3622 fratris
1927 3539 2142 3608 caleb.-
2195 3541 2483 3623 deditque
2539 3543 2600 3608 ei

655 3628 872 3694 Aebsa
887 3626 1094 3709 filiam
1112 3645 1299 3692 suam
1316 3625 1389 3689 in
1407 3644 1684 3690 uxorem.
1734 3625 1836 3691 18.
1861 3625 2134 3709 Fuitque
2154 3646 2347 3709 quum
2365 3626 2601 3693 veniret

653 3710 1219 3797 ipsasuasitilli,
1275 3714 2346 3795 utpeteretapatresuoayrum,
2409 3713 2601 3778 etde-

652 3798 891 3866 scandit
941 3798 1019 3865 de
1070 3798 1283 3875 asino,
1348 3796 1633 3879 dixitque
1688 3798 1746 3861 ei
1802 3795 2017 3862 Galeb:
2066 3797 2233 3879 Quid
2285 3797 2401 3865 tibi
2457 3798 2595 3864 eet?

657 3885 758 3951 19.
817 3883 949 3950 lua
1001 3882 1350 3964 respondit.-
1401 3880 1517 3948 Da
1566 3880 1725 3946 mibi
1771 3882 2267 3949 benedictionem.-
2322 3885 2599 3967 quando-

653 3971 905 4054 quidem
962 3973 1196 4035 terram
1250 3966 1504 4032 aridam
1543 3966 1772 4033 dedisti
1813 3967 1999 4046 mihi,
2058 3968 2144 4034 da
2198 3969 2360 4034 mihi
2394 3969 2598 4052 fontes

655 4073 989 4138 aquarum.
1052 4050 1142 4118 Et
1182 4052 1355 4118 dedit
1396 4052 1458 4117 ei
1497 4052 1696 4134 fontes
1737 4054 2119 4135 superiore&
2161 4060 2221 4121 et
2258 4055 2460 4138 fontes
2499 4055 2598 4120 in-

650 4141 929 4225 feriore-5.
1017 4139 1122 4204 20.
1169 4138 1312 4204 Ista
1365 4142 1457 4204 est
1507 4136 1861 4203 haereditas
1915 4138 2119 4205 tribus
2168 4139 2448 4221 tiliorum
2492 4139 2595 4205 Ie-

653 4227 827 4293 huda
868 4244 991 4307 per
1037 4224 1335 4307 familias
1389 4243 1564 4289 suae.
1651 4223 1756 4289 21.
1817 4222 2105 4290 Haeo-unt
2155 4230 2362 4292 autem
2416 4225 2600 4291 urbes

652 4314 727 4379 in
768 4310 1153 4376 extremitate
1194 4308 1395 4376 tribus
1435 4308 1713 4389 filiorum
1756 4308 2002 4376 Iebuda
2040 4312 2225 4379 iuxta
2264 4312 2600 4377 terminum

655 4396 865 4464 Edem
887 4396 973 4462 ad
994 4394 1348 4475 Meridiem,
1399 4393 1636 4475 Cabsel,
1679 4400 1736 4461 et
1755 4395 1950 4475 Eder,
1973 4400 2030 4462 et
2050 4396 2270 4481 Iaywr.
2358 4397 2464 4463 22.
2511 4396 2599 4462 Et

658 4482 842 4558 Cina,
887 4486 944 4547 et
975 4480 1274 4558 Dimona,
1321 4484 1378 4546 et
1410 4481 1667 4547 Adada.
1755 4481 1857 4545 23.
1892 4479 1982 4547 Et
2019 4480 2226 4562 cedes,
2262 4487 2319 4549 et
2360 4481 2597 4563 Hasor,

653 4573 710 4636 et
751 4567 1007 4648 Itlman,
1105 4566 1209 4631 24.
1259 4564 1440 4648 Ziph,
1499 4570 1555 4631 et
1601 4564 1820 4642 Talem.
1879 4572 1939 4632 et
1979 4566 2260 4649 Bealoth,
2357 4568 2462 4636 25.
2509 4564 2602 4634 Et

654 4655 873 4721 Hasor
913 4654 986 4718 in
1027 4651 1350 4733 Hadatha,
1406 4656 1463 4716 et
1507 4649 1764 4731 Geriotk,
1813 4652 2093 4732 Hesron,
2147 4654 2294 4735 ipsa
2335 4660 2428 4720 est
2463 4654 2599 4720 Ha-

653 4761 775 4807 εον.
855 4739 958 4804 26.
996 4738 1233 4815 Aman,
1271 4740 1329 4802 et
1373 4734 1580 4815 Sema,
1624 4742 1681 4803 et
1723 4735 2004 4804 Molada.
2067 4739 2171 4805 27.
2211 4738 2300 4805 Et
2344 4739 2598 4806 Haear-

659 4825 892 4892 Gadda
906 4875 923 4903 ,
984 4829 1039 4890 et
1081 4822 1375 4899 Hesmon,
1419 4820 1820 4904 Beth-phelet.
1904 4824 2006 4890 28.
2052 4825 2142 4890 Et
2182 4824 2596 4903 Hasar-sual,

653 4918 710 4977 et
767 4908 1108 4989 Beerseba,
1173 4913 1231 4974 et
1283 4906 1657 4973 Biniotheia.
1745 4909 1848 4974 29.
1901 4907 2148 4995 Baala,
2215 4916 2273 4977 et
2329 4910 2481 4986 lim,
2542 4916 2600 4976 et

653 4996 885 5063 Asem:
962 4996 1067 5061 30.
1113 4993 1201 5060 Et
1243 4992 1540 5060 Eltholad
1579 4999 1637 5060 et
1675 4992 1897 5073 Caesa,
1942 5001 1999 5061 et
2040 4996 2302 5062 Horma.
2362 4996 2464 5063 31.
2509 4994 2599 5062 Et

657 5081 887 5167 Sidaq,
952 5085 1008 5147 et
1059 5077 1520 5158 Madmannah,
1577 5084 1635 5145 et
1679 5077 2064 5147 Sensannah.
2168 5081 2272 5148 32.
2331 5081 2420 5148 Et
2474 5081 2595 5148 Le-

652 5167 859 5247 baotb,
925 5173 983 5232 et
1048 5165 1309 5247 Sabim,
1370 5170 1430 5231 et
1482 5164 1637 5246 Ain,
1693 5171 1751 5232 et
1818 5165 2081 5231 Rimon:
2144 5188 2352 5235 omnes
2413 5168 2599 5234 urbes

706 5255 718 5268 '
771 5252 880 5318 'nti
939 5257 995 5318 et
1035 5272 1266 5331 novem,
1332 5257 1388 5317 et
1446 5251 1636 5317 villae
1697 5271 1928 5317 earum.
2037 5252 2139 5318 33.
2201 5252 2285 5317 In
2326 5254 2597 5335 planitie

652 5275 935 5418 maol,
980 5342 1037 5404 et
1080 5336 1258 5417 Sora,
1302 5343 1357 5404 et
1398 5337 1654 5404 Asnah:
1757 5336 1861 5404 34.
1909 5335 1999 5403 Et
2039 5337 2316 5418 Zanoab,
2359 5344 2417 5404 et
2457 5339 2595 5404 En·

1821 438 2563 510 COMMENTARIUS
2607 438 2708 505 IN
2750 436 3030 506 IOSUE
3076 437 3273 505 OAP.
3311 437 3467 504 XV.

4505 434 4627 502 528

2687 627 2969 712 yannim,
3032 632 3090 693 et
3151 626 3505 710 mphuak
3520 677 3537 705 ,
3602 631 3661 691 et
3722 625 3954 706 Enam,
4053 624 4157 692 35.
4204 623 4516 703 lammah,
4571 630 4628 691 d

2691 713 2994 794 Adulam,
3032 711 3238 789 Socoh,
3283 719 3339 779 et
3378 710 3644 778 Azecah.
3728 713 3830 778 36.
3870 710 3960 777 Et
4003 710 4323 789 Saaraim,
4367 716 4428 777 et
4466 710 4628 777 Adi-

2690 797 2886 864 thaim
2900 848 2915 878 ‚
2962 803 3019 864 et
3065 798 3369 876 Gederab,
3414 804 3470 864 et
3517 798 3980 865 Gederothaim:
4034 798 4218 863 urbes
4258 796 4628 879 quatuorde-

2690 885 2829 964 cim,
2871 889 2926 950 et
2964 883 3150 950 villae
3187 903 3419 950 earum.
3507 884 3611 949 37.
3662 882 3907 964 Senam,
3950 889 4006 950 et
4038 882 4329 962 Hadasa,
4373 887 4430 947 et
4463 880 4631 966 Μᾶρ-

2689 969 2939 1053 dalyad‚
3004 969 3106 1035 38.
3145 969 3476 1049 EtDilan,
3511 975 3566 1036 et
3589 968 3841 1051 Mispeh
3876 969 4188 1036 etIocteel.
4233 968 4336 1034 39.
4375 967 4627 1048 Lachis,

2692 1060 2747 1121 et
2790 1054 3082 1131 Boscath,
3126 1061 3183 1121 et
3224 1054 3447 1139 quon,
3555 1055 3657 1120 40.
3703 1053 3793 1120 Et
3837 1054 4141 1135 Chabbon,
4198 1059 4256 1119 et
4299 1053 4628 1133 Lakmon»,

2693 1146 2750 1206 et
2795 1140 3080 1207 Chithlis.
3145 1140 3247 1206 41.
3292 1139 3380 1204 Et
3426 1140 3746 1221 Gederoth,
3787 1139 4165 1226 Bethdayon,
4209 1144 4265 1205 et
4310 1139 4631 1218 Naamab,

2693 1231 2750 1292 et
2770 1226 3066 1292 Makeda:
3108 1226 3292 1292 urbe-5·
3308 1227 3629 1302 sedeam,
3663 1232 3717 1293 et
3749 1226 3941 1293 villae
3973 1246 4207 1293 earum.
4272 1226 4377 1291 42.
4403 1225 4630 1305 Libona,

2694 1317 2751 1378 et
2789 1308 3004 1393 Etber,
3047 1315 3104 1378 et
3144 1306 3347 1392 Asan,
3411 1311 3515 1377 43.
3561 1311 3651 1378 Et
3693 1311 3931 1395 Ieptha,
3976 1316 4034 1377 et
4066 1311 4271 1389 Asna,
4316 1316 4373 1377 et
4416 1311 4630 1390 Nes-ib,

2692 1397 2797 1464 44.
2843 1397 2933 1464 Et
2978 1396 3211 1477 Cheila,
3254 1403 3311 1463 et
3342 1397 3600 1477 thsib,
3644 1403 3702 1464 et
3735 1397 4070 1465 Maresah:
4106 1398 4290 1464 urbe-s·
4329 1417 4548 1463 novem
4579 1401 4636 1462 d

2692 1484 2880 1550 vilke
2934 1503 3172 1550 earum.
3266 1483 3369 1549 45.
3428 1483 3672 1564 Ecron,
3726 1489 3783 1549 et
3823 1484 4057 1567 oppida
4109 1483 4270 1565 eius,
4324 1488 4381 1548 et
4422 1481 4631 1549 villae.

2693 1570 2798 1635 46.
2844 1568 3205 1649 AbEcron,
3248 1575 3305 1636 et
3345 1569 3430 1635 ad
3472 1589 3664 1647 mare,
3709 1588 4110 1651 omnesquae
4151 1574 4298 1635 sunt
4338 1570 4424 1635 ad
4467 1569 4636 1634 lane

2694 1654 2940 1736 Asdod,
2997 1660 3052 1721 et
3105 1655 3290 1722 villae
3342 1675 3578 1721 earum,
3664 1654 3770 1721 47.
3814 1654 4067 1731 Asdod,
4130 1655 4539 1738 oppidaeius
4580 1658 4638 1719 et

2693 1741 2885 1807 villae
2927 1742 3098 1806 eius:
3152 1742 3351 1819 Asea,
3395 1741 3630 1822 oppida
3671 1742 3828 1822 eiua,
3880 1745 3937 1807 et
3976 1740 4130 1806 vina
4171 1741 4308 1806 eius
4348 1759 4513 1822 uque
4556 1738 4642 1804 ad

2695 1831 3023 1892 torrentem
3086 1826 3384 1911 Aegypti,
3457 1831 3514 1892 et
3569 1846 3746 1892 mare
3791 1846 4128 1911 -maynum,
4204 1831 4260 1891 et
4317 1826 4642 1891 terminus.

2698 1913 2800 1978 48.
2839 1910 2927 1976 Et
2962 1913 3034 1976 in
3074 1918 3293 1993 monte,
3341 1911 3572 1992 Samir,
3614 1917 3673 1978 et
3717 1911 3947 1996 Iathir,
3989 1917 4048 1977 et
4093 1910 4341 1993 Socboh,
4425 1910 4532 1976 49.
4557 1908 4646 1975 Et

2697 1997 3000 2079 Dannah,
3055 2002 3112 2064 et
3170 1996 3712 2076 Giriatb-sannah,
3755 1999 3902 2081 ipsa
3954 2001 4043 2061 est
4087 1997 4315 2073 Debir,
4402 1996 4509 2062 50.
4556 1994 4646 2060 Et

2700 2083 2905 2162 Anab,
2971 2089 3026 2149 et
3088 2082 3439 2163 Esthemoh,
3503 2088 3560 2147 et
3621 2084 3844 2160 Anim,
3952 2083 4055 2149 51.
4123 2081 4213 2149 Et
4280 2082 4524 2164 Gosan,
4589 2086 4644 2147 et

2700 2168 2945 2249 Halon,
3010 2174 3067 2234 et
3133 2168 3356 2236 Giton.-
3414 2169 3597 2235 urbes
3654 2169 3972 2248 undecim,
4038 2174 4093 2235 et
4153 2168 4341 2235 villae
4400 2186 4642 2234 earum

2700 2254 2802 2320 52.
2868 2253 3079 2339 Arab,
3145 2260 3202 2320 et
3255 2253 3547 2331 Damnata,
3605 2260 3661 2320 et
3703 2254 3902 2335 Esau,
4009 2254 4114 2321 53.
4158 2253 4248 2320 Et
4290 2253 4548 2335 Ianum,
4592 2259 4646 2319 et

2699 2339 3243 2424 Beth-thappuab,
3284 2346 3345 2407 et
3385 2340 3713 2421 Aphecah,
3815 2340 3918 2407 54.
3965 2339 4056 2407 Et
4098 2339 4394 2422 Huntha,
4435 2345 4495 2405 et
4542 2338 4645 2405 02·-

2698 2425 3065 2505 riath-arba,
3118 2427 3266 2509 ipsa
3307 2431 3397 2492 est
3436 2425 3720 2507 Hebron,
3764 2431 3821 2491 et
3856 2425 4039 2492 Sior:
4090 2431 4147 2492 et
4186 2425 4367 2492 urbes
4405 2444 4641 2505 novera,

2698 2513 3301 2579 etvillaeearum.
3414 2510 3518 2577 55.
3588 2510 4176 2591 ΜαῘιοη,Οαηηεῑ,
4243 2509 4645 2595 etZipk,et

2701 2597 2932 2664 Iuttab.
2977 2597 3080 2663 56.
3118 2596 3208 2663 Et
3241 2595 3503 2678 Iesrael,
3544 2601 3601 2664 et
3635 2596 3916 2676 Ioedean,
3953 2597 4268 2664 etZaura.
4314 2596 4417 2663 57.
4458 2596 4643 2676 Cain,

2705 2683 2904 2760 Giba,
2970 2688 3026 2750 et
3095 2682 3443 2749 Thimnab:
3504 2683 3690 2749 urbe-s·
3746 2684 3966 2763 decern,
4030 2688 4089 2749 et
4148 2683 4338 2749 villae
4400 2703 4639 2749 earum.

2701 2767 2803 2835 58.
2850 2767 3136 2845 Hal-hul,
3179 2773 3235 2834 et
3275 2767 3594 2849 Betheem,
3638 2775 3698 2835 et
3743 2769 3967 2849 Gedor,
4047 2768 4151 2836 59.
4193 2768 4283 2834 Et
4319 2767 4643 2848 Maaratb,

2701 2859 2757 2919 et
2799 2853 3164 2928 Remanent,
3209 2858 3266 2920 et
3309 2853 3635 2933 Euam,
3693 2854 3875 2921 urbes
3904 2874 4034 2932 sex,
4076 2859 4133 2920 et
4174 2854 4361 2921 villae
4400 2874 4641 2921 earum.

2700 2940 2803 3005 60.
2866 2937 3312 3018 Oiriatlt-baal,
3370 2940 3518 3024 ipsa
3580 2945 3669 3006 eet
3721 2939 4236 3019 Giriath-iearirn,
4280 2945 4340 3006 et
4381 2939 4644 3006 Rabba:

2697 3024 2883 3091 urbes
2938 3028 3131 3104 duae,
3185 3030 3242 3091 et
3293 3025 3481 3092 villae
3533 3045 3770 3092 earum.
3858 3027 3961 3093 61.
4023 3025 4109 3091 In
4160 3027 4392 3093 deserto
4449 3025 4644 3092 Beth·

2700 3111 2959 3193 arabah,
3025 3109 3304 3189 Middin,
3369 3116 3427 3178 et
3487 3111 3843 3193 Seth-acha,
3930 3113 4032 3178 62.
4085 3111 4191 3178 'Et
4248 3110 4522 3195 Nibsan,
4590 3116 4646 3177 et

2697 3196 2852 3263 urbs
2911 3197 3090 3277 satie,
3155 3202 3211 3264 et
3251 3196 3530 3282 Enqedi:
3590 3197 3774 3263 urbes
3833 3218 3963 3277 seoe,
4028 3202 4084 3264 et
4145 3197 4338 3265 villae
4400 3217 4643 3264 earum.

2698 3282 2801 3348 63.
2851 3281 3052 3350 Porro
3096 3282 3424 3350 Iebusaeos
3464 3283 3834 3349 habitatores
3873 3283 4224 3349 Ierusalem
4264 3303 4389 3349 non
4427 3288 4645 3364 potue-

2697 3373 2847 3434 runt
2883 3369 3009 3452 filii
3050 3368 3299 3434 Iehuda
3338 3369 3667 3452 expellere.-
3708 3370 3918 3450 itaqwe
3957 3368 4259 3435 habitavit
4300 3369 4645 3435 Iebucaeus

2696 3454 3324 3537 cumfiliislehuda
3380 3455 3450 3520 in
3495 3454 4201 3538 Ierusalemusquead
4256 3454 4638 3521 diemhane.

2866 3624 2997 3692 Hic
3051 3633 3359 3692 narratur
3415 3624 3587 3710 quod
3642 3634 3900 3710 gestum
3941 3625 4141 3691 fuisse
4185 3625 4450 3692 demum
4493 3636 4642 3711 post

2695 3719 2976 3776 mortem
3041 3711 3239 3779 Iosue
3304 3733 3389 3776 ex
3454 3711 3620 3777 libro
3681 3709 3982 3778 Indicum
4089 3718 4242 3778 atet.
4352 3710 4490 3777 Sed
4555 3732 4640 3780 ne

2696 3797 3142 3880 quaestionem
3200 3797 3500 3883 gigneret
3557 3796 3849 3875 novitas,
3907 3818 3992 3880 qu
4133 3796 4393 3863 mulieri
4446 3795 4640 3865 datus

2697 3891 2839 3947 erat
2871 3883 3137 3968 pinguis
3182 3892 3251 3949 et
3290 3883 3579 3968 irriguus
3622 3902 3779 3967 ager
3810 3882 3881 3947 in
3916 3882 4395 3965 patrimonium,
4437 3882 4639 3950 histo-

2696 3968 2863 4033 riam
2907 3989 3073 4052 quae
3100 3977 3340 4119 ,1³⁰⁸th
3384 3968 3635 4050 accidit,
3676 3969 3967 4035 inserere
4002 3967 4213 4034 voluit
4247 3969 4399 4035 libri
4434 3970 4639 4054 scrip·

2696 4061 2817 4130 tor,
2862 4076 2945 4120 ne
3030 4054 3097 4119 ui
3177 4055 3245 4120 in
3282 4063 3456 4120 sorte
3489 4052 3698 4120 tribus
3721 4053 3891 4119 Inda
3924 4063 4221 4120 maneret
4239 4055 4636 4139 ambiguum.

2695 4138 2941 4217 Primo,
3041 4140 3233 4206 icitur
3275 4138 3508 4220 Oaleb,
3566 4148 3943 4224 expugnata
3984 4140 4145 4207 urbe
4188 4139 4480 4218 Hebron,
4527 4160 4637 4226 ag·

2699 4245 2962 4309 gressus
2994 4225 3197 4292 fuisse
3220 4226 3446 4305 Debir,
3494 4225 3596 4293 vel
3619 4224 4164 4309 Ciriath·sepher,
4209 4234 4278 4292 et
4318 4246 4638 4310 generum

2699 4308 2825 4375 sibi
2861 4310 3223 4394 adoptasse,
3253 4312 3365 4395 qui
3400 4313 3651 4394 primus
3685 4310 3841 4376 illuc
3876 4311 4213 4396 ingressus
4248 4324 4440 4378 esset.
4500 4312 4637 4396 Ap·

2696 4405 2887 4481 paret
2922 4407 3160 4475 autem,
3204 4396 3463 4481 quando
3497 4417 3648 4463 raro
3682 4397 3974 4480 praemio
4008 4397 4250 4464 invitat
4281 4417 4434 4463 suos
4468 4417 4635 4464 oom-

2699 4482 3027 4548 militones
3084 4481 3166 4548 ad
3224 4484 3606 4565 capiendam
3664 4481 3893 4549 urbem
3908 4532 3924 4563 ,
3982 4503 4107 4549 non
4154 4503 4389 4567 parum
4434 4483 4636 4550 fuisse

2699 4568 2982 4653 negotii:
3027 4567 3202 4634 unde
3245 4569 3667 4635 confirmatur
3687 4567 3858 4652 quod
3879 4577 4033 4635 ante
4054 4569 4275 4635 visum
4317 4576 4420 4635 est
4462 4569 4636 4637 labo-

2700 4654 2947 4720 riosum
2991 4673 3154 4736 opus
3194 4655 3254 4719 ei
3298 4655 3667 4721 iniunctum
3726 4674 3869 4719 esse
3923 4675 4124 4737 quum
4183 4654 4336 4720 data
4393 4656 4457 4721 ei
4514 4656 4636 4721 fuit

2695 4740 3018 4823 possessio
3038 4789 3055 4818 ,
3098 4760 3264 4823 quae
3305 4760 3547 4825 magno
3590 4739 3962 4806 discrimine
4003 4738 4402 4824 acquirenda
4444 4752 4632 4809 esset.

2698 4825 2877 4908 Ergo
2934 4833 3011 4890 ut
3063 4825 3486 4892 fortissimum
3543 4846 3734 4909 quem
3781 4845 3866 4890 ue
3922 4826 4201 4905 animet,
4259 4826 4436 4893 filiae
4478 4847 4633 4894 suae

2695 4910 2963 4993 nuptias
3021 4911 3345 4994 promittit
3398 4911 3468 4976 in
3524 4931 3739 4977 merce
3786 4930 3886 4976 em
3948 4912 4386 4990 strenuitatis,
4459 4913 4632 4997 quis·

2695 4997 2839 5079 quis
2880 5016 3143 5062 murum
3187 4998 3610 5080 superaverit.
3668 4994 3963 5063 'l'andem
4000 4995 4279 5078 additur,
4318 4997 4633 5066 Othoniel

2694 5080 2808 5163 qni
2849 5102 3050 5165 nepos
3093 5091 3236 5148 erat
3279 5103 3361 5147 ex
3405 5083 3622 5162 fratre,
3669 5084 4029 5167 praemium
4073 5083 4196 5150 hoc
4230 5103 4353 5149 sua
4387 5084 4630 5151 virtute

2695 5166 2895 5233 fuisse
2953 5166 3281 5251 adeptum.
3370 5167 3712 5252 Quomodo
3765 5167 4126 5251 obrepserit
4176 5170 4244 5234 in
4290 5168 4626 5254 vulgarem

2696 5253 3223 5320 translationem:
3296 5254 3534 5321 Frater
3609 5253 3812 5321 Oaleb
3872 5255 4114 5333 iunior,
4182 5256 4433 5322 nescio:
4513 5276 4628 5323 nec

2696 5349 2872 5405 certe
2915 5339 3050 5405 ullo
3085 5340 3297 5407 colore
3331 5341 3627 5407 excusari
3650 5348 3861 5424 potest
3875 5339 3998 5406 hoc
4019 5339 4351 5407 mendum.
4410 5340 4628 5424 Quare
