5017 6142
557 491 684 558 183

560 686 886 747 assereret
920 700 992 745 se
1034 676 1458 744 manifestare
1501 677 1735 745 faeiem
1772 700 1957 746 suam
1982 680 2190 747 Mosi:
2226 680 2501 765 ideoque

560 764 978 832 adversative
1011 765 1261 850 legunt,
1296 763 1466 830 sicut
1500 764 1572 828 in
1608 786 1751 831 mar
1801 765 1816 779 '
1869 788 1905 831 e
1941 767 2182 834 notavi.
2247 766 2503 832 ‘Verum

559 852 741 936 prior
776 851 970 918 lectio
1003 849 1215 934 magis
1250 858 1350 915 est
1377 851 1681 934 genuina.
1748 786 1957 918 ἔξω
1988 850 2069 916 de
2113 852 2384 919 somniis
2428 871 2504 918 ac

560 937 928 1005 visionibus
952 936 1107 1003 alibi
1148 936 1444 1001 tractavi.
1513 935 1742 1019 Itaque
1776 959 2101 1004 summam
2136 959 2269 1004 uno
2306 936 2504 1005 verbo

564 1024 893 1108 attingere
942 1022 1106 1088 satis
1150 1042 1327 1088 nunc
1363 1021 1521 1086 erit:
1567 1043 1805 1107 nempe
1848 1022 2064 1108 sigilla
2105 1024 2313 1089 fuisse
2355 1044 2505 1090 con-

562 1106 905 1175 firmandis
931 1107 1274 1187 vaticiniis,
1310 1114 1383 1172 ut
1418 1109 1776 1191 prophetae
1819 1109 2005 1193 quasi
2036 1130 2073 1175 e
2105 1110 2283 1177 coelo
2318 1108 2506 1175 missi

562 1196 755 1280 plena
799 1193 1195 1261 confidentia
1236 1214 1306 1259 se
1348 1191 1669 1259 iactarent
1702 1193 2031 1279 legitimos
2063 1193 2194 1260 Dei
2228 1216 2371 1262 esse
2405 1194 2506 1259 in-

564 1289 905 1365 terpretes.
964 1279 1136 1345 Nam
1171 1278 1534 1345 visionibus
1570 1299 1729 1345 suae
1764 1288 1954 1346 erant
1973 1279 2102 1347 insi
2198 1301 2268 1347 es
2292 1288 2504 1361 notae,

564 1387 733 1450 quae
777 1387 887 1432 eas
931 1385 970 1430 a
1013 1365 1285 1448 spectris
1329 1374 1397 1430 et
1428 1364 1612 1431 falsis
1654 1365 2109 1451 imaginationi
2156 1388 2232 1433 us
2268 1365 2501 1434 distin·

611 1460 859 1518 nerent.
956 1450 1244 1517 Somniis
1291 1471 1542 1534 quoque
1586 1472 1704 1517 sua
1750 1451 2035 1537 insignia
2077 1452 2346 1518 fuerunt
2388 1451 2502 1518 ad·

612 1539 701 1603 ’ta
753 1558 921 1621 quae
981 1536 1448 1603 dubitationem
1494 1538 1879 1604 eximerent.
1959 1536 2334 1622 Prophetae
2376 1537 2501 1622 igi-

565 1635 674 1689 tur
726 1622 928 1708 probe
972 1624 1209 1689 conscii
1255 1622 1521 1687 fuerunt
1566 1644 1725 1688 suae
1768 1624 2157 1702 vocationis,
2219 1644 2305 1689 ne
2348 1622 2502 1707 quid

565 1709 818 1775 deesset
860 1707 941 1773 ad
986 1706 1137 1774 fidei
1180 1706 1661 1775 certitudinem.
1749 1709 2029 1776 Interim
2073 1729 2142 1774 se
2186 1709 2331 1775 istis
2375 1709 2497 1774 lar·

564 1795 664 1861 vis
706 1794 789 1860 ad
834 1792 1191 1860 fallendum
1228 1801 1548 1859 ornarunt
1583 1793 1847 1860 fallaces
1882 1794 2258 1879 prophetae.
2346 1794 2504 1860 Ideo

562 1881 880 1948 Ieremias
938 1881 1207 1963 impiam
1263 1899 1485 1945 eorum
1549 1879 1927 1946 iactantiam
1971 1880 2310 1958 refellens,
2356 1901 2502 1963 pro-

563 1966 785 2050 pheta,
821 1967 1050 2049 inquit,
1097 1964 1269 2049 apud
1314 1985 1508 2047 quem
1553 1974 1653 2029 est
1686 1965 2033 2045 somnium,
2080 1973 2305 2031 narret
2338 1986 2509 2031 sem—

570 2052 787 2117 nium:
826 2059 893 2116 et
929 2071 1128 2134 penes
1163 2071 1354 2133 quem
1391 2058 1489 2116 est
1525 2071 1740 2117 sermo
1775 2073 1981 2132 meus,
2027 2052 2333 2135 loquatur
2377 2072 2507 2118 ser-

570 2158 830 2238 menem
901 2157 1122 2203 meum
1185 2156 1517 2202 veracem:
1585 2136 1741 2285 quid
1789 2137 1992 2222 paleis
2051 2137 2132 2204 ad
2192 2135 2505 2216 triticum,

570 2232 786 2308 inquit
825 2223 1073 2288 Iehova
1115 2220 1269 2309 (Ier.
1316 2220 1417 2299 23,
1465 2221 1577 2308 28)

1077 2626 1208 2694 EX
1253 2626 1585 2695 EODEM
1631 2627 1987 2696 CAPITE.

733 2817 795 2884 9.
858 2815 1132 2883 Exarsit
1185 2836 1327 2901 erqo
1365 2816 1549 2899 furer
1601 2816 1866 2884 Iehevae
1907 2818 1977 2884 in
2019 2837 2137 2898 eos,
2181 2822 2239 2884 et
2278 2819 2505 2887 disces-

556 2906 660 2974 sit.
753 2904 854 2970 10.
896 2901 1227 2983 Nubesque
1259 2902 1510 2970 recessit
1542 2922 1585 2967 a
1619 2901 2048 2971 tabernaetde:
2087 2907 2145 2971 et
2185 2923 2311 2969 eece
2359 2904 2506 2970 Ma-

556 2992 663 3058 ria
717 2994 856 3056 erat
912 2988 1161 3070 leprosa
1223 2989 1389 3054 sicut
1427 2987 1562 3067 nix,
1607 2989 2002 3072 respexitque
2044 2989 2312 3056 Auaron
2355 2989 2503 3057 Μα-

553 3079 757 3156 riam,
816 3079 874 3140 et
928 3092 1056 3139 eece
1111 3079 1248 3139 erat
1291 3075 1560 3158 leprosa.
1651 3075 1753 3140 11.
1805 3074 1981 3141 Tune
2022 3075 2191 3141 dixit
2231 3074 2503 3142 Aharon

555 3164 645 3231 ad
662 3161 920 3227 Mosen.-
969 3159 1212 3242 Quaeso
1245 3161 1492 3227 dornine
1531 3159 1643 3240 mi,
1688 3181 1768 3226 ne
1807 3180 1975 3227 nune
2014 3159 2194 3226 nobis
2235 3162 2502 3243 imputes

543 3252 904 3333 peecatum.-
936 3244 1092 3328 quia
1123 3246 1308 3313 stulte
1341 3246 1597 3333 aqimus,
1642 3250 1700 3312 et
1731 3246 1887 3328 quia
1908 3247 2326 3329 peccavimus.
2393 3247 2497 3314 12.

563 3335 682 3415 Ne,
723 3352 973 3416 quaeso,
1015 3331 1099 3396 sit
1139 3332 1329 3414 quasi
1370 3330 1688 3399 abortivus
1725 3332 1946 3415 foetus,
1988 3332 2101 3415 qui
2143 3332 2293 3398 dum
2336 3352 2501 3418 cyre-

557 3419 1471 3486 diturexuteromatrissuae
1818 3417 2502 3486 usestdimidiesuae

554 3505 787 3572 earnis.
875 3503 979 3569 13.
1030 3501 1340 3569 Clamavit
1380 3505 1593 3587 itaque
1637 3503 1848 3570 Moses
1910 3503 1999 3570 ad
2041 3502 2354 3584 Iehovnm,
2398 3506 2500 3572 di-

558 3589 772 3669 cendo,
816 3587 1027 3670 Deae,
1073 3609 1316 3672 quaese,
1361 3609 1526 3656 sana
1577 3608 1744 3655 um
1783 3589 1983 3656 illam.
2075 3589 2175 3654 14.
2224 3589 2502 3673 Respon-

556 3676 656 3744 dit
717 3673 949 3740 Ieheva
1005 3677 1090 3739 ad
1148 3674 1402 3741 Mosen.-
1467 3674 1643 3757 Quod
1696 3675 1758 3741 si
1797 3680 1987 3756 pater
2044 3676 2184 3741 eius
2225 3678 2501 3759 spuendo

558 3762 833 3846 spuisset
874 3760 944 3826 in
985 3759 1208 3843 faeiem
1253 3761 1408 3839 eius,
1453 3779 1656 3825 nonne
1696 3760 2064 3827 embeseeret
2103 3767 2334 3843 septem
2372 3761 2503 3828 die-

560 3848 728 3915 bus?
783 3846 1183 3914 Exaudatur
1234 3849 1460 3928 septem
1505 3846 1725 3912 diebus
1782 3850 1960 3912 extra
2000 3851 2243 3926 eastra,
2305 3852 2362 3914 et
2402 3848 2503 3914 de-

557 3935 706 4001 inde
756 3933 1103 4015 recipietur.
1197 3930 1296 3998 15.
1344 3930 1569 4014 Itaque
1608 3932 1857 3997 reclusa
1890 3936 1982 3998 est
2041 3931 2267 3999 Maria
2320 3938 2503 3999 eaetra

559 4024 773 4087 eastra
825 4022 1053 4101 septem
1105 4016 1355 4083 diebus.-
1408 4037 1606 4099 neque
1651 4017 1929 4102 populus
1974 4037 2355 4102 preyressus
2394 4024 2500 4097 est,

565 4104 751 4172 donee
790 4105 1164 4188 reciperetur
1207 4099 1449 4169 Maria.

736 4293 796 4360 9.
841 4291 1116 4358 Exarsit
1171 4309 1314 4375 erqo
1364 4290 1551 4370 fwor
1602 4290 1880 4357 Iehevae.
1968 4290 2500 4375 Expostulationi

566 4379 915 4448 subiicitur
977 4397 1203 4461 poena.
1315 4377 1662 4443 Diseessus
1720 4384 1939 4442 autem
1986 4377 2113 4442 Dei
2166 4377 2500 4461 praecisae

565 4464 1006 4532 damnationis
1048 4463 1309 4546 signum
1353 4462 1505 4528 fuit:
1551 4462 1705 4547 quia
1747 4483 1878 4529 nen
1914 4462 2037 4528 fuit
2069 4462 2259 4547 quasi
2303 4461 2384 4528 de
2427 4485 2500 4531 re

568 4553 846 4620 obseura
882 4548 1129 4614 diutius
1160 4547 1572 4632 litigandum.
1638 4548 1997 4632 Postquam
2040 4569 2198 4632 ergo
2234 4548 2500 4617 sceleris

564 4660 678 4705 eos
720 4635 1003 4703 convicit
1044 4634 1244 4711 Deus,
1303 4644 1370 4700 et
1412 4652 1646 4701 severa
1687 4634 2003 4719 gravique
2045 4633 2502 4719 obiurgatione

563 4726 871 4792 invectus
914 4731 1015 4786 est
1056 4727 1288 4786 contra
1327 4719 1867 4805 ingratitudinem
1912 4719 2164 4786 Mariae
2206 4729 2275 4785 et
2317 4720 2499 4786 Aha-

567 4830 710 4888 ron,
749 4805 1179 4893 pronunciata
1211 4805 1540 4872 sententia
1573 4826 1644 4871 se
1680 4814 1948 4889 repente
1970 4804 2272 4872 subducit
2291 4828 2329 4872 e
2365 4828 2501 4873 me·

568 4896 693 4963 dio.
758 4891 951 4977 Quod
976 4913 1129 4958 mox
1156 4893 1452 4974 sequitur
1487 4891 1725 4956 nubem
1761 4891 2127 4969 recessisse,
2165 4892 2500 4978 exegetiee

573 4980 874 5050 additum
911 4993 1041 5044 est:
1086 4977 1241 5061 quia
1264 4976 1481 5058 Deus,
1517 4977 1629 5060 qui
1656 4977 1880 5042 omnia
1908 4976 2157 5060 implet,
2202 4976 2341 5044 loce
2368 4999 2500 5044 non

567 5076 899 5135 movetur:
972 5063 1086 5131 sed
1152 5064 1291 5129 eius
1346 5085 1587 5129 nomen
1646 5062 1728 5128 ad
1785 5063 2025 5129 nubem
2082 5063 2499 5145 transfertur,

569 5174 736 5237 quae
780 5151 1190 5236 praesentiae
1234 5150 1373 5216 eius
1407 5151 1512 5216 vel
1548 5148 1882 5215 absentiae
1926 5157 2067 5214 erat
2108 5148 2498 5235 symbolum.

567 5240 832 5306 Poenae
866 5258 1025 5304 vero
1056 5256 1223 5321 quae
1248 5236 1501 5301 Mariae
1536 5234 1782 5300 inflicta
1819 5235 1944 5300 fuit
1977 5235 2225 5317 species
2254 5235 2500 5319 optime

568 5324 653 5390 ad
674 5323 956 5409 speciem
992 5323 1286 5408 quadrat.
1357 5320 1583 5389 Stulta
1617 5320 1855 5386 mulier
1885 5321 2057 5386 fastu
2089 5320 2320 5386 inflata
2353 5321 2501 5404 plus

568 5411 976 5497 appetiverat
1011 5432 1204 5494 quam
1241 5409 1341 5474 fas
1375 5417 1564 5476 esset.
1620 5406 1841 5473 Huius
1876 5406 2291 5491 arrogantiae
2323 5406 2503 5473 iusta

1973 491 2382 561 REDI'PUS
2425 492 2558 560 AD
2604 492 3149 561 HISTORIAM.

4421 490 4551 556 184

2607 681 2733 747 fuit
2754 703 3002 750 merces
3035 681 3398 768 ignominia
3433 678 3797 748 secundum
3832 678 4085 746 Christi
4120 678 4547 745 sententiam:

2608 766 2743 849 Qui
2796 790 2866 834 se
2912 767 3157 835 exaltat
3199 766 3651 833 humiliabitur
3686 763 3875 851 (Luc.
3923 764 4023 845 18,
4072 764 4200 853 14).
4246 762 4550 832 Sciamus

2608 874 2764 953 ergo
2787 855 3100 938 superbos
3142 873 3389 931 omnes,
3426 874 3557 936 quo
3589 853 3800 937 magis
3845 873 3953 918 ees
3998 849 4082 916 ad
4124 849 4550 934 cupiditatem

2608 938 2819 1006 illiciti
2882 940 3150 1007 honeris
3198 940 3373 1022 rapit
3416 959 3539 1004 sua
3582 938 3873 1016 ambitio,
3918 935 4085 1003 nihil
4130 935 4305 1002 aliud
4349 957 4551 1020 quam

2610 1025 2888 1092 dedecus
2923 1025 3048 1093 sibi
3085 1044 3448 1092 accersere:
3485 1031 3552 1090 et
3594 1023 3892 1107 quamvis
3936 1024 4018 1089 ad
4064 1033 4320 1107 tempus
4362 1043 4548 1106 mag-

2610 1111 2802 1178 nifice
2844 1111 3256 1196 triumphent
3274 1158 3290 1189 ‚
3326 1110 3470 1176 fieri
3512 1118 3734 1175 tamen
3782 1130 3911 1175 non
3958 1129 4151 1194 posse
4194 1109 4351 1193 quin
4398 1115 4549 1172 tan·

2611 1195 2760 1262 dem
2813 1219 3038 1264 eorum
3103 1197 3315 1283 gloria
3376 1198 3445 1261 in
3491 1195 3920 1281 ignominiam
3974 1203 4284 1262 vertatur.
4372 1192 4547 1260 Nam

2611 1282 2765 1365 quia
2821 1283 3068 1349 bellum
3127 1282 3492 1366 suscipiunt
3551 1302 3701 1347 enm
3748 1281 3889 1347 Deo
3932 1281 4299 1365 quicunque
4341 1301 4411 1346 se
4453 1287 4551 1344 at-

2609 1367 2870 1448 tollunt,
2918 1370 3132 1435 Deum
3171 1368 3303 1434 illis
3338 1388 3483 1433 cum
3519 1365 3917 1432 formidabili
3949 1385 4191 1432 manus
4234 1386 4392 1433 suae
4437 1385 4552 1449 po-

2610 1457 2815 1519 tentia
2857 1475 3196 1522 occurrere
3234 1474 3496 1521 necesse
3532 1461 3650 1532 est,
3688 1461 3759 1518 ut
3796 1472 4025 1517 eorum
4059 1453 4344 1519 furorem
4367 1471 4547 1518 com-

2606 1548 2850 1624 pescat.
2936 1541 3081 1606 Iam
3128 1560 3284 1607 vero
3326 1541 3694 1624 quicunque
3735 1538 3987 1604 invidia
4028 1537 4299 1621 impulsi
4340 1546 4550 1604 certa-

2607 1646 2758 1692 men
2796 1627 3164 1712 suscipiunt
3197 1645 3344 1693 cum
3382 1626 3522 1691 eius
3555 1624 3783 1705 servis,
3818 1624 3997 1690 illius
4033 1624 4306 1708 gloriam
4340 1644 4549 1708 quan-

2611 1722 2750 1777 tum
2804 1713 2875 1777 in
2919 1735 2989 1779 se
3033 1722 3133 1778 est
3175 1710 3452 1778 obruere
3501 1720 3851 1789 conantur,
3902 1709 4071 1776 dona
4114 1711 4382 1792 spiritus
4431 1708 4545 1775 ob-

2609 1797 2949 1865 scurando.
3014 1799 3120 1863 Ita
3163 1797 3327 1863 nihil
3373 1798 3613 1862 mirum
3649 1796 3709 1862 si
3728 1794 3913 1862 Deus
3956 1796 4385 1861 contumeliae
4418 1796 4546 1862 sibi

2609 1883 2830 1950 illatae
2866 1883 3131 1967 vindex,
3166 1904 3360 1968 quam
3396 1890 3737 1948 merentur
3773 1882 4110 1947 infamiam
4142 1881 4274 1948 illis
4310 1901 4546 1964 repen-

2612 1967 2757 2049 dat,
2815 1969 3006 2037 sicuti
3041 1971 3357 2053 seriptum
3402 1974 3529 2035 est:
3578 1965 3714 2050 Qui
3755 1988 3860 2033 me
3905 1966 4254 2049 honorant,
4296 1989 4405 2033 eos
4450 1968 4547 2033 vi-

2611 2056 2829 2122 cissim
2887 2055 3136 2123 honore
3179 2054 3498 2121 afficiam:
3545 2056 3658 2136 qui
3701 2073 3858 2119 vere
3901 2073 4006 2118 me
4048 2062 4389 2137 spernunt,
4432 2074 4547 2120 eos

2611 2140 2879 2207 reddam
2938 2140 3458 2224 contemptibiles
3509 2136 3597 2224 (1.
3654 2137 3833 2205 Sam.
3895 2138 3973 2214 2,
4029 2137 4160 2226 30).
4258 2137 4548 2206 Volebat

2610 2226 2828 2294 Maria
2860 2227 3050 2293 fratri
3089 2225 3371 2309 aequari,
3403 2246 3595 2309 quem
3632 2226 3815 2291 Deus
3852 2244 4008 2308 prae
4051 2224 4198 2290 aliis
4238 2224 4547 2293 omnibus

2612 2313 2971 2378 extulerat:
3032 2312 3153 2378 hec
3209 2311 3583 2396 assequitur
3628 2318 3700 2376 ut
3741 2331 3827 2376 ne
3871 2319 4239 2375 extremum
4281 2311 4546 2394 quidem

2614 2398 2934 2483 angulum
2988 2399 3058 2464 in
3115 2396 3355 2481 populo
3397 2403 3683 2479 occupet,
3730 2396 4037 2479 queniam
4080 2394 4419 2463 abdicatur
4463 2398 4546 2464 ab

2613 2484 2951 2550 hominum
2998 2484 3337 2551 consortio.
3425 2481 3660 2549 Simile
3703 2481 4082 2567 exemplum
4125 2481 4374 2548 editum
4421 2482 4547 2549 fuit

2611 2570 2680 2634 in
2739 2590 2895 2653 rege
2952 2569 3147 2649 Uzia,
3205 2569 3316 2653 qui
3365 2569 3550 2652 regia
3608 2566 3925 2652 dignitate
3979 2588 4110 2633 non
4169 2576 4541 2649 contentus,

2610 2676 2811 2739 quum
2869 2655 3161 2721 suffitum
3217 2662 3474 2738 praeter
3530 2654 3627 2719 fas
3687 2661 4007 2720 tentasset
4063 2653 4274 2719 faeere
4289 2705 4306 2735 ,
4361 2654 4546 2738 lepra

2612 2761 2868 2825 quoque
2917 2761 3270 2826 percussus
3335 2746 3465 2820 est,
3509 2746 3585 2804 ut
3627 2760 3714 2804 ne
3757 2738 4120 2806 tolerabilis
4163 2739 4424 2822 quidem
4468 2740 4541 2806 in

2608 2835 2799 2893 coetu
2854 2827 3055 2893 fuerit
3110 2834 3424 2911 tanquam
3482 2845 3656 2891 unus
3713 2847 3749 2889 e
3808 2824 4026 2909 vulgo.
4127 2824 4259 2892 Hie
4316 2834 4542 2892 tamen

2610 2913 2903 2979 nascitur
2958 2913 3279 2997 quaestio,
3335 2932 3540 2996 quum
3596 2909 3865 2977 Abaren
3924 2910 4153 2993 culpae
4195 2911 4395 2977 fuerit
4435 2932 4541 2977 so-

2608 2998 2779 3078 cius,
2822 3020 2940 3066 cur
2982 3020 3022 3064 a
3065 3019 3272 3082 poena
3307 2998 3392 3063 sit
3432 2995 3796 3062 immunis?
3866 2993 3942 3064 Si
3984 2995 4171 3061 nulla
4212 2996 4379 3062 ratio
4421 3018 4539 3063 ex-

2608 3092 2817 3151 staret
2868 3083 3182 3151 iudicium
3227 3092 3448 3149 tamen
3495 3082 3624 3149 Dei
3669 3082 3851 3149 nobis
3894 3079 4302 3148 adorandum
4346 3090 4537 3150 esset.

2606 3168 2838 3254 Neque
2903 3171 3082 3236 enim
3139 3179 3438 3235 nostrum
3480 3178 3578 3234 est
3595 3220 3612 3248 ‚
3681 3188 3882 3251 quum
3947 3168 4295 3235 miseretur
4351 3169 4540 3237 euius

2607 3256 2752 3321 vult
2807 3255 3125 3337 misereri,
3186 3256 3581 3339 obstrepere.
3672 3252 4040 3320 Probabilis
4103 3264 4325 3320 tamen
4372 3255 4540 3320 ratio

2607 3351 2879 3425 apparet
2912 3364 3029 3409 cnr
3064 3343 3333 3426 gravius
3362 3340 3683 3408 exarserit
3713 3340 3896 3406 Deus
3931 3340 4002 3405 in
4025 3339 4340 3406 Mariam:
4385 3341 4543 3425 quia

2605 3428 2819 3494 facem
2851 3428 3252 3511 praetulerat
3290 3428 3529 3511 impiae
3563 3426 3986 3504 contentioni,
4021 3427 4369 3510 fratrisque
4404 3427 4542 3492 ani-

2608 3533 2788 3580 mum
2834 3514 3246 3592 accenderat,
3292 3522 3368 3578 ut
3406 3513 3598 3579 initio
3640 3511 3874 3597 eapitis
3916 3511 4224 3578 vidimus.
4311 3511 4540 3593 Quare

2607 3601 2865 3684 culpam
2910 3600 2981 3665 in
3024 3620 3103 3665 ea
3144 3596 3428 3665 residere
3463 3619 3743 3683 aequum
3787 3597 3911 3663 fuit
3954 3618 4119 3682 quae
4166 3597 4320 3664 mali
4366 3598 4542 3681 prin-

2606 3686 2847 3770 cipium
2890 3687 3121 3753 fuerat.
3187 3685 3438 3751 Verum
3481 3685 3801 3762 existimo,
3847 3704 4046 3767 quum
4092 3683 4389 3751 Aharoni
4432 3705 4542 3768 pe-

2607 3773 2816 3856 percit
2830 3823 2846 3849 ,
2892 3771 3238 3839 sacerdotii
3283 3771 3598 3836 rationem
3643 3769 3985 3836 habuisse:
4031 3767 4202 3854 quod
4249 3770 4319 3836 in
4359 3769 4539 3836 illius

2606 3878 2886 3943 persona
2907 3857 3096 3942 quasi
3118 3865 3385 3924 aeterno
3452 3857 3641 3922 robro
3674 3855 4036 3922 subiectum
4072 3856 4254 3921 foret.
4314 3854 4541 3937 Quum

2607 3965 2763 4029 ergo
2821 3942 3147 4029 unigeniti
3199 3941 3319 4008 filii
3446 3941 3508 4007 ei
3564 3957 3631 4007 et
3675 3941 3854 4007 unici
3898 3940 4277 4008 mediatoris
4316 3942 4538 4026 imago

2606 4038 2779 4097 esset
2799 4029 3093 4110 Aharen,
3129 4035 3439 4111 tantaque
3476 4025 3759 4112 dignitas
3795 4048 4005 4111 nuper
4037 4029 4106 4093 in
4144 4028 4283 4111 ipso
4318 4047 4540 4111 sump-

2606 4116 2798 4183 sisset
2855 4112 3232 4194 exordium,
3297 4133 3699 4200 magnopere
3753 4112 4055 4178 interfuit
4125 4135 4276 4180 eum
4332 4112 4538 4179 eximi

2607 4225 2646 4269 a
2704 4201 2821 4267 tali
2877 4200 3271 4285 ignominia,
3331 4222 3413 4265 ne
3469 4198 3625 4283 quid
3671 4197 4012 4266 decederet
4054 4220 4388 4266 sacrorum
4431 4220 4535 4264 re·

2603 4288 2958 4359 versutiae.

2780 4374 2880 4439 11.
2923 4373 3097 4440 Tune
3128 4371 3293 4438 dixit
3319 4369 3582 4437 Akaron
3614 4370 3702 4437 ad
3734 4368 3968 4437 Mosen.
4036 4368 4356 4453 Quamvis
4392 4390 4540 4454 poe-

2605 4482 2759 4527 nam
2801 4459 2931 4525 Dei
2971 4457 3386 4543 indulgentia
3438 4455 3563 4522 sibi
3620 4457 3959 4522 remissam
4005 4477 4148 4523 esse
4190 4476 4538 4541 cognosce-

2602 4554 2705 4614 ret
2749 4546 3038 4621 Aharon,
3084 4565 3213 4610 non
3257 4554 3477 4609 tamen
3520 4541 3678 4626 quid
3721 4542 3997 4607 meritus
4039 4542 4126 4608 sit
4166 4539 4537 4626 expendere

2604 4632 2859 4699 desinit.
2918 4629 3056 4697 Nee
3098 4650 3257 4697 vere
3292 4627 3805 4713 exspectandum
3849 4639 3948 4693 est
3993 4627 4150 4693 dum
4193 4649 4313 4695 nos
4347 4628 4538 4694 feriat

2603 4720 2822 4786 Deus:
2867 4737 3099 4785 verum
3133 4717 3290 4801 quia
3325 4715 3485 4781 alios
3524 4713 3900 4798 castigando
3942 4712 4024 4778 ad
4066 4713 4536 4796 poenitentiam

2606 4825 2725 4870 nos
2749 4804 3077 4883 hortatur,
3121 4802 3420 4885 quamvis
3459 4821 3500 4866 a
3543 4799 3732 4866 nobis
3764 4798 4107 4875 abstineat,
4151 4821 4236 4865 ex
4276 4797 4537 4865 illorum

2604 4889 2830 4975 poenis
2875 4896 3130 4954 mature
3173 4907 3292 4953 nes
3344 4888 3655 4970 preficere
3700 4892 3972 4969 opertet.
4062 4885 4242 4970 Ergo
4298 4884 4540 4951 sororis

2608 4973 2984 5043 deformitas
3040 4973 3421 5040 Aharonem
3474 4979 3725 5038 terrere
3767 4983 3833 5038 et
3875 4977 4055 5037 metu
4099 4970 4412 5054 perculit,
4462 4978 4538 5035 ut

2604 5061 2678 5127 in
2721 5082 2790 5127 se
2836 5058 3236 5126 descendens
3271 5064 3653 5144 agnosceret
3687 5078 3760 5123 se
3792 5057 4146 5123 obnoxium
4192 5055 4392 5124 simili
4435 5056 4534 5121 iu-

2607 5146 2790 5214 dicio.
2873 5144 3172 5228 Supplex
3213 5154 3434 5210 autem
3478 5143 3683 5210 oratio
3728 5142 4013 5209 ostendit
4053 5143 4354 5210 subactos
4396 5163 4541 5209 esse

2606 5234 2772 5299 altos
2830 5231 2979 5297 illos
3037 5231 3341 5314 spiritus,
3386 5230 3497 5315 qui
3545 5250 3696 5296 eum
3740 5238 4096 5312 rapuerant
4139 5230 4223 5294 ad
4268 5249 4537 5313 pravam

2606 5318 3139 5397 aemulationem,
3194 5317 3429 5384 Mosen
3485 5315 3594 5400 qui
3630 5316 3845 5382 minor
3889 5322 4032 5380 erat
4075 5325 4234 5380 natu
4252 5364 4269 5395 ,
4327 5335 4368 5381 a
4410 5333 4540 5397 qno

2606 5403 2932 5472 secundus
2975 5424 3117 5470 esse
3161 5424 3371 5487 nuper
3413 5423 3544 5469 nen
3590 5401 3854 5482 tulerat,
3897 5421 4071 5468 nune
4115 5400 4399 5484 appellat
4431 5397 4546 5466 do—
