5017 6142
433 426 559 495 257

639 665 1061 734 EIUSDEM
1104 664 1616 733 HISTORIAE
1662 664 2183 734 REPE'I'I'PIO.

991 872 1122 939 Ex
1168 872 1435 940 DEU'P.
1481 870 1678 940 OAP.
1723 872 1815 939 H.

476 1100 479 1103 Α
602 1045 706 1111 24.
771 1042 1047 1128 Suryite,
1091 1041 1612 1126 proficiscimini,
1654 1050 1713 1111 et
1752 1045 2014 1111 transite
2053 1048 2378 1111 torrentem

428 1132 672 1198 Arnon.
776 1129 933 1196 Vide
947 1180 963 1211 ,
1027 1129 1171 1196 dedi
1237 1130 1307 1195 in
1364 1149 1622 1195 manum
1687 1135 1862 1197 tuam
1922 1129 2116 1196 Sihon
2172 1150 2379 1214 recem

429 1216 676 1283 Hesbon
692 1266 709 1296 ,
761 1215 1227 1283 Amorrhaeum
1258 1219 1315 1281 et
1346 1219 1579 1282 terram
1610 1216 1765 1296 eius,
1806 1216 2011 1299 incipe
2031 1216 2373 1299 possidere,

430 1309 487 1369 et
529 1304 764 1370 dimica
794 1301 1035 1385 proelio
1083 1321 1223 1367 cum
1276 1321 1359 1367 eo.
1444 1300 1549 1367 25.
1616 1300 1824 1368 Hodie
1876 1302 2180 1385 incipiam
2224 1300 2379 1368 dare

414 1408 722 1474 pavorem
754 1388 848 1453 tui
882 1392 939 1453 et
964 1386 1365 1470 formidinem
1400 1388 1497 1452 tui
1528 1407 1721 1469 super
1747 1386 1977 1470 faciem
1999 1387 2378 1472 populorum

427 1475 538 1557 qui
588 1478 735 1540 sunt
787 1472 902 1539 sub
956 1477 1074 1539 toto
1125 1471 1280 1539 coelo
1296 1522 1312 1553 ,
1366 1473 1478 1555 qui
1533 1473 1872 1539 audierunt
1904 1472 2149 1556 famam
2184 1478 2376 1554 tuam,

427 1566 483 1627 et
525 1558 870 1642 pavebunt,
936 1558 1344 1640 amatumque
1399 1580 1443 1625 a
1487 1557 1652 1641 faeie
1703 1564 1832 1625 tua.
1919 1559 2021 1624 26.
2080 1557 2169 1624 Et
2223 1559 2376 1625 misi

424 1647 686 1713 nuncios
724 1666 759 1712 e
807 1647 1042 1712 deserto
1100 1642 1416 1710 Gedemotb
1478 1645 1562 1711 ad
1623 1642 1819 1712 Silam
1871 1665 2072 1729 reyem
2128 1642 2375 1711 Hesbon

422 1731 626 1799 verbis
674 1731 996 1814 pacificis,
1059 1730 1344 1797 dicendo.-
1404 1730 1510 1796 27.
1573 1730 1924 1798 Transeam
1966 1750 2091 1813 per
2138 1735 2374 1797 terram

425 1824 630 1900 tuam,
662 1838 783 1900 per
824 1817 993 1882 viam
1035 1816 1378 1898 ambulabO,
1421 1837 1543 1882 non
1585 1815 1896 1883 declinabo
1938 1817 2023 1882 ad
2056 1816 2373 1882 dexteram

423 1924 532 1970 nec
594 1904 682 1970 ad
738 1903 1083 1970 sinistram.
1169 1902 1274 1968 28.
1348 1900 1568 1968 Oibum
1632 1908 1883 1986 arqento
1936 1901 2157 1968 vendes
2211 1900 2373 1968 mibi

422 1995 494 2056 ut
553 1989 892 2057 comedam.-
954 2008 1188 2071 aquam
1250 1994 1499 2073 arqento
1561 1987 1744 2054 dabis
1804 1987 1963 2055 mihi
2025 1992 2095 2053 ut
2147 1986 2370 2069 bibam,

423 2081 669 2142 tantum
743 2075 1020 2140 transibo
1072 2073 1343 2157 pedibus
1402 2074 1591 2140 meis.-
1669 2073 1773 2139 29.
1849 2073 2373 2156 Quemadmodum

417 2163 696 2247 fecerunt
725 2160 887 2226 milti
916 2160 1048 2242 filii
1079 2159 1268 2226 Esau
1299 2159 1411 2241 qui
1443 2159 1725 2225 habitant
1762 2159 1832 2226 in
1881 2157 2040 2237 Scir,
2087 2164 2143 2224 et
2183 2158 2370 2226 Moa-

421 2248 585 2315 bitae
637 2247 751 2330 qui
807 2245 1087 2311 habitant
1138 2247 1209 2311 in
1262 2245 1398 2310 Ar:
1444 2244 1629 2311 donec
1680 2247 1990 2311 transiero
2035 2244 2372 2311 Iordanem

421 2335 506 2401 ad
537 2338 774 2399 terram
816 2352 1010 2414 quam
1036 2331 1273 2397 lehova
1298 2330 1480 2397 Deus
1514 2336 1716 2397 noster
1750 2330 1858 2397 dat
1891 2330 2085 2397 nobis.
2144 2330 2247 2396 30.
2283 2330 2375 2396 Et

421 2419 623 2486 noluit
669 2416 864 2484 Sileon
904 2438 1015 2484 rex
1050 2414 1297 2484 Hesbon
1337 2422 1406 2483 ut
1446 2418 1865 2483 transiremus
1886 2437 2008 2498 per
2046 2436 2187 2482 sua.
2257 2416 2371 2482 In-

420 2507 761 2573 duraverat
816 2504 981 2569 enim
1040 2502 1267 2570 Iehova
1321 2502 1504 2569 Deus
1553 2507 1703 2570 tuus
1741 2503 2045 2585 spiritum
2086 2503 2259 2569 eius.-
2315 2507 2372 2570 et

681 2593 854 2656 verat
894 2609 999 2655 cor
1032 2590 1202 2665 eius,
1247 2593 1319 2654 ut
1359 2589 1540 2655 daret
1579 2590 1833 2654 eumin
1874 2608 2073 2654 manu
2114 2593 2258 2666 tua,
2302 2593 2371 2654 ut

419 2677 598 2744 bodie
662 2681 768 2741 est.
856 2674 960 2740 31.
1025 2674 1222 2741 Dixit
1284 2679 1494 2740 autem
1558 2673 1790 2741 Iehova
1854 2673 1941 2739 ad
1996 2694 2121 2740 me.-
2192 2674 2367 2756 Vide,

418 2766 553 2830 iam
595 2763 763 2845 coepi
794 2760 951 2826 dare
984 2778 1196 2827 coram
1237 2764 1295 2825 te
1340 2758 1559 2839 Sihon,
1604 2765 1662 2825 et
1702 2764 1935 2825 terram
1970 2761 2109 2826 eius
2162 2761 2370 2842 incipe

406 2849 762 2933 possidere,
827 2852 899 2911 ut
948 2846 1282 2928 possideas
1345 2850 1575 2912 terram
1638 2845 1791 2912 eius.
1880 2845 1984 2912 32.
2191 2865 2369 2912 essus

418 2940 511 3001 est
543 2939 750 3000 autem
788 2931 982 2998 Sileon
1013 2932 1087 2998 in
1118 2951 1438 2998 occursum
1469 2935 1751 2998 nostrum
1783 2932 1921 3012 ipse
1949 2937 2007 2998 et
2035 2933 2369 2998 univoesus

404 3021 690 3105 populus
723 3020 862 3085 eius
902 3018 991 3085 ad
1027 3017 1343 3099 proelium
1383 3019 1456 3084 in
1500 3016 1718 3084 [ahos.
1805 3017 1910 3083 33.
1976 3016 2066 3082 Et
2090 3017 2371 3084 tradidit

415 3106 602 3173 illum
638 3104 866 3171 Iehova
906 3103 1086 3169 Deus
1128 3109 1328 3169 noster
1366 3123 1576 3170 coram
1602 3103 1796 3180 nobis,
1822 3103 2370 3187 percussimusque

416 3212 563 3258 eum
621 3197 677 3256 et
721 3189 889 3272 filios
943 3190 1109 3269 eius,
1158 3194 1216 3255 et
1270 3193 1480 3288 totum·
1491 3189 1799 3273 populum
1841 3190 1993 3255 eius.
2083 3189 2186 3255 34.
2257 3188 2368 3256 Oe-

406 3297 634 3429 {issss‘}
671 3296 910 3428 Ἦηὲἔ
949 3296 1166 3441 σψἭῗ,
1200 3276 1391 3427 ‘irai-2⁸³
1423 3279 1991 3442 messaffffl'i’
2023 3277 2369 3442 ἕαέἱῖἔῖ

413 3470 537 3516 non
579 3447 952 3530 reliquimus
992 3447 1399 3530 superstitem.
1466 3445 1569 3513 35.
1624 3446 2061 3512 Verumtamen
2093 3448 2372 3513 iumenta

402 3534 704 3618 praedati
735 3553 961 3599 sumus
1000 3532 1194 3614 nobis,
1239 3539 1298 3598 et
1329 3534 1535 3616 spolia
1578 3532 1832 3598 urbium
1872 3553 2034 3614 quas
2074 3534 2368 3615 cepimus.

414 3620 519 3686 36.
591 3618 693 3685 Ab
737 3620 943 3685 Aroer
984 3639 1143 3701 quae
1184 3622 1275 3683 est
1316 3618 1499 3685 iuxta
1538 3619 1754 3700 ripam
1807 3619 2102 3684 torrentis
2145 3619 2371 3684 Arnon

415 3710 473 3773 et
526 3705 679 3772 urbe
729 3724 889 3786 quae
927 3709 1016 3770 est
1057 3705 1126 3770 in
1170 3702 1359 3786 valle,
1401 3724 1600 3787 usque
1640 3705 1727 3770 ad
1774 3703 2036 3783 Gilead,
2078 3724 2206 3769 non
2246 3704 2374 3786 fuit

416 3791 570 3858 urbs
636 3810 796 3874 quae
861 3791 1144 3875 effuyerit
1184 3810 1227 3855 a
1270 3790 1442 3857 nobis
1458 3841 1474 3871 ,
1538 3809 1747 3856 omnes
1810 3790 2076 3857 tradidit
2140 3789 2370 3857 Iehova

416 3877 602 3944 Deus
635 3880 836 3942 noster
869 3896 1077 3942 coram
1110 3876 1303 3942 nobis.
1369 3876 1474 3942 37.
1538 3875 1985 3942 Tantummodo
2016 3875 2103 3942 ad
2135 3881 2370 3943 terram

413 3963 699 4045 filiorum
733 3962 1001 4027 Ammon
1032 3982 1154 4027 non
1196 3961 1527 4044 accessisti,
1572 3981 1808 4028 omnem
1851 3961 2047 4028 locum
2081 3963 2369 4029 torrentis

421 4048 674 4129 Iabboc,
742 4053 797 4113 et
850 4046 1036 4114 urbes
1094 4052 1448 4128 montanas,
1518 4051 1696 4130 atque
1747 4048 1956 4113 omnia
2013 4047 2089 4112 de
2144 4047 2370 4131 quibus

410 4135 733 4217 praecepit
778 4132 1011 4200 Iekova
1053 4132 1232 4200 Deus
1271 4140 1493 4200 noster.

597 4305 798 4371 Num.
844 4306 949 4386 21,
991 4306 1094 4373 21.
1143 4304 1328 4371 Misit
1372 4304 1601 4371 Israel.
1689 4303 1961 4371 Plenior
2018 4311 2118 4371 est
2162 4304 2368 4372 altera

422 4392 718 4458 narratio
762 4413 957 4475 quam
1004 4414 1086 4457 ex
1129 4392 1359 4474 quinto
1401 4389 1570 4457 libro
1627 4391 2050 4457 subiecimus:
2111 4411 2194 4457 ex
2238 4412 2366 4475 qua

424 4486 649 4544 tamen
736 4477 986 4545 uacatio
1039 4477 1366 4556 exoritur,
1424 4498 1734 4560 quorsum
1794 4478 1995 4544 missa
2032 4477 2229 4542 fuerit
2270 4477 2363 4542 le-

513 4565 603 4629 tio
772 4585 844 4630 re
891 4584 997 4628 em
1039 4560 1248 4630 Sihon
1296 4562 1481 4628 cuius
1527 4562 1687 4628 ditio
1732 4563 1861 4629 iam
1921 4560 2183 4629 addicta
2226 4572 2365 4628 erat

497 4650 766 4716 raelitis.
933 4649 1131 4715 ‘nime
1176 4648 1351 4714 enim
1394 4656 1906 4715 consentaneum
1951 4646 2213 4715 videtur
2258 4669 2364 4732 pa-

424 4736 522 4802 cis
586 4733 992 4802 conditiones
1056 4735 1290 4800 offerre
1352 4733 1463 4799 ubi
1528 4733 1860 4802 decretum
1921 4743 2022 4801 est
2099 4733 2360 4801 bellum.

427 4820 622 4887 Iubet
665 4822 849 4888 Deus
893 4822 1206 4906 populum
1249 4841 1434 4886 arma
1475 4839 1738 4905 capere:
1796 4820 2184 4904 pronunciat
2226 4821 2362 4887 fore

431 4907 766 4984 victorem,
808 4916 883 4973 ut
927 4918 1170 4974 terram
1215 4907 1387 4991 regis
1423 4903 1635 4972 Sihon
1678 4906 1821 4971 iure
1864 4905 2015 4971 belli
2060 4916 2359 4990 occupet:

430 4991 589 5076 quid
635 5014 790 5077 ergo
850 4992 1194 5059 absurdius
1257 5013 1451 5076 quam
1508 4993 1837 5076 postulare
1881 4992 1962 5058 ab
2008 5013 2084 5057 eo
2128 5001 2204 5057 ut
2247 5012 2360 5075 pa-

432 5079 594 5145 catis
651 5079 933 5145 transire
991 5077 1231 5146 liceat?
1318 5076 1395 5144 Si
1451 5077 1516 5142 id
1578 5079 1821 5161 absque
1864 5077 1995 5145 Dei
2052 5078 2361 5144 mandato

436 5165 714 5231 tentavit
756 5165 1004 5245 Moses,
1065 5165 1256 5246 culpa
1318 5184 1452 5229 non
1510 5165 1775 5230 vacavit
1818 5172 2007 5230 tanta
2049 5163 2358 5231 facilitas:

435 5250 587 5333 quia
628 5271 907 5335 magnae
951 5250 1336 5316 temeritatis
1379 5250 1502 5315 fuit
1541 5249 1924 5334 promittere
1980 5249 2153 5333 quod
2196 5250 2361 5315 divi-

438 5336 610 5403 nitus
677 5345 983 5421 negatum
1054 5348 1213 5402 erat.
1315 5333 1508 5417 Quod
1578 5338 1631 5401 si
1700 5336 2059 5403 dixerimus
2113 5336 2362 5421 legatos

602 5426 822 5495 Caluini
855 5456 1035 5511 opera.
1118 5438 1231 5495 Vol.
1268 5437 1387 5493 XX
1400 5439 1455 5495 V.

1838 425 2245 496 REDITUS
2288 426 2421 495 AD
2464 426 3012 497 HISTORIAM.

4293 427 4428 497 258

2480 616 2608 682 Dei
2645 616 2916 684 arbitrio
2950 626 3019 684 et
3059 620 3240 686 iussu
3277 618 3478 686 fuisse
3522 617 3863 703 profectos,
3906 639 4033 704 quo
4072 628 4421 703 praetextu

2477 704 2899 769 excusabitur
2941 703 3314 770 simulatio?
3393 704 3624 789 Neque
3666 705 3841 771 enim
3887 706 4192 773 convenit
4233 706 4420 771 blan·

2479 786 2578 854 dis
2639 788 2857 855 verbis
2921 797 2989 856 et
3031 790 3603 874 pollicitationibus
3645 791 3935 857 mulcere
3979 812 4172 875 quem
4218 792 4422 858 exitio

2478 872 2926 941 destinaveris.
2994 875 3317 961 Equidem
3362 884 3597 952 statue,
3641 877 3943 960 quamvis
3963 876 4183 942 Deum
4220 898 4417 943 even·

2478 970 2588 1026 tus
2647 982 2777 1025 non
2831 960 3094 1042 lateret,
3154 962 3443 1027 eiusdem
3497 962 3680 1028 iussu
3721 981 3799 1027 ac
3842 962 4102 1029 decreto
4143 961 4420 1047 legatio·

2477 1065 2634 1110 nem
2690 1045 3121 1114 nihilominus
3181 1048 3382 1114 fuisse
3438 1046 3703 1114 missam
3723 1098 3739 1125 ,
3799 1068 3967 1131 quae
4023 1048 4419 1115 obstinatam

2478 1132 2697 1213 gentis
2741 1131 3217 1199 immanitatem
3265 1131 3615 1216 detegeret.
3687 1131 3943 1199 Verum
3987 1133 4144 1218 quia
4179 1154 4419 1200 arcana

2480 1216 2607 1281 Dei
2650 1215 2892 1283 iudicia
2934 1218 3127 1303 longe
3171 1239 3403 1286 sensus
3446 1226 3702 1285 nostros
3747 1219 4240 1298 transcendunt,
4286 1218 4418 1286 dis·

2476 1322 2707 1368 camus
2763 1322 2988 1369 eorum
3047 1304 3465 1371 altitudinem
3524 1304 3873 1387 suspicere.
3975 1307 4195 1389 Atque
4254 1305 4419 1372 haec

2475 1388 2793 1454 sobrietas
2833 1388 3044 1455 instar
3085 1391 3294 1456 fraeni
3338 1391 3732 1475 proterviam
3776 1400 4066 1457 nostram
4103 1401 4418 1472 coerceat,

2476 1475 2775 1558 quamvis
2816 1472 3004 1540 nobis
3046 1475 3382 1560 incognita
3414 1478 3501 1542 sit
3533 1495 3804 1559 operum
3831 1475 3956 1543 Dei
3992 1478 4178 1559 ratio,
4213 1497 4416 1562 penes

2473 1559 2693 1643 ipsum
2738 1567 2960 1625 tamen
3005 1581 3264 1645 semper
3305 1560 3609 1628 residere.
3701 1559 3967 1628 Sciebat
4008 1561 4194 1628 Deus
4237 1562 4415 1648 lega-

2475 1653 2578 1710 tos
2620 1644 2820 1729 surdo
2864 1647 3062 1712 verba
3103 1645 3422 1714 facturos:
3482 1668 3696 1730 neque
3742 1656 3963 1713 tamen
4011 1667 4124 1714 eos
4168 1649 4415 1715 frustra

2472 1730 2657 1796 iubet
2701 1731 3037 1813 proficisci.
3104 1732 3277 1798 Nam
3322 1733 3474 1816 quia
3518 1731 3678 1798 ditio
3725 1731 3934 1800 Sihon
3979 1735 4243 1817 proprie
4277 1754 4415 1800 non

2472 1815 2930 1882 continebatur
2961 1818 3031 1882 in
3067 1829 3244 1884 terra
3278 1819 3615 1902 promissa,
3653 1839 3785 1884 non
3821 1819 4005 1886 licuit
4032 1819 4185 1885 filiis
4206 1819 4414 1887 Israel

2473 1902 2676 1968 armis
2737 1901 3121 1986 confligere,
3201 1903 3406 1970 donec
3482 1903 3730 1970 iniusta
3792 1905 4053 1987 repulsa
4129 1903 4416 1972 fuissent

2470 1988 2829 2071 provocati.
2897 1987 3010 2056 Sic
3045 1989 3249 2073 igitur
3283 1990 3596 2056 historiae
3638 1991 3872 2057 seriem
3909 2003 4204 2057 contexo.
4271 1991 4413 2057 An·

2473 2083 2737 2157 tequam
2781 2074 3091 2141 certiores
3135 2074 3215 2140 de
3260 2084 3499 2141 eventu
3543 2085 3611 2140 et
3654 2076 3925 2142 victoria
3981 2076 4137 2143 sacti
4195 2085 4415 2143 essent

2471 2179 2555 2225 ex
2593 2160 2721 2225 Dei
2764 2168 3129 2244 praecepto,
3177 2161 3432 2227 misisse
3475 2161 3726 2247 legatos
3770 2162 3878 2246 qui
3918 2162 4272 2228 transitum
4308 2163 4413 2228 in-

2471 2265 2755 2311 nocuum
2798 2245 2923 2312 sibi
2968 2245 3113 2312 dari
3155 2246 3625 2330 postulassent:
3684 2257 3750 2312 et
3806 2248 3961 2332 quia
4016 2247 4288 2333 indigne
4346 2258 4414 2314 et

2470 2330 2935 2398 contumeliose
3001 2332 3327 2414 repudiati
3394 2341 3581 2413 sunt,
3658 2331 3893 2398 deinde
3958 2335 4060 2399 ius
4123 2333 4413 2400 bellandi

2469 2417 2672 2484 fuisse
2714 2415 2845 2484 illis
2888 2438 3284 2485 concessum.
3354 2418 3429 2485 Si
3474 2418 3578 2485 cui
3619 2418 3832 2502 magis
3874 2419 4139 2501 placeat,
4178 2419 4412 2486 Mosen

2471 2510 2819 2586 antequam
2860 2523 3088 2588 pacem
3135 2511 3422 2570 tentaret
3462 2503 3866 2569 admonitum
3915 2505 4110 2570 fuisse
4154 2503 4236 2570 de
4275 2513 4414 2572 tota

2471 2610 2578 2666 re,
2624 2609 2757 2654 non
2803 2587 3154 2667 contendo,
3216 2589 3426 2673 magis
3470 2600 3689 2654 tamen
3735 2589 4067 2673 probabile
4110 2590 4409 2669 arbitror,

2472 2693 2772 2757 sperasse
2848 2693 3074 2758 pacem
3196 2695 3349 2740 uam
3428 2675 3806 2759 quaerebat:
3888 2675 4042 2758 quia
4121 2675 4412 2742 nondum

2472 2758 2876 2843 patefactum
2948 2768 3093 2827 erat
3227 2760 3290 2825 ei
3365 2759 3699 2826 iudicium.
3813 2762 3993 2845 Ergo
4057 2760 4115 2826 si
4177 2783 4412 2846 passus

2471 2846 2707 2911 fuisset
2764 2844 2979 2911 Sihon
3040 2867 3110 2912 se
3164 2849 3455 2924 exorari,
3521 2867 3857 2930 nunquam
3925 2868 4123 2913 ausus
4181 2847 4410 2914 fuisset

2475 2932 2696 2997 Moses
2737 2930 3065 2997 hostiliter
3107 2953 3256 2998 cum
3301 2952 3379 2997 ec
3423 2951 3646 3017 agere:
3693 2933 3849 3016 quin
3897 2934 4114 3016 potius
4157 2931 4409 3017 simpli-

2471 3017 2638 3084 citer
2679 3037 2756 3083 ac
2798 3016 2968 3083 bona
3009 3015 3140 3083 fide
3197 3017 3525 3101 pollicitus
3583 3024 3684 3084 est
3737 3037 3815 3083 ac
3871 3019 4109 3084 obtulit
4162 3038 4408 3103 pacem,

2471 3124 2668 3187 quam
2724 3111 3059 3186 praestare
3124 3102 3195 3167 in
3260 3104 3478 3169 animo
3543 3103 3855 3169 habebat:
3922 3124 4153 3172 verum
4219 3103 4412 3187 aliter

2471 3197 2792 3256 statuerat
2814 3189 3016 3269 Deus,
3059 3188 3253 3255 sicuti
3293 3211 3367 3255 re
3407 3190 3552 3273 ipsa
3584 3188 3850 3255 tandem
3885 3191 4115 3274 patuit.
4182 3186 4411 3274 Neque

2472 3282 2693 3340 tamen
2737 3273 2883 3340 ideo
2926 3295 3147 3341 secum
3206 3276 3345 3359 ipse
3401 3276 3755 3360 pugnavit,
3814 3282 3930 3340 aut
3982 3275 4111 3341 fuit
4167 3277 4409 3356 varius,

2469 3360 2724 3445 legatos
2781 3360 2865 3426 ad
2921 3360 3262 3425 hominum
3306 3359 3636 3446 perditum
3680 3369 3745 3426 et
3788 3359 4150 3427 obstinatae
4192 3362 4409 3444 pervi-

2470 3445 2686 3512 caciae
2731 3444 3068 3512 mittendo.
3156 3446 3350 3512 Nam
3371 3446 3496 3513 h‘oc
3538 3443 3730 3511 modo
3774 3445 4030 3513 sublata
4073 3448 4408 3514 excusatio

2470 3531 2618 3609 fuit,
2665 3552 2865 3615 quum
2909 3539 3143 3615 sponte
3190 3532 3357 3598 bello
3399 3532 3746 3599 lacesseret
3789 3531 4122 3616 populum,
4167 3533 4281 3617 qui
4324 3532 4407 3599 ad

2469 3638 2694 3702 pacem
2740 3626 2809 3683 et
2851 3618 3247 3702 aequitatem
3332 3637 3651 3701 repensus
3687 3638 3763 3683 ac
3797 3617 4212 3685 voluntarius
4247 3628 4408 3685 erat.

2470 3703 2654 3783 Quin
2713 3704 2932 3789 potius
2988 3702 3060 3768 in
3118 3639 3563 3769 hachistoria
3608 3703 3808 3770 veluti
3851 3703 3920 3767 in
3964 3704 4225 3786 speculo
4267 3725 4409 3772 cer·

2469 3810 2628 3855 nere
2671 3789 2853 3868 licet,
2899 3786 3056 3854 dum
3100 3791 3409 3874 reprobos
3453 3788 3535 3855 ad
3579 3789 4049 3872 poenitentiam
4097 3789 4406 3867 sollicitat

2468 3875 2686 3953 Deus,
2733 3883 2799 3941 et
2843 3873 2925 3939 ad
2970 3896 3152 3959 spem
3198 3875 3429 3941 salutis
3462 3875 3732 3955 invitat,
3793 3896 3921 3940 non
3969 3874 4095 3940 alio
4139 3875 4409 3942 tendere

2468 3980 2666 4045 quam
2726 3969 2802 4026 ut
2843 3959 2941 4024 illi
2987 3961 3238 4026 detecta
3281 3981 3400 4026 sua
3442 3961 3778 4044 impietate
3817 3958 4177 4027 reddantur
4218 3963 4411 4027 inex-

2467 4046 2806 4115 cusabiles.
2895 4044 3047 4128 Quo
3104 4045 3424 4112 refellitur
3480 4067 3707 4112 eorum
3749 4046 4007 4112 inscitia
4050 4047 4161 4131 qui
4205 4068 4288 4112 ex
4332 4069 4410 4114 eo

2467 4133 2786 4216 colligunt
2827 4133 3131 4198 omnibus
3175 4133 3538 4216 promiscue
3580 4131 3859 4198 liberum
3902 4151 4044 4198 esse
4103 4133 4411 4216 amplecti

2468 4217 2596 4284 Dei
2661 4218 2942 4302 gratiam
2965 4265 2980 4293 ,
3045 4218 3199 4301 quia
3261 4218 3624 4283 communis
3689 4226 3791 4284 est
3846 4216 4143 4283 doctrina
4197 4229 4265 4285 et
4323 4219 4407 4285 ad

2466 4325 2693 4370 omnes
2737 4302 2880 4371 sine
2923 4303 3303 4386 exceptione
3357 4301 3682 4387 dirigitur.
3772 4301 3980 4384 Quasi
4040 4324 4196 4370 vero
4255 4326 4402 4371 nes-

2466 4389 2706 4457 civerit
2746 4388 2935 4455 Deus
2977 4388 3130 4472 quid
3190 4409 3622 4472 responsurus
3675 4397 3848 4454 esset
3892 4386 4140 4470 Sihon,
4165 4447 4172 4457 .
4201 4411 4405 4474 quum

2470 4475 2680 4541 voluit
2721 4473 2940 4557 ipsum
2985 4470 3211 4540 amicis
3255 4486 3321 4540 et
3355 4475 3601 4557 pacatis
3637 4473 3855 4540 verbis
3891 4473 3975 4540 ad
4011 4475 4405 4558 aequitatem

2464 4558 2734 4627 adduci:
2781 4569 2896 4625 aut
2941 4560 3123 4644 quasi
3170 4581 3253 4625 ex
3296 4559 3499 4626 libero
3533 4560 3803 4625 arbitrio
3848 4580 4166 4644 suspensa
4208 4561 4406 4627 fuerit

2464 4646 2590 4713 Dei
2637 4645 2943 4712 voluntas
2977 4645 3189 4729 quoad
3228 4646 3490 4723 bellum,
3528 4645 3699 4729 quod
3734 4645 3927 4729 paulo
3962 4652 4110 4729 post
4144 4654 4399 4730 gestum

2463 4740 2566 4798 est
2609 4753 2692 4798 ex
2735 4731 2877 4796 eius
2922 4731 3198 4797 decreto.
3286 4731 3479 4812 Quod
3524 4752 3679 4816 ergo
3722 4730 3830 4796 hic
3873 4731 4161 4796 breviter
4206 4731 4405 4798 refer·

2460 4824 2573 4883 tur
2607 4818 2762 4901 quia
2796 4837 2914 4902 per
2948 4839 3017 4882 se
3050 4817 3395 4883 obscurum
3434 4828 3624 4897 esset,
3669 4839 3751 4883 ex
3782 4817 3989 4882 altera
4025 4818 4400 4895 narratione

2462 4923 2789 4988 exponere
2831 4910 3105 4985 oportet,
3151 4902 3261 4967 ubi
3307 4903 3400 4970 sic
3442 4901 3754 4968 habetur:

2634 4988 2831 5055 Deut.
2878 4987 2938 5066 2,
2983 4987 3089 5054 24.
3141 4987 3390 5073 Suryite
3424 4987 3916 5071 proficiscimini.
3983 4985 4145 5050 Dixi
4191 5007 4402 5071 nuper

2460 5075 2531 5139 in
2576 5074 2685 5139 his
2733 5073 2950 5140 verbis
3006 5075 3341 5140 inversum
3406 5095 3551 5141 esse
3608 5072 3919 5139 ordinem.
4007 5070 4182 5135 Nam
4227 5073 4398 5155 quod

2462 5160 2659 5244 paulo
2712 5170 2858 5243 post
2914 5160 3235 5243 sequitur:
3300 5159 3455 5225 Misi
3512 5158 3784 5225 nuncios
3843 5178 3878 5221 e
3937 5154 4222 5235 deserte,
4279 5168 4397 5225 etc.

2462 5267 2608 5312 meo
2657 5244 2926 5327 iudicia,
2980 5246 3162 5329 quasi
3209 5266 3326 5328 per
3371 5244 3792 5328 parenthesin
3839 5240 4117 5307 inseruit
4160 5243 4402 5311 Moses.

2462 5330 2621 5397 Ideo
2677 5340 2826 5415 apte
2891 5352 3010 5415 per
3066 5337 3327 5414 tempus
3384 5327 4082 5414 plusquamperfectum
4144 5337 4408 5398 vertere
