5017 6142
559 412 684 477 171

560 596 775 668 Iacob.
861 596 952 662 Et
995 603 1170 659 certe
1213 592 1475 659 videtur
1521 591 1627 657 hic
1664 590 1866 657 fuisse
1908 589 2040 655 illis
2085 590 2272 674 quasi
2307 610 2490 657 sacer

561 700 910 752 numerus:
967 688 1042 746 ut
1099 681 1166 744 in
1212 678 1590 743 memoriam
1632 684 2053 742 revocaretur
2096 676 2335 759 exigua
2376 675 2492 740 illa

563 789 798 835 manus
842 789 881 832 a
923 787 1052 850 qua
1095 772 1429 829 traxerant
1485 762 1823 846 originem.
1911 761 2083 826 Nam
2142 768 2492 843 antequam

563 856 678 921 lex
733 851 1292 938 promulgaretur,
1351 850 1567 914 iussus
1626 847 1749 912 fuit
1800 846 2020 912 Moses
2076 846 2494 929 septuaginta

565 961 789 1009 secum
832 939 1151 1020 accipere,
1209 933 1320 1017 qui
1362 933 1579 1017 ipsum
1625 933 1698 997 in
1748 941 2033 997 montem
2079 930 2492 1011 deducerent,

567 1036 645 1093 ut
700 1031 919 1092 essent
976 1020 1214 1087 oculati
1272 1018 1518 1103 gloriae
1563 1018 1691 1084 Dei
1746 1024 1963 1082 testes.
2050 1016 2316 1083 Interea
2357 1038 2491 1081 non

568 1112 819 1178 infitior
853 1108 1015 1174 duos
1049 1105 1253 1171 fuisse
1289 1125 1487 1186 supra
1523 1123 1865 1168 numerum
1889 1102 2488 1186 septuagenarium:

568 1197 683 1263 sed
726 1204 983 1261 tantum
1038 1190 1307 1257 ostendo
1363 1210 1478 1256 cur
1537 1207 1881 1254 numerum
1935 1187 2112 1254 hune
2170 1186 2494 1253 definierit

567 1284 782 1349 Deus:
832 1298 1063 1361 nempe
1106 1282 1179 1341 ut
1220 1275 1444 1359 populi
1488 1273 1682 1340 duces
1716 1284 1782 1339 et
1815 1273 2031 1356 capita
2068 1275 2496 1357 restringeret

564 1368 650 1433 ad
694 1364 1005 1431 familiam
1050 1362 1244 1427 Iacob
1266 1411 1282 1442 ,
1340 1381 1507 1442 quae
1549 1359 1941 1441 principium
1984 1368 2125 1423 erat
2167 1360 2385 1443 gentis
2429 1366 2495 1423 et

570 1452 874 1520 nominis.
981 1446 1156 1514 Sane
1213 1467 1415 1528 quum
1476 1444 1557 1510 ad
1613 1444 1964 1509 sumendas
2016 1466 2051 1508 e
2109 1465 2307 1509 manu
2366 1444 2494 1509 Dei

567 1538 824 1605 tabulas
882 1531 1259 1600 ascenderet
1302 1532 1518 1596 Moses
1574 1530 1641 1594 in
1700 1538 1984 1595 montem
2029 1528 2246 1607 Sinai,
2306 1528 2495 1594 duxit

569 1644 788 1690 secum
832 1619 1246 1702 septuaginta
1291 1616 1680 1699 praefectos,
1740 1615 1915 1680 unde
1957 1613 2317 1698 colligitur,
2360 1614 2493 1679 iam

569 1720 733 1775 tunc
790 1705 1027 1772 electos
1084 1703 1281 1768 fuisse
1325 1722 1401 1766 eo
1446 1720 1720 1766 numero
1764 1700 1877 1782 qui
1920 1700 2164 1765 honore
2206 1699 2493 1784 praecel-

568 1795 817 1860 lerent:
878 1788 1175 1872 quamvis
1220 1785 1629 1870 gubernandi
1673 1785 2041 1869 provincia,
2086 1786 2272 1852 cuius
2318 1806 2494 1850 nunc

566 1882 645 1947 fit
687 1876 965 1954 mentio,
1022 1873 1313 1938 nondum
1370 1871 1501 1936 illis
1555 1871 1849 1937 iniuncta
1905 1881 2093 1937 esset.
2183 1874 2280 1936 Ac
2326 1873 2495 1936 veri-

566 1963 781 2033 simile
824 1968 942 2038 est,
986 1958 1242 2025 eosdem
1285 1956 1431 2022 illos
1474 1957 1584 2039 qui
1626 1957 1827 2021 creati
1860 1958 2121 2022 fuerant
2154 1955 2368 2034 duces,
2413 1954 2493 2020 ad

569 2068 818 2117 novum
872 2055 939 2111 et
991 2044 1329 2110 insolitum
1383 2062 1619 2108 munus
1682 2041 1885 2107 fuisse
1950 2049 2249 2120 vocatos,
2319 2040 2495 2123 quod

571 2135 772 2201 etiam
814 2133 1012 2198 verba
1054 2137 1309 2195 sonant.
1399 2127 1673 2193 Certum
1775 2126 1988 2192 uidem
2046 2137 2173 2203 est,
2241 2124 2352 2191 ubi
2413 2126 2494 2192 ab

571 2219 801 2285 exsilio
845 2214 1224 2300 babylonico
1268 2213 1514 2279 reversi
1559 2221 1716 2277 sunt
1796 2212 1983 2277 udaei
1999 2261 2016 2292 ,
2076 2212 2227 2295 quia
2270 2232 2491 2294 regem

571 2324 792 2372 creare
838 2323 965 2366 non
1008 2300 1259 2378 licebat,
1303 2297 1429 2365 hoc
1464 2296 1833 2380 exemplum
1870 2298 2067 2362 fuisse
2102 2298 2388 2362 imitatos
2420 2296 2492 2360 in

572 2384 1017 2456 constituendo
1060 2383 1385 2472 synedrio.
1461 2385 1748 2449 Tantum
1793 2382 1915 2447 boe
1956 2381 2223 2448 honoris
2269 2382 2493 2447 datum

572 2476 695 2541 fuit
747 2473 1093 2539 memoriae
1146 2468 1427 2535 Davidis
1490 2475 1558 2533 et
1620 2489 1882 2552 regum,
1949 2476 2023 2533 ut
2086 2488 2170 2532 ex
2229 2466 2494 2531 illorum

573 2561 778 2642 stirpe
833 2558 1151 2642 eligerent
1192 2554 1608 2638 septuaginta
1651 2573 1801 2619 suos
1845 2554 2203 2635 praefectos
2219 2603 2236 2631 ,
2291 2571 2492 2636 penes

572 2667 733 2730 quos
776 2664 1031 2710 summa
1072 2650 1243 2707 esset
1283 2660 1503 2705 rerum
1548 2638 1838 2704 omnium
1882 2646 2185 2721 potestas.
2277 2639 2495 2719 Atque

567 2733 728 2797 haec
774 2730 939 2794 ratio
980 2725 1466 2812 gubernationis
1510 2723 1771 2791 duravit
1800 2722 1883 2788 ad
1905 2723 2240 2790 Herodem
2275 2744 2495 2805 usque,

567 2817 681 2901 qui
721 2823 934 2880 totum
975 2810 1139 2877 illud
1182 2810 1559 2888 concilium,
1606 2831 1645 2875 a
1687 2830 1813 2894 quo
1870 2808 2217 2875 damnatus
2261 2809 2491 2886 fuerat,

569 2901 878 2979 abolevit,
945 2897 1245 2963 omnibus
1315 2918 1351 2959 e
1417 2894 1631 2960 medio
1695 2894 1987 2961 sublatis.
2099 2893 2494 2977 Quanquam

568 2986 869 3052 existimo
914 3003 1045 3047 non
1089 2988 1346 3047 tantum
1386 2980 1738 3047 ulciscendi
1779 3001 1975 3047 causa
2018 3001 2165 3046 eum
2209 2980 2292 3045 ad
2327 2980 2497 3045 hanc

568 3071 831 3140 caedem
876 3068 1076 3135 fuisse
1117 3065 1504 3150 impulsum:
1559 3065 1674 3132 sed
1717 3086 1803 3131 ne
1846 3065 2009 3151 regii
2098 3067 2313 3132 eneris
2357 3065 2497 3150 dig-

570 3157 744 3223 nitas
818 3154 1103 3220 obstaret
1159 3152 1301 3219 eius
1369 3151 1725 3237 tyrannidi.
1828 3151 1891 3217 N
1893 3087 2203 3217 utendum
2277 3161 2496 3217 autem

570 3253 702 3323 est,
759 3238 931 3324 quod
986 3238 1247 3304 tametsi
1306 3258 1545 3304 novam
1603 3238 1882 3322 gratiam
1942 3238 2267 3321 promittit
2309 3236 2496 3303 Deus

570 3325 987 3410 septuaginta
1027 3325 1207 3404 viris,
1255 3344 1387 3389 non
1431 3332 1653 3389 tamen
1695 3322 1844 3390 vult
1886 3331 2127 3388 temere
2171 3345 2256 3389 ex
2302 3323 2494 3407 vulgo

569 3413 765 3481 sumi:
810 3409 924 3477 sed
964 3409 1203 3476 diserte
1245 3429 1329 3474 ex
1370 3409 1600 3474 ordine
1643 3410 1988 3490 seniorum,
2034 3418 2099 3474 et
2140 3430 2223 3474 ex
2268 3408 2495 3492 capiti·

571 3498 695 3564 bus
738 3495 957 3580 populi
1001 3493 1198 3578 deligi
1241 3494 1451 3573 iubet,
1511 3494 1623 3578 qui
1680 3495 1926 3562 scilicet
1967 3495 2314 3560 autoritate
2359 3494 2494 3576 pol-

571 3583 776 3661 leant,
822 3588 887 3646 et
929 3580 1057 3644 iam
1102 3579 1553 3663 experimenta
1593 3578 1892 3645 dederint
1935 3601 2092 3646 suae
2132 3579 2495 3646 industriae

573 3686 649 3733 ac
690 3665 976 3733 virtutis.
1053 3664 1161 3729 Ita
1202 3667 1498 3748 quamvis
1531 3665 1725 3731 hodie
1769 3665 1923 3730 dum
1968 3665 2049 3731 ad
2093 3665 2491 3732 functionem

569 3760 760 3819 vocat
798 3764 865 3816 et
905 3748 1210 3816 ecclesiae
1251 3759 1545 3833 pastores
1580 3757 1646 3815 et
1679 3750 2119 3834 magistratus,
2167 3752 2352 3819 novis
2386 3772 2494 3817 eos

572 3838 828 3905 dotibus
891 3837 1206 3914 instruat,
1272 3857 1403 3900 non
1472 3836 1613 3901 vult
1676 3845 1898 3901 tamen
1961 3838 2354 3920 promiscue,
2418 3844 2494 3903 ut

571 3923 843 4006 quisque
897 3920 1097 3987 fuerit
1154 3920 1387 3986 obvius
1403 3971 1418 4001 ‚
1470 3922 1542 3986 in
1599 3921 1880 4005 gradum
1936 3923 2204 3988 honoris
2262 3922 2488 4000 attolli,

570 4008 683 4073 sed
728 4007 950 4072 haberi
995 4005 1313 4073 delectum
1360 4027 1442 4072 ex
1486 4006 1934 4091 spiritualibus
1978 4006 2195 4087 donis,
2259 4007 2491 4092 quibus

569 4092 841 4176 insignit
883 4103 949 4158 et
990 4091 1397 4158 commendat
1439 4113 1600 4176 quos
1644 4092 1997 4159 destinavit
2052 4093 2138 4159 ad
2179 4094 2489 4159 eximium

570 4176 830 4261 aliquod
885 4199 1144 4243 munus.
1242 4177 1326 4241 In
1392 4199 1676 4258 summa,
1745 4177 1925 4244 iubet
1988 4178 2146 4263 eligi
2208 4179 2491 4244 maxime

568 4263 860 4329 idoneos:
918 4272 1258 4347 postquam
1303 4284 1456 4330 vero
1500 4263 1690 4331 electi
1732 4264 2007 4343 fuerint,
2053 4265 2378 4347 promittit
2420 4287 2490 4331 se

567 4347 941 4414 additurum
984 4348 1155 4432 quod
1200 4346 1411 4414 adhuc
1468 4347 1665 4415 deest.
1750 4350 1899 4416 Hac
1943 4350 2021 4416 de
2064 4371 2260 4417 eausa
2301 4371 2488 4434 prae-

568 4433 744 4516 cipit,
787 4442 862 4498 ut
905 4454 974 4498 se
1017 4434 1253 4502 sistant
1295 4433 1376 4499 ad
1420 4436 1657 4501 ostium
1718 4435 2150 4516 tabernaculi,
2208 4446 2283 4501 ut
2331 4435 2487 4502 inde

567 4519 847 4603 gratiam
904 4539 1090 4585 suam
1155 4532 1498 4587 exsereret.
1588 4519 1980 4604 Quanquam
2026 4522 2186 4587 duas
2230 4542 2486 4605 quoque

568 4604 728 4669 alias
785 4604 1067 4669 rationes
1123 4615 1444 4688 spectatas
1499 4605 1699 4672 fuisse
1754 4606 2064 4685 arbitror,
2121 4628 2356 4690 nempe
2415 4615 2487 4673 ut

568 4689 814 4755 scirent
856 4689 1165 4759 divinitus
1224 4690 1361 4756 sibi.
1404 4712 1648 4757 munus
1702 4693 2099 4771 iniunctum,
2156 4701 2349 4777 atque
2392 4694 2487 4759 ita

568 4794 824 4857 semper
867 4775 1098 4839 attenti
1140 4785 1356 4841 essent
1397 4775 1478 4842 ad
1522 4777 1797 4843 coeleste
1839 4777 2143 4860 tribunal,
2188 4778 2302 4844 ubi
2345 4778 2484 4843 red·

570 4859 783 4925 denda
845 4868 1014 4925 esset
1076 4861 1271 4925 ratio:
1338 4860 1569 4927 deinde
1634 4870 1707 4928 ut
1761 4866 2097 4930 veneratio
2154 4862 2486 4932 accederet

568 4968 646 5010 ex
694 4946 1181 5011 circumstantia
1221 4946 1363 5028 ipsa
1406 4948 1527 5013 loci
1548 4999 1563 5027 ‚
1613 4969 1687 5015 ac
1744 4949 2019 5031 populus
2058 4973 2126 5017 se
2173 4959 2483 5033 tanquam

570 5030 696 5095 Dei
738 5031 1050 5097 ministris
1093 5029 1455 5098 subiiceret.
1522 5034 1726 5100 Porro
1772 5037 2031 5102 tametsi
2076 5036 2265 5102 hodie
2306 5037 2484 5102 Deus

567 5115 640 5179 in
703 5115 940 5181 visibili
991 5116 1403 5182 tabernaculo
1464 5141 1596 5184 non
1652 5120 1933 5187 habitat:
1992 5143 2332 5187 monemur
2388 5130 2484 5185 ta-

565 5220 719 5264 men
760 5199 879 5267 hoc
918 5201 1217 5285 exemplo
1261 5224 1393 5267 non
1435 5203 1624 5269 aliter
1658 5216 1832 5271 recte
1867 5207 2152 5271 ordinari
2186 5215 2483 5290 pastores

567 5293 635 5349 et
679 5287 1118 5371 magistratus,
1185 5287 1311 5354 nisi
1362 5289 1435 5353 in
1479 5289 1606 5355 Dei
1657 5300 2074 5375 conspectum
2130 5291 2479 5358 sistantur:

1961 401 2370 473 REDITUS
2414 404 2543 469 AD
2589 400 3133 469 HISTORIAM.

4400 399 4530 467 172

2590 609 2709 656 nec
2749 590 2941 657 aliter
2974 591 3100 656 rite
3135 589 3516 674 inaugurari
3554 588 3625 654 in
3647 609 3887 655 munus
3909 609 4120 665 suum,
4159 588 4287 653 nisi
4320 609 4524 671 quum

2588 696 2659 742 se
2694 676 2836 743 Deo
2868 676 2996 759 ipsi
3032 683 3431 754 consecrant,
3476 684 3543 741 et
3576 675 4015 741 reverentiam
4056 674 4187 739 illis
4231 674 4522 741 vicissim

2589 761 2891 829 conciliat
2933 763 3072 828 eius
3114 763 3435 827 maiestas.
3526 761 3828 843 Longius
3886 759 4065 825 hunc
4121 759 4338 825 locum
4382 767 4516 824 tor·

2589 857 2744 929 quet
2785 848 3189 932 Cyprianus,
3244 847 3358 912 sed
3419 846 3637 913 nescio
3681 866 3766 910 an
3813 845 3974 911 satis
4019 846 4210 910 firma
4249 845 4522 926 ratione,

2590 932 2922 1016 episcopos
2985 955 3116 999 non
3179 953 3321 998 esse
3385 929 3718 1016 eligendos
3739 981 3753 1007 ,
3833 931 3961 996 nisi
4027 931 4228 996 totius
4290 930 4520 1014 populi

2590 1040 2929 1086 consensu.

2764 1104 2863 1170 18.
2908 1105 3022 1170 Ad
3054 1102 3360 1185 pwubum
3400 1106 3603 1167 autem
3636 1101 3819 1167 dices.
3885 1099 4182 1167 Alterum
4227 1100 4522 1183 responsi

2591 1188 2989 1268 membrum,
3045 1187 3217 1271 qnod
3274 1187 3357 1253 ad
3410 1198 3822 1270 praesentem
3867 1208 4131 1254 causam
4179 1185 4519 1270 dirigitur:

2592 1283 2668 1340 ut
2708 1275 2988 1358 populus
3031 1296 3100 1339 se
3144 1280 3476 1356 comparet
3519 1272 3603 1337 ad
3646 1271 4037 1356 explendam
4081 1292 4263 1338 suam
4309 1269 4526 1338 edaci·

2594 1369 2814 1426 tatem.
2905 1360 3050 1425 Etsi
3106 1368 3324 1424 autem
3383 1359 3655 1423 verbum
3697 1371 3840 1448 tet-tp
3888 1377 4274 1442 praeparare
4318 1356 4526 1441 signi-

2593 1448 2764 1522 ficat,
2808 1445 3043 1511 melius
3085 1452 3305 1509 tamen
3349 1442 3667 1526 quadrare
3714 1444 3855 1509 visa
3889 1453 3990 1510 est
4021 1443 4287 1528 propria
4320 1443 4524 1527 signi-

2595 1532 2824 1598 ficatio.
2911 1529 3142 1612 Itaque
3187 1529 3425 1594 retinui
3485 1527 3933 1594 sanctificandi
3993 1528 4261 1595 verbum
4282 1579 4296 1604 ‚
4352 1527 4527 1610 quod

2594 1625 2816 1683 tamen
2864 1636 2977 1699 per
3021 1614 3436 1697 antiphrasin
3496 1614 3604 1679 hic
3738 1615 3949 1679 nitur:
4010 1615 4164 1698 quia
4208 1634 4338 1678 non
4387 1630 4523 1678 tam

2595 1723 2708 1769 eos
2751 1701 3055 1767 hortatur
3078 1700 3313 1777 Moses,
3358 1707 3432 1763 ut
3475 1699 3655 1763 omni
3698 1720 3778 1763 us
3819 1698 4329 1782 inquinamentis
4375 1719 4527 1781 pur-

2596 1788 2733 1871 gati
2787 1787 2893 1872 pie
2948 1796 3013 1852 et
3067 1786 3320 1852 sincere
3378 1785 3655 1868 gratiam
3711 1783 3839 1849 Dei
3908 1785 4254 1868 recipiant,
4325 1804 4522 1867 quam

2594 1873 2936 1956 profanam
2971 1892 3195 1937 eorum
3231 1869 3618 1952 brutamque
3650 1868 3719 1934 in
3767 1869 4013 1936 luviem
4034 1869 4328 1954 castigat.
4388 1868 4528 1935 Alii

2597 1957 2979 2041 simpliciter
3043 1965 3382 2039 exponunt
3447 1975 3523 2021 ac
3587 1955 3641 2021 si
3708 1891 3952 2021 dgictum
4019 1965 4218 2021 esset:
4285 1956 4526 2022 Acuite

2597 2045 2856 2124 dentes,
2900 2052 2965 2108 et
3009 2055 3275 2109 ventres
3319 2049 3576 2125 parate:
3635 2040 3749 2106 sed
3794 2061 3938 2107 meo
3979 2040 4244 2119 iudicio,
4300 2040 4525 2107 subest

2596 2129 2795 2195 tacita
2851 2126 3294 2210 exprobratiO,
3354 2123 3526 2209 quod
3582 2125 3766 2190 foedo
3825 2137 3889 2191 et
3945 2127 4145 2209 impio
4203 2125 4524 2192 desiderio

2595 2213 2831 2296 polluti
2907 2220 3217 2297 paternae
3286 2209 3413 2275 Dei
3492 2211 3743 2295 gratiae
3818 2232 4082 2294 capaces
4161 2233 4293 2277 non
4371 2212 4521 2278 sint.

2600 2298 2961 2366 Subiieitur
3037 2297 3243 2365 enim:
3312 2295 3681 2362 Comedetis
3758 2317 4019 2376 carnes,
4097 2298 4251 2379 quia
4327 2298 4523 2363 fletus

2595 2392 2818 2450 vester
2860 2390 2926 2448 et
2968 2381 3374 2466 querimonia
3428 2382 3731 2464 pervenit
3773 2381 3854 2448 ad
3899 2402 4089 2447 aures
4127 2383 4271 2447 Dei.
4325 2380 4524 2468 ‚Qui-

2599 2470 2718 2535 bus
2773 2468 2993 2534 verbis
3049 2468 3403 2551 significat,
3457 2467 3852 2550 importunis
3906 2466 4297 2534 clamoribus
4354 2468 4522 2532 iram

2596 2555 2724 2620 Dei
2768 2573 3171 2636 provocasse,
3217 2562 3292 2617 ut
3335 2552 3601 2617 nonnisi
3634 2553 4038 2618 mortiferum
4073 2552 4290 2619 cibum
4326 2551 4522 2618 devo-

2599 2648 2763 2705 rent.
2829 2640 2920 2704 Et
2953 2639 3149 2722 paulo
3182 2646 3332 2722 post
3363 2638 3602 2704 clarius
3646 2638 4057 2721 exprimitur,
4103 2637 4335 2721 dignos
4379 2658 4524 2704 esse

2598 2748 2744 2791 cum
2791 2746 2914 2789 sua
2959 2725 3301 2807 protervia,
3346 2723 3579 2806 quibus
3623 2723 3903 2788 exitialis
3947 2724 4030 2789 sit
4074 2725 4199 2788 Dei
4242 2723 4519 2808 largitio.

2600 2812 2763 2877 'Poto
2809 2830 3048 2889 mense,
3091 2809 3316 2890 inquit,
3360 2830 3476 2876 vos
3518 2809 4038 2893 ingurgitabitis,
4085 2808 4291 2875 donee
4332 2818 4523 2875 exeat

2600 2917 2718 2980 per
2775 2915 2965 2961 nares
3021 2906 3305 2973 vestras,
3372 2904 3440 2959 et
3494 2895 3583 2960 sit
3640 2894 3822 2961 vobis
3876 2895 3946 2960 in
4006 2893 4520 2961 detestationem.

2601 2982 2960 3064 Comparat
3002 2989 3220 3046 autem
3261 3000 3368 3047 eos
3428 2979 3873 3060 helluonibus,
3933 2982 4044 3063 qui
4101 3000 4305 3064 usque
4360 2981 4524 3045 adeo

2599 3089 2672 3135 se
2715 3066 2976 3151 crapula
3022 3066 3342 3146 obruunt,
3387 3073 3462 3130 ut
3504 3065 3673 3148 quod
3715 3075 4031 3131 vorarunt
4074 3065 4270 3132 nimis
4311 3067 4522 3146 avide,

2598 3173 2863 3220 vomere
2904 3152 3097 3235 paulo
3186 3160 3287 3218 ost
3328 3161 3675 3236 cogantur,
3740 3151 3844 3217 vel
3902 3171 4202 3234 saporem
4246 3172 4518 3236 exsupe-

2599 3239 2809 3304 rantis
2852 3238 3073 3321 copiae
3117 3259 3155 3302 a
3200 3238 3574 3303 ominentur
3616 3237 3804 3321 quasi
3842 3235 4159 3303 foetidum
4208 3235 4521 3304 nidorem.

2598 3325 2678 3391 Id
2720 3324 3045 3408 significat
3086 3324 3284 3404 exire,
3325 3324 3451 3403 vel,
3488 3323 3708 3403 ‚efflari
3746 3345 3782 3386 e
3819 3322 4106 3388 naribus.
4185 3327 4298 3391 ffi'c
4348 3321 4524 3406 quod

2598 3432 2717 3476 nos
2762 3410 3081 3476 vertimus
3125 3408 3700 3488 abominationem,
3746 3409 4006 3492 proprie
4050 3406 4522 3493 dispersionem

2596 3496 2949 3581 significat:
3029 3493 3144 3561 sed
3220 3494 3529 3580 intelligit
3606 3495 3822 3560 Moses
3899 3494 4303 3577 proiecturos
4380 3515 4523 3561 esse

2595 3581 2887 3664 spuendo
2932 3580 3036 3648 vel
3079 3579 3439 3647 excreando
3482 3590 3791 3663 tanquam
3829 3578 4073 3662 aliquid
4107 3580 4520 3646 reiectitium.

2595 3666 2674 3734 Si
2716 3669 2861 3751 quis
2906 3666 3165 3733 obiiciat
3207 3665 3379 3750 quod
3422 3667 3492 3730 in
3535 3665 3799 3731 Psalmo
3842 3664 3971 3751 (78,
4016 3665 4128 3752 30)
4182 3665 4520 3732 scribitur:

2594 3752 2888 3819 nondum
2931 3752 3133 3818 fuisse
3177 3751 3489 3818 alienatos
3534 3771 3574 3816 a
3612 3772 3731 3817 suo
3776 3749 4120 3817 desiderio:
4173 3751 4409 3817 solutio
4451 3752 4522 3817 in

2594 3844 2901 3923 promptu
2945 3844 3073 3918 est,
3127 3837 3261 3903 illic
3318 3837 3672 3921 perstringi
3728 3836 4080 3902 effraenem
4134 3837 4201 3901 in
4248 3836 4519 3917 luviem,

2594 3947 2670 3991 ac
2704 3925 2763 3990 si
2800 3925 3095 4009 gurgites
3132 3930 3411 4001 vocaret,
3450 3922 3685 4007 quibus
3719 3921 4060 4006 explendis
4096 3923 4209 3987 nul
4238 3943 4277 3987 a
4312 3922 4522 3988 abun·

2594 4010 2820 4076 dantia
2860 4009 3118 4075 sufficit.
3206 4009 3385 4092 Ergo
3429 4008 3728 4093 quamvis
3769 4007 4116 4074 immodica
4156 4007 4338 4091 copia
4381 4017 4520 4073 tur-

2592 4106 2842 4179 gerent‚
2888 4095 3207 4178 propheta
3250 4093 3406 4159 dicit
3449 4115 3579 4159 non
3612 4094 3815 4160 fuisse
3849 4101 4201 4160 saturatos:
4247 4093 4362 4158 sed
4396 4094 4520 4159 im-

2592 4202 2821 4246 mensa
2863 4180 3217 4246 voracitate
3271 4180 3366 4246 sic
3422 4179 3624 4245 fuisse
3684 4199 3983 4246 accensos
4005 4230 4021 4259 ,
4077 4189 4154 4245 ut
4211 4179 4349 4244 sola
4389 4179 4518 4245 Dei

2591 4265 2885 4333 vindicta
2925 4265 3192 4332 modum
3234 4266 3632 4349 imposuerit.
3720 4265 3918 4330 Ratio
3964 4273 4183 4331 autem
4225 4265 4519 4349 apprime

2591 4351 2879 4418 notanda
2935 4360 3066 4428 est,
3124 4351 3295 4435 quod
3357 4351 3722 4434 respuerint
3777 4349 4031 4430 Deum,
4084 4351 4197 4434 qui
4249 4358 4392 4416 erat
4448 4352 4518 4416 in

2590 4437 2804 4502 medio
2846 4438 3153 4520 ipsorum.
3243 4436 3499 4518 Quibus
3541 4435 3760 4503 verbis
3802 4437 4077 4520 eripitur
4126 4436 4366 4502 erroris
4409 4435 4518 4503 vel

2588 4522 3055 4607 incogitantiae
3099 4523 3452 4589 excusatio.
3540 4522 3709 4587 Nam
3761 4522 3820 4588 si
3873 4520 4245 4606 probandae
4290 4543 4518 4587 eorum

2589 4609 2940 4691 patientiae
2998 4630 3194 4675 causa
3234 4607 3420 4674 Deus
3478 4609 3784 4674 virtutem
3841 4629 4025 4673 suam
4079 4607 4515 4687 subduxisset,

2588 4703 2800 4760 terror
2835 4716 2916 4759 ex
2954 4694 3093 4760 eius
3128 4694 3425 4760 absentia
3465 4703 3834 4776 conceptus,
3879 4692 4113 4760 fuisset
4146 4694 4313 4759 forte
4358 4693 4516 4759 tole-

2587 4779 2826 4845 rabilis.
2903 4779 3094 4846 Nunc
3138 4801 3294 4845 vero
3338 4801 3538 4863 quum
3581 4789 3760 4845 certa
3801 4779 4203 4862 experientia
4244 4799 4515 4862 cognos-

2587 4878 2742 4931 cant
2777 4865 3090 4931 alimenta
3124 4866 3248 4931 sibi
3285 4864 3599 4932 divinitus
3633 4865 4050 4948 suppeditari,
4095 4863 4516 4930 deliberatam

2586 4951 2904 5016 malitiam
2961 4949 3245 5032 produnt
3301 4952 3371 5017 in
3425 4949 3783 5034 praesentis
3841 4949 4305 5016 beneficentiae
4357 4970 4514 5016 con-

2587 5044 2717 5117 tem
2767 5045 2859 5101 tu.
2949 5036 3117 5101 Nam
3165 5036 3375 5103 Deum
3432 5059 3575 5104 esse
3630 5037 3703 5101 in
3763 5036 3973 5101 medio
4029 5036 4318 5118 ipsorum
4367 5048 4513 5100 tan-

2588 5129 2704 5187 tun
2752 5143 2854 5186 em
2914 5123 3091 5187 valet
3144 5130 3339 5205 atque
3397 5123 3589 5207 signa
3626 5121 3977 5187 manifesta
4017 5120 4172 5186 dare
4215 5130 4349 5187 tam
4392 5122 4513 5186 im-

2587 5227 2850 5273 mensae
2905 5209 3231 5290 potentiae
3294 5230 3488 5291 quam
3553 5207 3809 5290 paterni
3884 5206 4144 5272 favoris.
4255 5205 4516 5288 Quibus

2571 5292 2792 5359 verbis
2851 5292 3187 5375 doeemur,
3250 5304 3450 5377 prout
3505 5292 3692 5359 nobis
3746 5293 4024 5377 gratiam
4081 5313 4268 5360 suam
4329 5293 4513 5360 Deus
