5017 6142
555 437 686 504 439

556 646 700 692 csse
758 624 1082 693 ducebant
1137 624 1494 709 hospitium
1539 623 1772 702 scorti,
1837 623 1946 690 vel
1997 624 2286 691 eximere
2328 624 2504 691 vole·

560 711 719 777 bant
789 732 828 776 a
909 710 1221 777 dedecore
1306 709 1683 789 mulierem,
1778 730 1944 793 quae
2028 730 2160 775 non
2243 716 2504 776 tantum

556 796 938 865 humaniter
969 805 1316 880 exceperat
1349 796 1640 876 nuncios,
1677 792 1792 862 sed
1834 793 2219 861 fortitudine
2252 804 2321 861 et
2352 816 2507 878 pru·

559 881 781 948 dentia
852 884 910 948 si
1046 882 1174 947 lari
1249 880 1466 949 salvos
1547 880 1983 965 praestiterat.
2072 879 2151 945 Id
2237 880 2501 965 quidem

557 968 837 1037 Rabinis
892 988 966 1034 so
990 988 1158 1034 enne
1202 976 1334 1047 est,
1391 987 1519 1050 quo
1607 966 1777 1032 entis
1821 986 1978 1032 suae
2035 966 2502 1033 existimationi

557 1054 932 1135 consulant,
997 1053 1390 1136 scripturam
1456 1073 1539 1118 au
1586 1059 1763 1118 aeter
1828 1059 2161 1135 torquere,
2240 1052 2501 1135 suisque

558 1139 943 1206 commentis
999 1141 1330 1207 invertere
1385 1136 1561 1222 quod
1617 1137 1843 1203 minus
1885 1135 2147 1204 videtur
2187 1135 2500 1204 honorifi-

558 1245 727 1291 cum.
816 1223 1020 1308 Atqui
1084 1223 1440 1290 verisimile
1505 1232 1635 1300 est,
1710 1219 1870 1288 dum
1931 1222 2220 1307 fugitant
2279 1223 2501 1289 nuncii

556 1309 896 1376 hominum
954 1318 1371 1394 conspectum
1411 1315 1481 1376 et
1529 1309 1590 1375 fr
1675 1307 1994 1388 uentiam,
2050 1329 2125 1376 ac
2168 1309 2501 1376 celebrita-

555 1400 692 1462 tem
724 1393 1074 1479 declinant,
1119 1394 1381 1463 venisse
1416 1392 1500 1461 ad
1542 1415 1657 1459 mu
1688 1394 1885 1461 ’erem
1921 1414 2087 1477 quae
2119 1396 2191 1460 in
2227 1394 2499 1461 obscuro

555 1501 816 1548 recessu
871 1480 1224 1547 habitabat.
1312 1480 1570 1547 Domus
1621 1479 1800 1546 enim
1850 1480 2160 1564 contigua
2202 1488 2344 1546 erat
2384 1500 2497 1545 ur·

558 1565 656 1633 bis
700 1586 920 1634 muro:
963 1568 1097 1632 imo
1132 1566 1347 1650 paries
1390 1565 1677 1632 exterior
1719 1563 1949 1632 domus
1984 1565 2055 1631 in
2100 1587 2288 1633 muro
2330 1565 2497 1632 loca·

554 1660 664 1719 tus
698 1660 858 1718 erat.
922 1652 1117 1720 Unde
1160 1652 1490 1737 colligitur
1530 1651 1738 1729 fuisse
1781 1651 2097 1737 angulum
2138 1651 2495 1738 ignobilem

546 1738 780 1822 procul
824 1757 865 1803 a
905 1738 1081 1804 foro:
1140 1738 1334 1804 sicuti
1390 1736 1766 1804 meretrices
1819 1736 2205 1822 angiportus
2247 1746 2315 1804 et
2358 1738 2499 1802 loca

555 1822 850 1890 solitaria
903 1833 982 1890 ut
1037 1822 1397 1907 plurimum
1439 1822 1753 1890 incolunt.
1842 1822 1983 1890 Nec
2022 1843 2181 1889 vero
2225 1843 2497 1890 consen-

555 1917 822 1976 taneum
865 1918 966 1975 est
982 1957 998 1987 ,
1043 1908 1383 1995 vulgarem
1427 1909 1632 1975 fuisse
1679 1927 2045 1991 cauponam
2061 1958 2078 1988 ,
2138 1929 2304 1993 quae
2345 1930 2499 2059 pro-

556 1995 800 2061 miscus
857 2001 1083 2078 aperta
1139 2002 1311 2061 esset
1354 1994 1776 2078 quibuslibet,
1835 1994 1989 2079 quia
2031 2013 2150 2060 nec
2191 1996 2257 2061 fa
2329 1994 2343 2009 '
2375 1993 2500 2060 iari

412 2066 431 2089 ⁸
556 2079 879 2165 colloquio
936 2086 1123 2146 tanta
1177 2080 1408 2147 fuisset
1463 2079 1760 2160 libertas,
1815 2090 1881 2145 et
1935 2078 2218 2148 difficilis
2262 2078 2342 2146 ad
2387 2099 2499 2146 eos

555 2162 971 2232 occultandos
1014 2166 1198 2232 ratio.
1286 2163 1398 2233 Sic
1439 2164 1644 2251 igitur
1686 2172 1946 2236 statuo:
2001 2164 2161 2231 dum
2204 2186 2276 2233 se
2316 2165 2496 2233 clan-

557 2250 778 2318 culum
841 2251 1212 2331 insinuant,
1278 2252 1505 2335 statim
1563 2272 1634 2318 se
1689 2252 1760 2318 in
1814 2250 2099 2318 latebras
2157 2251 2497 2318 abdidisse.

554 2336 766 2404 Porro
805 2335 977 2420 quod
1019 2337 1257 2403 mulier
1298 2337 1381 2404 ad
1427 2345 1685 2422 turpem
1728 2344 2071 2421 quaestum
2113 2345 2265 2403 ante
2307 2357 2502 2421 expo-

557 2421 686 2488 sita
738 2421 934 2506 paulo
987 2430 1138 2506 post
1175 2422 1248 2488 in
1306 2444 1540 2506 corpus
1595 2423 1784 2490 electi
1834 2422 2060 2508 populi
2100 2422 2340 2490 coaluit
2354 2473 2371 2504 ,
2426 2429 2502 2487 ut

554 2508 744 2574 fieret
797 2507 1103 2575 ecclesiae
1162 2507 1526 2575 membrum
1544 2558 1563 2588 ,
1629 2508 1701 2574 id
1758 2508 1891 2575 Dei
1946 2508 2228 2594 gratiam
2285 2507 2499 2593 magis

553 2593 872 2671 illustrat,
939 2594 1097 2660 dum
1140 2594 1212 2660 in
1267 2594 1549 2679 lupanar
1590 2595 1991 2678 penetravit,
2053 2601 2129 2660 ut
2168 2594 2324 2660 inde
2361 2615 2499 2661 non

553 2678 785 2747 Rabab
841 2678 1066 2759 modo,
1124 2678 1240 2745 sed
1282 2688 1537 2764 patrem
1596 2699 1850 2764 quoque
1891 2690 1961 2747 et
2001 2680 2240 2747 fratres
2282 2686 2499 2746 extra-

551 2763 758 2831 heret.
848 2764 1043 2832 Gerte
1077 2786 1278 2849 quum
1320 2784 1562 2832 nomen
1607 2778 1724 2834 mir
1761 2765 2004 2850 ubique
2040 2765 2175 2831 fere
2209 2774 2498 2833 scortum

553 2850 908 3001 sigdnificet,
969 2849 1152 2917 nulla
1207 2850 1376 2917 ratio
1420 2850 1529 2918 hic
1590 2851 1767 2936 cogit
1808 2873 1848 2917 a
1890 2859 2150 2937 recepto
2205 2872 2328 2919 usu
2371 2850 2500 2917 dis-

552 2954 625 3003 ce
671 2956 801 3002 ere.

723 3021 784 3086 2.
858 3020 1249 3087 Nunciatum
1302 3028 1394 3090 est
1438 3023 1591 3108 reqi.
1681 3022 2026 3091 Probabile
2069 3030 2200 3103 est,
2257 3028 2335 3089 ut
2376 3021 2498 3089 du-

552 3107 679 3174 biis
723 3106 1156 3191 temporibus,
1214 3116 1283 3175 et
1324 3108 1399 3177 in
1439 3115 1621 3174 metu
1663 3108 1818 3176 belli
1860 3108 2005 3175 fieri
2047 3109 2244 3189 solet,
2299 3128 2497 3192 appo·

551 3193 712 3259 sitos
743 3192 950 3261 fuisse
984 3193 1285 3260 custodes
1316 3193 1429 3278 qui
1463 3201 1797 3279 suspectos
1839 3193 2128 3279 hospites
2170 3200 2496 3260 notarent.

550 3278 686 3343 Pro
733 3278 804 3344 in
848 3278 915 3345 ui
980 3277 1319 3345 Israelitae
1337 3329 1353 3359 ,
1432 3280 1545 3363 qui
1611 3289 1835 3365 aperte
1899 3280 2172 3364 professi
2235 3279 2500 3346 fuerant

552 3384 680 3447 apu
779 3363 816 3429 I
860 3383 1124 3431 umaeos
1174 3371 1244 3431 et
1296 3365 1623 3432 Moabitas
1677 3385 1751 3432 se
1806 3366 1881 3432 in
1944 3372 2123 3433 terra
2179 3363 2497 3433 Ohanaan

550 3448 770 3516 sedem
816 3470 1160 3533 quaerere:
1204 3450 1624 3518 formidolosa
1664 3461 1808 3518 erat
1850 3472 2077 3518 eorum
2112 3449 2495 3518 multitudo:

552 3535 759 3602 caesis
837 3534 1093 3602 duobus
1175 3536 1411 3603 vicinis
1484 3535 1752 3620 regibus
1828 3537 2118 3623 amplam
2183 3536 2496 3604 ditionem

548 3620 1722 3773 mam:21ffi¹⁶33332333¹0
1757 3621 2499 3793 &53:1303322020‘2‘

549 3790 695 3859 diae
739 3791 970 3859 fuisset
985 3842 1001 3872 ,
1056 3791 1333 3859 liberum
1390 3794 1741 3860 transit-um
1793 3814 1912 3877 per
1967 3793 2198 3861 urbem
2238 3792 2496 3861 Iericho

549 3877 620 3943 in
697 3876 938 3944 finibus
1016 3878 1213 3945 sitam
1292 3878 1568 3946 advenis
1645 3878 2041 3962 quibuslibet
2117 3881 2497 3963 permittere

544 3964 619 4029 in
664 3963 1038 4030 discrimine
1082 3972 1221 4030 tam
1263 3964 1631 4031 manifesto.
1704 3965 1854 4031 Non
1898 3985 2058 4052 ergo
2099 3967 2342 4032 mirum
2376 3973 2496 4046 est,

547 4049 852 4116 homines
888 4050 1274 4135 incognitos,
1319 4060 1385 4117 et
1420 4069 1583 4134 quos
1615 4050 1825 4116 multa
1862 4050 2107 4119 indicia
2139 4049 2500 4135 prodebant

549 4132 776 4201 hostili
832 4136 1052 4202 animo
1101 4136 1398 4216 venisse,
1453 4136 1679 4203 statim
1735 4135 1940 4203 fuisse
1992 4136 2075 4202 ad
2118 4156 2341 4222 regem
2384 4136 2498 4205 de·

549 4221 738 4287 latos.
826 4219 1222 4305 Quanquam
1279 4222 1474 4288 simul
1529 4221 1680 4289 colli
1728 4222 1931 4302 imus,
1999 4223 2198 4290 fuisse
2256 4222 2498 4290 divini·

552 4314 660 4373 tus
714 4314 1123 4386 excaecatos,
1186 4304 1358 4390 quod
1401 4315 1625 4390 portas
1730 4307 1743 4321 ‘
1781 4307 2064 4392 'gentius
2109 4329 2237 4375 non
2282 4316 2497 4376 custo-

553 4390 830 4474 dierint,
889 4391 1043 4476 quia
1101 4392 1291 4459 facile
1350 4401 1522 4472 erat,
1580 4413 1663 4458 ex
1718 4414 1848 4477 quo
1901 4394 2184 4479 ingressi
2235 4395 2500 4461 fuerant

551 4478 843 4561 retineri,
885 4478 942 4545 si
985 4477 1329 4547 mediocris
1363 4476 1663 4545 adhibita
1692 4478 1925 4547 fuisset
1957 4479 2287 4547 sedulitas.
2354 4481 2500 4547 Imo

551 4566 859 4650 protinus
922 4563 1287 4631 examinari
1341 4585 1380 4630 o
1427 4565 1664 4631 ortuit:
1739 4572 1934 4651 atque
1990 4567 2086 4633 ita
2138 4566 2326 4633 nullo
2383 4588 2499 4634 ne·

554 4650 730 4737 gotio
811 4649 1092 4717 fuissent
1169 4648 1368 4734 depre
1417 4650 1577 4718 ensi.
1664 4649 1779 4720 Sic
1850 4672 2009 4736 ergo
2085 4653 2500 4739 trepidarunt

553 4737 734 4802 cives
777 4735 1066 4815 Iericho,
1128 4742 1206 4801 ut
1247 4735 1377 4802 Dei
1416 4736 1656 4805 iudicio
1699 4738 2134 4824 obstupefacti
2187 4739 2355 4806 nihil
2400 4760 2503 4806 ra-

553 4822 727 4888 tione
771 4821 879 4889 vel
932 4820 1204 4889 consilio
1262 4830 1551 4906 agerent.
1641 4823 1905 4890 Interea
1945 4827 2019 4891 in
2060 4824 2322 4892 easdem
2363 4825 2500 4891 fere

551 4929 591 4973 a
731 4907 893 4974 stiae
934 4905 1184 4975 redacti
1224 4914 1382 4973 sunt
1425 4908 1551 4976 duo
1593 4910 1837 4991 nuncii,
1876 4931 1952 4977 ac
1994 4911 2051 4975 ei
2094 4911 2176 4976 ad
2220 4930 2500 4995 poenam

554 5002 658 5059 tra
708 4992 858 5060 endi
915 5002 1158 5061 esseut.
1247 4993 1398 5060 Rex
1456 5017 1566 5062 eos
1619 4995 1918 5062 accersit:
1978 4996 2189 5064 latent
2228 4998 2303 5063 in
2346 5016 2498 5063 cau-

551 5099 754 5163 pona:
822 5080 963 5145 vita
1026 5098 1254 5146 eorum
1317 5100 1401 5145 ex
1463 5080 1694 5166 lingua
1757 5079 2051 5148 mulieris
2114 5102 2247 5149 non
2314 5102 2501 5149 secus

552 5174 748 5249 atque
793 5186 829 5230 e
873 5165 986 5231 filo
1027 5163 1287 5249 pendet.
1374 5165 1710 5232 Putarunt
1753 5166 2071 5248 nonnulli,
2113 5168 2499 5253 castigatam

553 5251 678 5317 hoc
736 5249 927 5318 modo
981 5251 1187 5318 fuisse
1230 5249 1662 5317 diffidentiam
1707 5251 1929 5332 Iosue,
1988 5253 2141 5338 quia
2183 5254 2319 5320 solo
2371 5252 2501 5319 Dei

555 5335 757 5403 ductu
820 5337 1029 5403 fretus
1091 5336 1409 5403 debuerat
1469 5357 1695 5405 secure
1769 5337 2066 5407 traiicere
2128 5339 2499 5408 Iordanem.

1760 433 2502 505 COMMENTARIUS
2547 435 2648 503 IN
2690 433 2972 503 IOSUE
3019 434 3218 503 CAP.
3262 433 3355 501 11.

4418 433 4547 499 440

2610 624 2858 691 Verum
2916 624 3133 691 exitus
3190 624 3262 689 in
3316 621 3642 690 diversam
3744 624 3917 690 otius
3975 623 4365 690 sententiam
4422 642 4546 688 nos

2608 707 2804 788 ducit,
2839 708 3055 776 Deum
3096 709 3339 792 ereptis
3376 729 3416 774 a
3447 716 3635 775 tanto
3717 708 4051 774 iscrimine
4095 709 4355 775 nunciis
4403 708 4547 773 ani-

2606 816 2758 863 mos.
2803 795 3041 880 populo
3098 792 3449 862 addidisse:
3508 794 3661 877 quia
3715 794 3785 860 in
3842 793 3956 860 illo
4010 795 4341 878 potentiae
4389 813 4548 860 suae

2608 878 2999 947 documento
3055 880 3271 965 palam
3328 880 3647 958 ostendit,
3691 900 3763 946 se
3807 899 3928 964 pro
3967 880 4177 947 salute
4219 879 4443 965 populi
4477 887 4551 946 et

2602 966 2772 1034 felici
2816 966 2887 1031 in
2933 974 3176 1032 terram
3216 966 3523 1050 ingressu
3564 965 3904 1032 excubare.

2776 1052 2836 1119 4.
2906 1051 3147 1119 Mulier
3187 1052 3424 1133 accepit
3460 1051 3648 1117 viros,
3736 1050 4074 1118 Ooniicere
4117 1051 4274 1119 licet
4287 1100 4304 1130 ,
4361 1058 4549 1116 ante·

2603 1159 2800 1222 quam
2856 1138 3038 1206 iussa
3091 1138 3294 1204 fuerit
3332 1135 3569 1203 Rahab
3612 1156 3723 1203 eos
3778 1146 4273 1222 repraesentare
4286 1187 4304 1218 ,
4363 1157 4552 1221 spar-

2603 1245 2751 1291 sum
2792 1223 2996 1291 fuisse
3038 1242 3369 1290 rumorem
3415 1221 3497 1288 de
3553 1241 3781 1289 eorum
3840 1223 4130 1291 adventu
4147 1273 4163 1301 ‚
4217 1231 4413 1307 atque
4452 1223 4554 1289 ita

2604 1308 3082 1394 aliquantulum
3139 1307 3455 1392 temporis
3512 1306 3742 1375 datum
3793 1306 4002 1376 fuisse
4061 1308 4143 1374 ad
4187 1329 4299 1376 eos
4341 1307 4555 1375 occul-

2605 1395 2853 1463 tandos.
2940 1395 3035 1461 Et
3076 1401 3272 1474 certe,
3318 1392 3539 1460 audito
3582 1393 3759 1479 regis
3801 1392 4132 1474 mandato,
4181 1394 4310 1461 nisi
4353 1394 4553 1460 rebus

2604 1479 2683 1548 ad
2741 1479 3099 1548 fallendum
3153 1481 3356 1565 probe
3415 1478 3817 1562 compositis,
3884 1500 4016 1546 non
4073 1480 4307 1547 fuisset
4348 1480 4550 1565 tergi·

2603 1565 2914 1634 versandi
2976 1564 3189 1635 locus:
3257 1565 3468 1631 multo
3533 1574 3750 1631 autem
3816 1565 4035 1632 minus
4099 1586 4258 1633 ausa
4314 1565 4553 1632 fuisset

2601 1659 2740 1719 tam
2783 1672 3010 1719 secure
3053 1651 3336 1718 mentiri.
3405 1649 3659 1717 Verum
3720 1651 3875 1734 quia
3916 1671 4068 1718 suos
4123 1651 4415 1736 hospites
4455 1652 4552 1719 sic

2601 1745 2889 1818 texerat,
2934 1744 3012 1804 ut
3051 1736 3334 1804 difficilis
3379 1743 3549 1804 esset
3589 1734 4007 1821 investigatio
4025 1786 4041 1817 ,
4085 1737 4304 1823 prodit
4344 1737 4550 1804 intre-

2645 1822 2753 1890 ide
2793 1825 2867 1890 in
2931 1821 3216 1890 medium
3232 1871 3248 1900 ,
3322 1830 3388 1889 et
3451 1820 3687 1890 callido
3752 1842 4064 1906 responso
4128 1843 4199 1889 se
4263 1823 4548 1907 expedit.

2811 1909 2920 1975 hic
2994 1908 3331 1993 quaeritur
3346 1954 3363 1983 ,
3438 1908 3724 1991 primum
3803 1907 4089 1975 fueritne
4160 1908 4551 1976 excusabilis

2604 1996 2854 2079 patriae
2915 1993 3236 2079 proditio:
3303 1992 3536 2060 deinde
3598 2014 3683 2059 an
3750 1992 4160 2060 mendacium
4224 1994 4384 2061 vitio
4441 2016 4550 2062 ca·

2604 2081 2829 2149 ruerit.
2921 2079 3180 2151 Scimus
3257 2080 3650 2146 naturaliter
3719 2079 4093 2165 ingenitum
4156 2080 4343 2147 nobis
4407 2101 4551 2147 esse

2601 2167 2856 2251 patriae
2914 2186 3200 2232 amorem
3217 2215 3233 2246 ,
3299 2185 3466 2317 «ἓξὲξ
3520 2165 3701 2231 velut
3760 2165 4130 2233 communis
4173 2174 4276 2232 est
4316 2174 4547 2232 mater.

2605 2252 2832 2335 Quum
2874 2272 3031 2335 ergo
3072 2251 3271 2318 sciret
3466 2251 3547 2317 ab
3592 2250 3673 2317 de
3715 2250 3900 2317 clade
3942 2251 4123 2318 urbis
4164 2252 4272 2337 agi
4288 2302 4304 2331 ,
4363 2252 4550 2319 cuius

2602 2338 2914 2423 indigena
2954 2345 3023 2404 et
3064 2337 3336 2404 alumna
3369 2344 3540 2416 erat,
3597 2334 3980 2403 detestanda
4038 2336 4296 2404 videtur
4346 2337 4551 2403 fuisse

2601 2422 3055 2491 inhumanitas
3068 2472 3086 2504 ‚
3148 2421 3592 2506 speculatores
3655 2421 3925 2489 consilio
3988 2431 4057 2489 et
4110 2442 4232 2506 ope
4295 2423 4548 2490 iuvare.

2601 2509 2866 2577 Puerile
2901 2507 3220 2594 effugium
3255 2515 3374 2589 est,
3407 2507 3700 2574 nondum
3739 2508 4059 2591 professos
4092 2509 4294 2576 fuisse
4326 2509 4552 2576 hostes

2604 2594 2777 2662 bello
2840 2615 2975 2661 non
3028 2593 3305 2662 indicto:
3370 2592 3628 2678 quando
3684 2595 3845 2661 satis
3910 2594 4119 2679 liquet
4170 2595 4241 2660 in
4304 2595 4552 2662 civium

2603 2701 2872 2748 suorum
2931 2679 3283 2763 perniciem
3327 2678 3753 2764 conspirasse.
3841 2680 4024 2764 Ergo
4066 2680 4205 2747 sola
4248 2681 4549 2767 cognitio,

2604 2785 2799 2852 quam
2842 2765 3029 2833 Deus
3070 2764 3289 2831 animo
3332 2766 3476 2831 eius
3517 2764 3778 2849 indidit,
3819 2785 3964 2832 eam
4009 2765 4244 2832 eximit
4276 2787 4317 2832 a
4356 2766 4553 2851 culpa

2604 2860 2916 2937 tanquam
2960 2851 3243 2917 solutam
3286 2850 3616 2917 communi
3672 2850 3837 2934 lege.
3923 2850 4265 2918 Laudatur
4307 2873 4347 2918 a
4391 2851 4550 2918 duo-

2603 2939 2725 3006 bus
2767 2937 3076 3021 apostolis
3118 2936 3261 3002 eius
3303 2936 3466 3002 fides
3507 2934 3737 3024 (Hebr.
3777 2936 3878 3016 11,
3926 2936 4006 3002 31
4045 2946 4115 3003 et
4155 2937 4287 3006 Iac.
4332 2938 4393 3018 2,
4437 2935 4552 3024 25)

2604 3024 2718 3109 qui
2774 3023 2969 3089 simul
3035 3028 3393 3103 testantur,
3456 3022 3741 3090 officium
3794 3021 3970 3105 quod
4034 3023 4549 3108 speculatoribus

2600 3109 2964 3194 praestitit,
3023 3107 3168 3174 Deo
3211 3108 3413 3175 fuisse
3475 3114 3757 3193 gratum.
3844 3107 3996 3175 Non
4039 3108 4283 3177 mirum
4325 3109 4348 3174 i
4397 3110 4550 3187 itur,

2601 3195 2659 3262 si
2701 3196 2917 3275 Deus,
2960 3194 3073 3261 ubi
3115 3192 3460 3260 mulierem
3506 3200 3887 3260 extraneam
3931 3193 4278 3262 traducere
4317 3194 4550 3281 digna-

2601 3289 2711 3346 tus
2767 3290 2866 3347 est
2926 3279 3007 3346 ad
3063 3278 3379 3364 populum
3434 3299 3629 3346 suum
3687 3288 3754 3345 et
3813 3280 3882 3345 in
3948 3279 4260 3347 ecclesiae
4313 3301 4550 3365 corpus

2601 3367 2923 3446 inserere,
2978 3384 3019 3430 a
3061 3372 3256 3450 gente
3314 3365 3589 3449 profana
3632 3372 3700 3431 et
3755 3364 4104 3433 maledicta
4155 3366 4546 3453 segregavit.

2604 3451 2926 3535 Quamvis
2958 3452 3180 3534 itaque
3216 3449 3300 3516 ad
3334 3470 3486 3517 eum
3520 3469 3731 3534 usque
3764 3448 3939 3517 diem
3972 3449 4284 3520 obstricta
4317 3452 4552 3520 fuisset

2601 3534 4552 3707 gffissssfflt‘ss?ffliffiwffltffimwffi

2601 3731 2642 3776 a
2676 3711 2822 3776 iure
2877 3708 3237 3787 societatis,
3296 3729 3422 3792 quo
3466 3709 3638 3774 iuter
3679 3728 3751 3774 se
3808 3707 4094 3775 devincti
4147 3717 4305 3776 sunt
4345 3710 4548 3777 cives.

2602 3793 2908 3879 Denique
2942 3803 3018 3859 ut
3038 3792 3166 3861 fide
3202 3794 3515 3860 transiret
3546 3794 3619 3859 in
3653 3813 3901 3859 novum
3935 3794 4271 3879 populum,
4306 3816 4549 3861 renun-

2600 3882 2775 3949 ciare
2836 3880 3130 3964 oportuit
3183 3879 3320 3946 suis
3383 3878 3827 3964 popularibus.
3917 3881 4009 3944 Et
4072 3880 4229 3964 quia
4291 3888 4549 3947 tantum

2600 3967 2727 4034 Dei
2762 3965 3002 4032 iudicio
3039 3964 3387 4049 acquievit,
3433 3965 3689 4031 nullum
3733 3963 3806 4029 in
3849 3965 4215 4048 proditione
4257 3966 4381 4032 fuit
4421 3968 4551 4034 cri-

2600 4073 2776 4118 men.
2864 4053 2969 4118 De
3014 4049 3351 4117 mendacio
3393 4051 3486 4118 sic
3531 4049 3908 4119 habendum
3955 4059 4086 4118 est:
4132 4052 4435 4136 quamvis
4477 4052 4548 4118 in

2599 4138 2848 4205 bonum
2891 4138 3091 4204 finem
3134 4136 3459 4204 tenderet:
3505 4158 3636 4203 non
3682 4147 3903 4203 tamen
3945 4137 4145 4205 fuisse
4188 4147 4379 4204 extra
4411 4139 4549 4206 cul-

2602 4244 2772 4309 pam.
2860 4223 3034 4290 Nam
3091 4222 3206 4307 qui
3261 4223 3671 4290 mendacium
3719 4221 4080 4290 officiosum
4124 4244 4392 4306 prorsus
4433 4246 4550 4291 ex·

2600 4316 2832 4378 cusant
2848 4359 2863 4387 ,
2907 4330 3039 4376 non
3082 4309 3240 4375 satis
3284 4308 3666 4389 attendunt,
3708 4327 3904 4390 quam
3946 4308 4232 4393 pretiosa
4274 4311 4361 4376 sit
4403 4308 4549 4378 Deo

2602 4396 2865 4463 veritas.
2915 4395 3097 4480 Ergo
3132 4394 3438 4478 quamvis
3472 4395 3707 4461 fratres
3744 4403 3999 4461 nostros
4033 4395 4280 4476 iuvare,
4321 4416 4550 4462 eorum

2602 4481 2800 4550 saluti
2841 4480 3211 4560 consulere,
3269 4486 3338 4547 et
3377 4480 3554 4564 ipsos
3596 4478 3943 4547 sublevare
3983 4481 4388 4565 propositum
4430 4484 4548 4548 sit:

2603 4586 2941 4651 nunquam
2998 4565 3267 4632 mentiri
3318 4565 3419 4632 fas
3475 4566 3634 4633 erit:
3708 4565 3860 4649 quia
3917 4573 4169 4632 rectum
4224 4588 4367 4634 esse
4418 4588 4554 4633 non

2605 4661 2849 4738 potest,
2913 4650 3089 4735 quod
3119 4650 3269 4717 ‘Dei
3332 4659 3610 4718 naturae
3674 4660 3777 4718 est
3839 4652 4258 4718 contrarium.
4347 4655 4555 4736 Atqui

2606 4740 2789 4804 Deus
2833 4747 2934 4804 est
2978 4736 3240 4803 veritas.
3329 4736 3559 4820 Neque
3601 4746 3818 4804 tamen
3860 4736 4006 4805 ideo
4049 4738 4319 4804 virtutis
4362 4738 4555 4806 laude

2604 4824 2869 4891 exuitur
2911 4841 3072 4907 opus
3116 4821 3372 4903 Rahab,
3419 4824 3717 4907 quamvis
3759 4823 4021 4889 macula
4060 4823 4150 4890 sit
4190 4842 4553 4908 aspersum.

2606 4909 2822 4994 Saepe
2858 4909 3034 4975 enim
3091 4909 3444 4993 contingit,
3489 4908 3648 4976 dum
3692 4909 3902 4976 sancti
3946 4917 4193 4976 rectam
4237 4909 4414 4976 viam
4457 4919 4554 4977 te-

2604 5016 2761 5061 nere
2804 4994 3070 5062 student
3084 5044 3100 5074 ,
3143 4995 3216 5060 in
3259 4994 3554 5080 obliquos
3590 5006 3809 5062 tamen
3850 4994 4160 5063 circuitus
4202 4994 4552 5063 divertere.

2603 5082 2783 5147 Dum
2828 5079 3126 5149 Rebecca
3167 5080 3302 5146 filio
3344 5102 3462 5148 suo
3505 5079 3698 5148 Iacob
3756 5078 4271 5147 benedictionem
4316 5102 4553 5165 procu-

2604 5175 2710 5233 rat
2724 5217 2740 5245 ,
2799 5164 3058 5233 oraculo
3114 5166 3482 5235 subscribit.
3569 5165 3655 5232 In
3697 5166 4016 5233 eiusmodi
4056 5167 4364 5250 obsequio
4402 5167 4554 5252 pius

2604 5260 2673 5320 et
2711 5251 2909 5319 laude
2950 5250 3191 5337 dignus
3232 5251 3408 5320 zelus
3452 5252 3861 5338 perspicitur.
3950 5253 4156 5337 Atqui
4198 5252 4408 5319 filium
4447 5252 4556 5320 Ia·

2605 5337 2724 5407 cob
2787 5336 3206 5406 subornando
3268 5338 3341 5404 in
3393 5337 3608 5406 locum
3664 5339 3842 5406 Esau
3859 5388 3875 5420 ,
3941 5357 4079 5405 non
4135 5337 4408 5406 dubium
4451 5349 4555 5407 eet
