5017 6142
384 417 511 484 497

384 612 651 692 perent,
705 606 981 688 abrupta
1032 605 1147 669 illa
1203 605 1579 671 narratione
1633 626 1787 672 mox
1847 610 2204 675 transierat
2247 607 2330 674 ad

387 692 792 760 Gibeonitas.
841 689 1032 773 Quod
1055 698 1275 757 autem
1300 691 1382 755 de
1402 690 1667 775 regibus
1689 694 2124 760 communiter
2142 694 2329 760 dixe-

385 788 511 858 rat,
555 795 730 843 nunc
770 777 1025 843 confert
1065 776 1137 841 in
1182 775 1382 843 unius
1426 775 1715 843 hominis
1755 799 2132 861 personam:
2194 801 2327 845 non

384 863 561 949 quod
614 863 793 930 solus
849 861 1261 928 Adonizedec
1318 862 1639 927 timuerit:
1711 863 1825 929 sed
1892 865 2046 948 quia
2101 886 2330 932 omnes

385 951 550 1017 alios
607 948 1067 1028 concitaverit,
1124 958 1192 1013 et
1250 947 1387 1013 dux
1441 956 1634 1031 atque
1695 956 1883 1015 auter
1939 954 2330 1037 praecipuus

385 1036 587 1104 fuerit
633 1034 903 1120 gerendi
962 1034 1119 1100 belli
1181 1043 1407 1100 contra
1463 1034 1814 1101 Israelitas.
1901 1036 2109 1121 quue
2167 1038 2329 1103 satis

384 1122 779 1205 exprimitur
831 1120 1069 1203 plurali
1135 1120 1318 1186 verbi
1373 1139 1663 1186 numero.
1753 1118 1978 1201 Quum
2008 1123 2329 1189 audisset

387 1206 828 1287 Adouizedec,
900 1206 1267 1271 timuerunt
1321 1204 1543 1271 valde:
1601 1205 1778 1272 unde
1837 1217 2109 1291 apparet
2164 1229 2327 1274 eun-

386 1295 541 1362 dem
592 1293 893 1360 omnibus
934 1292 1138 1357 fuisse
1175 1291 1500 1357 animum:
1558 1290 1672 1358 sed
1731 1293 1885 1376 quia
1927 1294 1997 1358 in
2040 1294 2326 1378 trepida·

386 1381 565 1446 tione
619 1379 733 1445 alii
786 1377 1165 1457 cessabant,
1224 1376 1399 1443 huuc
1456 1377 1564 1460 qui
1621 1378 1973 1445 autoritate
2024 1379 2325 1463 pollebat,

382 1476 454 1533 et
499 1464 923 1550 propinquior
966 1473 1107 1529 erat
1146 1463 1434 1546 periculo
1452 1512 1466 1540 ,
1528 1482 1797 1529 vocasse
1838 1472 2122 1549 quatuor
2165 1466 2325 1532 alios

385 1550 469 1618 ad
528 1571 730 1618 arma.
838 1549 1019 1634 Ergo
1080 1548 1268 1613 initio
1332 1549 1561 1631 capitis
1623 1549 1946 1633 repetitur
2008 1551 2326 1635 quomodo

384 1639 761 1705 societatem
840 1633 1115 1702 coierint
1192 1635 1478 1717 quinque
1554 1654 1745 1719 reges
1770 1685 1786 1715 ,
1866 1645 1942 1701 ut
2003 1636 2325 1703 Israelitis

384 1729 806 1792 occurrerent
868 1720 950 1787 ad
992 1719 1503 1804 propulsandam
1566 1741 1733 1803 quae
1774 1722 2077 1788 omnibus
2119 1724 2326 1790 insta·

386 1810 503 1876 bat
562 1808 836 1876 cladem.
944 1807 1195 1873 Verum
1259 1806 1410 1889 quia
1473 1826 1545 1872 se
1618 1806 1870 1872 interea
1943 1807 2328 1875 dediderant

384 1895 783 1963 Gibeonitae
838 1893 908 1957 in
965 1893 988 1958 i
1036 1912 1143 1958 sos
1198 1892 1413 1974 primo
1467 1912 1652 1958 arma
1706 1903 2006 1959 vertunt:
2064 1903 2207 1960 tum
2250 1904 2330 1959 ut

384 2001 663 2066 poenam
746 1999 975 2045 sumen
1022 1999 1060 2043 o
1132 1978 1315 2060 quasi
1393 1975 1474 2043 de
1550 1978 1800 2060 pau-iae
1868 1979 2327 2062 proditoribus,

382 2066 762 2151 exemplum
819 2073 1189 2131 statuerent
1239 2062 1539 2129 omnibus
1584 2063 1846 2132 vicinis:
1894 2076 2036 2130 tum
2084 2075 2155 2131 ut
2197 2066 2328 2131 illis

385 2154 581 2222 victis
643 2161 963 2235 terrorem
1027 2149 1406 2215 incuterent
1469 2149 1796 2229 hostibus,
1874 2171 2027 2216 suos
2104 2162 2323 2216 autem

384 2241 631 2306 milites
673 2237 756 2303 ad
800 2236 1104 2302 fiduciam
1150 2235 1536 2300 animarent.
1624 2234 1920 2320 Aggredi
1972 2258 2128 2322 ergo
2170 2257 2326 2303 con-

386 2326 677 2392 stituunt
752 2321 1140 2389 Gibeonitas
1224 2321 1339 2403 qui
1407 2341 1528 2386 sua
1595 2320 1921 2406 legatione
1983 2332 2327 2406 rupturam

383 2411 695 2489 fecerant,
741 2417 814 2474 ut
856 2407 1032 2473 viam
1078 2408 1514 2490 patefacerent
1556 2405 1894 2474 Israelitis.
1954 2409 2051 2475 Et
2094 2408 2327 2476 hones-

385 2512 496 2565 tus
560 2495 822 2582 quidem
865 2492 1031 2576 ‚beni
1075 2502 1459 2578 praetextus
1514 2492 1659 2573 fuit,
1724 2514 1948 2559 eorum
1984 2494 2327 2562 mollitiem

384 2585 644 2661 ulcisci,
688 2581 822 2665 .qui
887 2580 1222 2646 extraneis
1287 2578 1369 2643 ad
1427 2579 1649 2645 omnia
1691 2580 2016 2646 vastanda
2058 2601 2326 2648 manum

382 2670 717 2756 porrigere
760 2665 1159 2744 maluerant,
1226 2684 1418 2747 quam
1484 2664 1734 2731 vicinos
1776 2665 2060 2732 fideliter
2102 2666 2324 2732 defen·

382 2757 558 2823 dere.
645 2751 1032 2820 Gibeonitae
1096 2771 1254 2818 vero
1319 2752 1576 2836 experti
1640 2764 1796 2816 suut
1852 2773 2048 2835 quam
2092 2752 2325 2819 inutile

380 2852 560 2911 esset
602 2849 892 2906 astutum
935 2836 1311 2905 consilium:
1370 2837 1501 2903 nisi
1557 2837 2003 2905 misericordia
2059 2838 2325 2904 Israeli·

380 2938 599 2995 tarum
646 2924 889 2991 ser-vati
933 2932 1171 2988 essent.
1259 2922 1524 2988 Interea
1556 2942 1798 3007 -passus
1842 2930 1942 2990 est
1981 2924 2169 2991 Deus
2215 2944 2324 2991 eos

378 3011 761 3101 periclitari,
805 3018 884 3075 ut
924 3009 1026 3077 bis
1069 3008 1326 3073 liberati
1370 3007 1683 3073 libentius
1717 3028 1792 3074 ac
1813 3009 2133 3094 placidius
2167 3010 2324 3095 iugo

379 3122 456 3168 se
497 3097 909 3167 subiicerent.

556 3187 617 3251 6.
662 3181 980 3249 Miserunt
1030 3181 1241 3263 itaque
1295 3181 1426 3246 viri
1485 3180 1740 3247 Gibecm.
1830 3178 2050 3248 Series
2116 3182 2323 3248 histo-

379 3274 523 3339 riae
579 3273 847 3336 inversa
912 3274 1044 3333 est:
1111 3266 1268 3349 quia
1328 3281 1506 3331 certe
1570 3286 1705 3331 non
1771 3274 2327 3349 exspectaverunt

382 3358 773 3426 Gibeonitae
828 3353 989 3418 dum
1039 3352 1526 3431 obsiderentur,
1586 3351 1701 3417 sed
1760 3372 1964 3435 quum
2021 3353 2328 3424 viderent

380 3442 631 3511 armari
672 3450 741 3507 et
780 3439 1017 3506 instrui
1061 3440 1442 3519 exercitum,
1486 3458 1608 3505 nec
1651 3436 1919 3505 dubium
1957 3445 2132 3506 esset
2166 3441 2326 3522 quin

378 3527 751 3597 sustinendi
796 3526 955 3611 ipsis
997 3533 1217 3590 essent
1258 3524 1455 3608 primi
1498 3525 1801 3606 impetus,
1846 3525 1999 3608 quia
2031 3526 2326 3591 omnium

378 3615 536 3683 odia
602 3614 670 3679 in
741 3633 812 3678 se
882 3611 1333 3677 conflaverant
1350 3659 1365 3687 ,
1434 3620 1784 3693 antequam
1840 3622 2324 3696 oppugnantur,

379 3712 639 3768 mature
684 3697 1075 3781 confugiunt
1118 3696 1202 3762 ad
1243 3694 1438 3761 fidem
1483 3695 1696 3761 Iosue.
1767 3696 1939 3763 Nam
1984 3718 2095 3763 eos
2141 3697 2324 3764 dese·

380 3809 533 3855 rere
576 3785 807 3870 quibus
853 3783 1008 3849 data
1048 3784 1266 3848 fuerat
1309 3782 1475 3860 vita,
1521 3802 1734 3865 neque
1775 3794 2027 3849 rectum
2048 3834 2066 3862 ,
2113 3804 2326 3868 neque

380 3875 751 3939 humanum
776 3920 790 3948 ,
869 3889 1079 3951 neque
1147 3868 1245 3934 fas
1311 3868 1562 3933 fuisset.
1670 3867 1818 3934 Imo
1882 3869 2033 3952 quia
2093 3869 2326 3935 foedus

380 3966 661 4043 sequuta
701 3965 844 4022 erat
886 3954 1145 4032 deditio,
1189 3963 1414 4021 contra
1449 3953 1585 4018 vim
1620 3960 1687 4019 et
1721 3955 2031 4021 iniuriam
2066 3954 2323 4020 defendi

378 4046 688 4130 oportuit.
775 4040 1015 4108 Merito
1077 4041 1300 4123 itaque
1362 4038 1715 4122 implorant
1769 4039 2134 4120 Israelitas,
2200 4039 2325 4107 sub

381 4151 660 4217 quorum
715 4137 907 4194 erant
961 4125 1289 4192 clientela:
1357 4145 1480 4190 uec
1524 4145 1678 4190 vero
1722 4135 2070 4193 cunctatur
2110 4126 2321 4205 Iosue,

380 4218 534 4302 quia
555 4234 828 4282 suarum
871 4215 1156 4297 partium
1201 4231 1345 4277 esse
1388 4208 1651 4286 iudicat,
1695 4233 1856 4294 quos
1899 4212 2103 4278 semel
2144 4234 2323 4280 rece-

378 4305 479 4388 pit
534 4303 605 4366 in
646 4321 835 4367 suam
878 4298 1267 4378 clientelam,
1311 4296 1502 4363 tueri.
1588 4297 1989 4364 Fefellerant
2031 4299 2323 4381 quidem:

381 4388 500 4457 sed
543 4409 629 4454 ex
671 4406 800 4470 quo
823 4385 1005 4451 fraus
1046 4382 1301 4449 detecta
1333 4382 1569 4460 fuerat,
1615 4391 1691 4448 ut
1724 4404 1868 4449 eam
1905 4384 2323 4451 excusatione

381 4475 771 4559 interposita
814 4469 1091 4536 confessi
1137 4476 1344 4545 erant,
1384 4469 1580 4533 venia
1622 4490 1856 4536 rursus
1900 4469 2054 4535 data
2085 4470 2323 4536 fuerat:

381 4562 488 4627 Ita
559 4559 854 4643 aequims
926 4563 992 4621 et
1062 4555 1258 4623 officii
1327 4553 1444 4619 rel’
1500 4554 1560 4618 ‘o
1614 4556 1997 4622 constrictos
2061 4556 2324 4623 tenebat

380 4646 735 4719 Israelitas,
773 4664 856 4709 ne
891 4663 1117 4709 eorum
1153 4659 1378 4707 curam
1414 4658 1455 4704 a
1497 4640 1784 4707 iicerent.
1832 4641 2062 4708 Laude
2097 4654 2322 4708 tamen

384 4733 585 4817 digna
628 4740 730 4796 est
770 4729 967 4796 Iosue
1010 4724 1490 4812 promptitudo,
1548 4727 1717 4810 quod
1772 4735 2039 4811 rogatus
2081 4730 2323 4811 absque

381 4838 566 4885 mora
649 4816 989 4883 succurrit.
1113 4812 1380 4881 Dicitur
1460 4813 1636 4878 enim
1719 4819 1857 4879 tota
1932 4821 2120 4880 noete
2197 4815 2325 4880 iter

381 4904 636 4985 fecisse,
678 4911 755 4969 ut
796 4921 917 4986 pro
959 4901 1168 4967 salute
1212 4899 1413 4965 totius
1454 4897 1680 4982 populi
1723 4897 2107 4982 diligentius
2142 4899 2321 4965 festi-

382 5011 547 5057 nare
604 5009 739 5055 non
792 4988 1099 5072 potuerit.
1187 4984 1263 5052 Si
1316 4981 1544 5050 eadem
1598 5005 1857 5069 semper
1918 4984 1989 5050 in
2033 4985 2324 5068 profanis

383 5075 691 5161 gentibus
732 5072 1051 5139 valuisset
1106 5069 1478 5149 sinceritas,
1534 5070 1606 5134 in
1663 5078 1957 5156 tempore
1999 5070 2325 5139 iuvissent

382 5162 602 5247 potius
643 5180 793 5226 suos
835 5157 1199 5225 foederatos
1242 5175 1437 5241 quam
1479 5154 1609 5221 ulti
1651 5166 1872 5223 essent
1913 5156 2129 5225 clades
2162 5157 2322 5241 ipsis

381 5248 621 5315 illatas.
666 5244 729 5311 N
812 5266 896 5311 ue
918 5253 1141 5310 tamen
1165 5240 1485 5326 particula
1506 5252 1778 5326 repente
1798 5243 2111 5328 restringi
2132 5242 2326 5310 debet

379 5334 467 5400 ad
509 5352 719 5400 unum
730 5265 957 5411 ediem,
999 5329 1187 5414 quasi
1220 5327 1420 5399 tridui
1453 5326 1582 5395 iter
1603 5337 1791 5398 nocte
1827 5349 1961 5397 una
1998 5350 2320 5411 emensus,

583 5433 807 5490 Caluini
830 5448 1017 5504 opera.
1087 5435 1207 5492 1⁷0⁷.
1253 5433 1371 5489 XX
1384 5432 1447 5487 V.

1577 415 2322 490 COMMENTARIUS
2366 421 2467 488 IN
2510 420 2793 488 IOSUE
2837 420 3038 487 OAP.
3084 421 3173 486 X.

4242 419 4376 485 498

2428 607 2746 692 postridie
2815 606 3192 674 Gibeonitis
3254 607 3647 691 apparuerit.
3751 607 4036 673 Tantum
4106 613 4372 674 notatur

2427 714 2686 761 summa
2747 695 3046 760 celeritas
3110 693 3282 776 quod
3349 694 3418 759 in
3484 692 3848 759 crastinum
3904 693 4371 776 profectionem

2428 801 2562 847 non
2628 780 2902 866 distulit.
3012 779 3183 844 Nam
3247 800 3444 861 quum
3515 788 3667 844 ante
3730 785 3945 845 castra
4007 780 4372 846 movissent

2426 866 2768 932 Israelitae
2803 864 2886 931 ab
2931 867 3034 945 Αἰ,
3080 873 3192 930 aut
3236 864 3351 929 illa
3391 865 3652 943 vicinia,
3704 884 3836 931 nen
3882 872 4037 930 ante
4079 863 4366 931 triduum

2425 953 2592 1019 fines
2636 951 3138 1018 Gibeonitarum
3182 951 3462 1035 ingressi
3507 958 3677 1016 sunt.
3766 949 3858 1016 Ut
3902 949 4147 1031 demus,
4193 950 4369 1017 lente

2426 1046 2583 1105 tunc
2628 1037 2767 1105 acie
2803 1037 3122 1121 disposita
3161 1036 3361 1101 fuisse
3404 1055 3799 1120 progressos,
3845 1035 4107 1120 longius
4144 1037 4370 1102 aberat

2425 1122 2620 1189 Iosue
2676 1123 2938 1207 quando
2992 1143 3170 1187 nunc
3226 1120 3307 1185 ad
3362 1142 3548 1205 opem
3593 1121 3972 1188 Gibeonitis
4032 1122 4367 1188 ferendam

2425 1208 2551 1274 fuit
2607 1209 2980 1276 accersitus.
3082 1206 3391 1273 Vidimus
3454 1207 3632 1273 enim
3691 1206 3918 1291 Gilgal
3984 1229 4024 1272 a
4081 1209 4366 1274 transitu

2425 1294 2728 1360 Iordanis
2770 1295 3043 1377 primam
3089 1294 3291 1359 fuisse
3332 1295 3701 1372 stationem,
3747 1305 3822 1358 ut
3856 1294 4161 1359 remotior
4197 1301 4369 1360 esset

2425 1401 2621 1465 quam
2664 1379 2943 1447 Iericho.
3035 1377 3112 1446 Si
3169 1380 3269 1445 cui
3329 1377 3598 1443 videtur
3655 1376 4042 1458 absurdum,
4100 1400 4181 1444 ex
4240 1399 4368 1463 quo

2425 1467 2674 1550 aliquot
2713 1467 2975 1532 urbium
3022 1464 3335 1530 ditionem
3379 1474 3836 1547 occupaverat,
3886 1476 4060 1530 retro
4102 1485 4365 1532 cursum

2424 1552 2769 1630 flectendO,
2815 1572 3090 1617 vacuam
3130 1550 3428 1617 hostibus
3462 1549 3819 1633 reliquisse,
3865 1549 3938 1615 in
3970 1570 4098 1633 qua
4132 1550 4367 1617 deinde

2424 1637 2872 1721 recuperanda
2895 1636 3273 1704 subeundus
3308 1646 3480 1703 esset
3501 1656 3711 1701 novus
3731 1635 3944 1701 labor:
3988 1635 4365 1719 responden,

2426 1745 2561 1789 non
2600 1724 2806 1789 fuisse
2841 1722 3207 1790 timendum
3245 1743 3330 1787 ne
3367 1722 3627 1806 lougius
3657 1721 3913 1787 obviam
3938 1721 4278 1806 prodirent
4298 1729 4368 1788 et

2426 1810 2907 1892 expeditionem
2965 1809 3371 1890 susciperent
3414 1828 3651 1888 magno
3696 1805 4071 1873 discrimine
4116 1815 4184 1873 et
4225 1807 4368 1891 pari

2427 1895 2727 1962 molestia
2748 1896 3030 1978 plenam.
3076 1892 3425 1960 Probabile
3446 1894 3622 1959 enim
3656 1905 3773 1971 est,
3811 1892 3967 1958 dum
4004 1892 4087 1959 ad
4118 1913 4369 1978 oppug-

2427 1980 2710 2047 nandam
2774 1980 3035 2046 Iericho
3109 1980 3373 2046 habitus
3439 1978 3562 2043 fuit
3627 1977 3920 2045 delectus
3941 2030 3960 2058 ,
4039 1979 4368 2059 mulieres,

2425 2066 2768 2150 parvulos,
2835 2076 3170 2149 totamque
3240 2063 3565 2131 imbellem
3632 2064 3895 2129 turbam
3952 2085 4104 2131 cum
4163 2066 4371 2148 impe·

2426 2152 2737 2231 dimentis
2779 2150 2850 2218 in
2894 2153 3007 2218 illo
3050 2160 3282 2234 pacato
3317 2150 3559 2234 angulo
3603 2150 3990 2230 substitisse,
4036 2171 4239 2234 quum
4289 2150 4374 2217 ab

2423 2239 2721 2322 opposita
2776 2238 2923 2323 ripa
2975 2235 3279 2303 Iordanis
3336 2234 3659 2320 praesidio
3723 2246 3938 2301 esseut
4007 2238 4115 2320 qui
4160 2237 4370 2303 relicti
4456 2256 4465 2267 ·

2425 2324 2697 2390 fueraut
2739 2345 2821 2390 ex
2869 2322 3221 2390 Rubenitis
3265 2331 3335 2387 et
3378 2320 3644 2389 Gaditis
3686 2342 3836 2388 cum
3885 2320 4151 2387 dimidia
4194 2322 4372 2388 tribu

2426 2411 2755 2476 Manasse.
2845 2409 3179 2491 Quorsum
3223 2408 3399 2474 enim
3454 2428 3695 2490 pueros
3738 2416 3806 2472 et
3846 2406 4153 2474 mulieres
4208 2407 4370 2474 alias

2427 2495 2756 2581 gravidas,
2798 2495 2964 2562 alias
2997 2514 3370 2578 puerperas,
3414 2493 3574 2559 alias
3612 2493 3898 2558 nutrices
3941 2514 4088 2560 eum
4126 2495 4372 2561 teneris

2425 2582 2648 2666 pueris
2691 2582 2760 2647 in
2804 2580 3056 2665 proelia
3098 2578 3501 2647 traxissent?
3568 2578 3760 2645 Unde
3804 2586 4029 2644 tantae
4072 2579 4374 2645 multitu-

2429 2668 2570 2734 dini
2614 2688 2878 2735 annona
2919 2667 3096 2733 iuter
3139 2665 3427 2733 hostium
3459 2663 3912 2732 incursiones?
3956 2661 4132 2730 unde
4172 2683 4371 2748 aqua·

2428 2755 2520 2821 tio
2578 2774 2747 2836 quae
2801 2761 3026 2820 tantae
3085 2752 3467 2818 animalium
3524 2751 3748 2835 copiae
3791 2749 4163 2817 sufficeret?
4254 2749 4370 2819 Sic

2428 2841 2635 2925 igitur
2674 2848 2923 2919 statuo,
2983 2838 3205 2917 Iosue,
3266 2847 3333 2903 et
3375 2837 3615 2902 milites
3658 2834 3742 2900 ad
3785 2855 3908 2902 sua
3950 2835 4373 2903 tabernacula

2427 2947 2726 2993 reversos
2781 2946 2956 3005 esse,
3015 2934 3092 2989 ut
3142 2945 3294 2991 cum
3349 2922 3664 2989 uxoribus
3723 2929 3787 2987 et
3829 2922 4053 2988 liberis
4095 2942 4166 2989 se
4209 2943 4372 3005 pau·

2427 3011 2629 3097 lisper
2685 3012 3062 3090 reficerent,
3125 3030 3200 3076 ac
3245 3009 3455 3092 spolia
3493 3007 3627 3075 illic
3670 3007 4088 3092 deponerent,
4135 3009 4373 3090 quibus

2426 3098 2692 3163 fuerant
2734 3096 3127 3181 locupletati.

2602 3184 2661 3248 8.
2711 3182 2903 3249 Discit
2960 3181 3206 3248 lehova.
3307 3179 3603 3246 Dubium
3656 3186 3788 3258 est,
3855 3179 4370 3247 anteverteritne

2428 3270 2646 3349 Deus,
2705 3277 2771 3334 et
2812 3267 3008 3333 Iosue
3049 3266 3311 3333 oraculo
3354 3286 3474 3333 suo
3519 3265 3901 3344 armaverit,
3947 3272 4014 3331 et
4064 3274 4370 3333 extraxe-

2429 3356 2520 3420 rit
2574 3375 2610 3421 e
2665 3353 2887 3437 Gilgal
2956 3362 3305 3436 antequam
3372 3348 3603 3434 pedem
3661 3357 3986 3430 moveret,
4054 3371 4140 3416 an
4213 3372 4370 3418 vero

2427 3441 2561 3507 iam
2625 3440 2988 3507 accinctum
3053 3436 3561 3504 confirmaverit.
3660 3436 3834 3503 Mihi
3895 3437 4142 3503 rectius
4203 3437 4371 3505 illud

2427 3525 2723 3606 videtur,
2776 3524 2974 3593 Iosue
3029 3545 3160 3589 non
3213 3532 3495 3602 temere,
3556 3522 3752 3586 simul
3796 3543 3872 3589 ac
3909 3533 4180 3606 rogatus
4222 3523 4367 3603 fuit,

2427 3613 2572 3679 Deo
2627 3611 2995 3678 inconsulto
3049 3611 3454 3694 prorupisse:
3510 3607 3626 3673 sed
3682 3606 3948 3672 tandem
4012 3629 4218 3690 quum
4287 3608 4369 3675 de

2424 3700 2565 3765 eius
2610 3698 2948 3765 voluntate
2989 3697 3204 3763 factus
3247 3703 3421 3761 esset
3482 3694 3749 3774 certior,
3804 3712 3990 3758 arma
4046 3694 4368 3776 intrepide

2423 3794 2490 3850 et
2535 3783 2841 3851 alacriter
2882 3781 3270 3865 sumpsisse:
3327 3779 3710 3864 praesertim
3772 3800 3973 3862 quum
4022 3800 4235 3862 nuper
4284 3779 4368 3847 ob

2425 3870 2698 3936 nimiam
2779 3868 3157 3935 facilitatem
3247 3867 3608 3950 castigatus
3693 3866 3954 3942 fuisset,
4041 3865 4366 3949 probabili

2423 3956 2797 4023 coniectura
2852 3954 3127 4031 elicitur,
3195 3952 3364 4018 nihil
3427 3953 3500 4016 in
3562 3973 3638 4017 re
3697 3950 4010 4034 perplexa
4072 3959 4364 4019 tentasse

2423 4042 2555 4108 nisi
2619 4062 2703 4107 ex
2763 4039 2894 4106 Dei
2961 4038 3291 4106 mandato,
3390 4038 3572 4121 Ergo
3635 4037 3910 4103 miseros
3977 4036 4365 4105 Gibeonitss

2422 4128 2712 4210 respexit
2780 4125 2998 4205 Deus,
3068 4124 3330 4208 quando
3394 4143 3624 4206 passus
3688 4142 3822 4187 non
3886 4131 4027 4201 est,
4094 4143 4363 4190 suorum

2424 4213 2671 4280 auxilio
2713 4233 2824 4278 eos
2867 4210 3159 4277 destitui.
3247 4210 3456 4275 Porro
3512 4208 3863 4274 instruitur
3916 4207 4112 4274 Iosue
4161 4211 4362 4276 victe·

2423 4301 2559 4366 riae
2601 4298 2859 4375 fiducia,
2903 4305 2983 4362 ut
3004 4296 3163 4380 ipsis
3186 4303 3549 4363 succurrat:
3596 4293 3748 4377 quia
3792 4314 3911 4359 nos
3945 4294 4160 4360 acrius
4183 4295 4364 4362 Deus

2422 4384 2867 4469 promittendo
2899 4402 3095 4466 quam
3131 4380 3416 4448 iubendo
3459 4379 3543 4447 ad
3578 4378 4042 4463 praestandum
4077 4380 4364 4447 officium

2425 4471 2833 4538 exstimulat:
2880 4468 3142 4534 tametsi
3185 4465 3355 4550 quod
3394 4467 3512 4532 uni
3546 4465 3969 4549 promittitur,
4015 4464 4100 4530 ad
4134 4485 4362 4533 omnes

2422 4557 2726 4642 pertinet.
2837 4554 2973 4623 Sed
3016 4552 3282 4620 honoris
3325 4572 3521 4618 causa
3561 4551 3977 4634 peculiariter
4020 4549 4366 4635 deponitur

2422 4643 2597 4726 apud
2654 4643 2847 4709 Iosue
2906 4638 3080 4724 quod
3136 4637 3372 4709 deinde
3424 4637 3506 4704 ad
3561 4637 3923 4704 exercitum
3979 4656 4168 4701 suum
4214 4658 4360 4721 per-

2421 4728 2610 4796 ferat.
2697 4728 2924 4810 Neque
2977 4727 3153 4792 enim
3211 4726 3576 4809 promiscue
3619 4721 4016 4807 quibuslibet
4055 4722 4360 4803 loquutus

2423 4823 2525 4882 est
2557 4836 2596 4880 e
2638 4813 2848 4879 coelo:
2889 4810 3006 4878 sed
3047 4811 3325 4877 eximios
3367 4819 3623 4879 tantum
3667 4829 3894 4876 servos
3937 4808 4175 4873 electos
4210 4829 4358 4890 pro-

2421 4901 2657 4985 phetas
2723 4897 2850 4964 hac
2918 4897 3373 4981 praerogativa
3441 4896 3719 4961 ornavit.
3839 4895 4050 4961 Porro
4129 4900 4358 4959 notatu

2422 4986 2696 5071 dignum
2741 4994 2861 5064 est,
2901 4982 3096 5048 Iosue
3137 5004 3265 5048 non
3312 4983 3517 5049 fuisse
3561 4982 3686 5046 Dei
3727 4977 4156 5065 promissione
4200 4978 4360 5047 abu·

2422 5094 2567 5139 sum
2614 5071 2696 5136 ad
2739 5069 3118 5154 segnitiem:
3162 5069 3278 5135 sed
3309 5089 3386 5135 eo
3422 5066 3876 5132 vehementius
3916 5063 4116 5128 fuisse
4136 5082 4361 5130 accen-

2422 5179 2567 5227 sum
2630 5178 2713 5225 ex
2755 5176 2881 5240 quc
2942 5153 3021 5220 de
3072 5154 3244 5221 felici
3310 5161 3553 5221 eventu
3609 5151 3734 5217 fuit
3789 5148 4072 5217 edoctus·
4159 5149 4360 5218 Multi

2422 5244 2599 5311 enim
2618 5294 2636 5323 ,
2711 5241 2866 5309 dum
2932 5240 3126 5307 fidem
3200 5248 3561 5314 ostentant,
3631 5255 3942 5320 perversa
4008 5235 4358 5304 securitate

2424 5329 2678 5400 desides
2720 5331 2896 5395 fiunt
2935 5346 3012 5397 ac
3054 5327 3295 5412 ignavi.
3386 5323 3594 5391 Audit
3646 5320 3770 5388 sibi
3825 5321 3898 5386 iu
3953 5339 4154 5386 manu
4217 5341 4364 5393 esse
