5017 6142
543 470 668 537 155

538 661 644 725 37.
691 656 789 724 Ist
826 662 971 722 sunt
1012 655 1323 722 numerati
1361 653 1759 736 familiarum
1808 652 2061 735 Cehath,
2105 674 2312 722 omnes
2351 656 2469 721 mi-

539 747 881 811 nistrantes
921 744 991 807 in
1031 740 1416 808 tabernaculo
1457 740 1885 819 conventionis,
1927 759 2084 821 quos
2119 742 2471 807 numeravit

540 831 751 896 Moses
791 834 846 894 et
888 828 1148 893 Aharon
1190 828 1367 892 iuxta
1407 825 1742 906 imperium
1779 824 2037 891 Ielzovae
2060 846 2182 906 per
2211 846 2467 892 manum

542 916 768 983 Masis.
856 914 956 980 38.
1017 912 1350 979 Numerati
1398 909 1679 992 filiorum
1737 909 1975 976 Gerson
2015 930 2141 991 per
2179 912 2468 994 familias

538 1023 711 1081 suas,
756 1005 813 1064 et
842 1020 962 1082 per
1001 1001 1250 1066 domum
1277 1001 1544 1078 patrum
1583 1014 1859 1076 suorum,
1946 996 2047 1060 39.
2092 996 2198 1061 Ab
2249 1017 2316 1063 eo
2357 997 2468 1079 qui

538 1093 724 1154 natus
765 1091 901 1150 erat
941 1086 1195 1169 triqinta
1236 1102 1434 1147 annos
1475 1085 1531 1146 et
1569 1100 1785 1164 supra,
1830 1102 2024 1164 usque
2058 1083 2142 1146 acl
2176 1102 2314 1147 eum
2355 1083 2468 1164 qui

540 1179 731 1240 natus
769 1175 901 1235 erat
942 1168 1398 1252 quinquaqinta
1441 1185 1664 1232 annos.-
1704 1173 1988 1249 quotquot
2027 1168 2468 1250 inqrediuntur

539 1261 610 1325 in
650 1256 1165 1340 conqreqationem
1223 1253 1403 1318 illam
1456 1252 1544 1317 ad
1582 1253 2003 1319 ministerium
2042 1253 2467 1336 peraqendum

535 1345 609 1410 in
670 1342 1055 1408 tabernaculo
1117 1338 1541 1406 conventionis.
1649 1337 1751 1402 40.
1815 1338 2152 1403 Numerati
2205 1338 2463 1419 inquam

539 1449 748 1496 eorum
780 1447 900 1510 per
938 1426 1231 1508 familias
1270 1443 1439 1503 suas,
1472 1442 1591 1506 per
1626 1423 2461 1505 domumpatrumsuorum‚

538 1517 659 1582 duo
699 1513 908 1579 millia
948 1517 1006 1578 et
1047 1510 1311 1578 mcertti
1351 1509 1625 1592 triqinta.
1693 1508 1795 1573 41.
1842 1510 1971 1573 Isti
1991 1512 2135 1573 sunt
2153 1509 2464 1574 numerati

535 1599 932 1684 familiarum
978 1598 1254 1680 filiorum
1312 1593 1551 1660 Gerson
1565 1643 1580 1672 ,
1642 1613 1851 1659 omnes
1911 1594 2338 1659 ministrantes
2393 1595 2464 1658 in

536 1684 926 1751 tabernaculo
989 1680 1429 1749 conventionis.-
1505 1699 1658 1762 quos
1725 1679 2078 1744 numeravit
2138 1677 2348 1744 Moses
2409 1684 2463 1744 et

536 1770 799 1842 Abaron
830 1774 1013 1835 iuxta
1032 1786 1364 1832 sermonem
1385 1763 1658 1831 Iebovae.
1725 1764 1829 1829 42.
1878 1764 2217 1830 Numerati
2258 1770 2463 1830 autem

533 1857 935 1940 familiarum
984 1853 1257 1935 filiorum
1300 1850 1549 1917 Met-ari
1596 1872 1716 1933 per
1764 1850 2056 1932 familias
2111 1871 2295 1929 suas,
2341 1871 2463 1932 per

536 1944 747 2008 domos
789 1945 1055 2025 patrum
1106 1957 1377 2015 suorum,
1477 1935 1580 2001 43.
1636 1934 1739 2001 Ab
1794 1956 1860 2000 eo
1912 1937 2021 2018 qui
2075 1943 2266 2003 natus
2329 1941 2464 2001 erat

536 2028 798 2111 triqinta
838 2044 1034 2091 annos
1074 2029 1129 2089 et
1170 2042 1388 2106 supra,
1428 2042 1622 2105 usque
1655 2023 1741 2088 ad
1775 2042 1913 2087 eum
1955 2023 2067 2104 qui
2103 2026 2288 2088 natus
2330 2027 2464 2087 erat

537 2112 991 2196 quinquaqinta
1048 2127 1275 2174 annos.-
1326 2112 1610 2189 quotquot
1662 2107 2162 2189 inqreoliebantm·
2213 2108 2285 2171 in
2327 2128 2463 2173 con-

531 2218 926 2349 mmm
722 2194 1358 2345 ereans
1429 2193 2464 2360 fflffiwfflzfflfflmffi

523 2389 649 2450 per
704 2367 992 2450 familias
1055 2384 1238 2443 suas,
1293 2365 1422 2429 iria
1470 2364 1674 2428 mazia
1730 2367 1783 2447 a
1838 2365 2098 2431 ducenti.
2136 2348 2159 2367 ‘
2188 2364 2289 2429 45.
2338 2365 2466 2428 Isti

533 2458 681 2519 sunt
721 2452 1032 2518 numerati
1068 2450 1464 2534 familiwum
1502 2444 1781 2531 filiorum
1827 2448 2109 2530 Morari,
2159 2470 2312 2532 quos
2352 2471 2465 2514 nu-

533 2540 796 2604 meravit
852 2536 1061 2602 Moses
1131 2541 1185 2599 et
1237 2535 1503 2601 Aharon
1558 2535 1742 2600 iuxta
1804 2555 2140 2601 sermonem
2196 2534 2465 2600 Iehovae

683 2644 941 2690 manum
984 2622 1206 2688 Mosis.
1290 2621 1393 2686 46.
1445 2620 1671 2687 Omnes
1686 2664 1695 2673 ·
1708 2621 2022 2687 numerati
2059 2641 2208 2704 quos
2249 2640 2463 2685 niune-

532 2711 700 2775 ravit
744 2707 950 2774 Moses
991 2713 1047 2773 et
1088 2706 1369 2786 Abaron,
1410 2711 1466 2772 et
1493 2705 1819 2789 principes
1852 2707 2076 2787 Israel,
2119 2708 2195 2773 de
2227 2706 2466 2771 Levitis

523 2815 647 2876 per
703 2795 992 2877 familias
1054 2813 1233 2872 suas,
1299 2797 1356 2857 et
1414 2812 1528 2874 per
1588 2792 1798 2858 domos
1853 2798 2111 2876 patrum
2174 2811 2468 2859 suorum.-

534 2881 639 2945 47.
698 2880 801 2945 Ab
854 2900 919 2945 eo
974 2878 1084 2960 qwi
1137 2883 1325 2943 natus
1379 2883 1510 2943 erat
1560 2877 1822 2960 triqinta
1880 2899 2073 2944 annos
2130 2883 2187 2942 et
2248 2898 2467 2959 supra,

531 2986 730 3048 usque
784 2964 870 3030 ad
935 2983 1075 3028 eum
1135 2963 1243 3044 qui
1294 2966 1481 3027 natus
1543 2968 1675 3028 erat
1728 2964 2177 3049 quinquaqinta
2242 2983 2469 3030 annos.-

535 3056 824 3133 quotquot
873 3049 1375 3133 inqrediebantur
1441 3048 1527 3112 ad
1569 3050 1994 3133 peraqendum
2048 3050 2470 3114 ministerium

540 3138 763 3216 cultus,
802 3141 858 3201 et
878 3135 1396 3219 adperaqendum
1418 3154 1575 3215 opus
1596 3136 1800 3201 oneris
1821 3137 1893 3200 in
1914 3135 2306 3201 tabernaculo
2329 3155 2467 3201 con-

533 3222 855 3287 ventionis.
925 3220 1028 3285 48.
1082 3221 1443 3299 Numerati,
1480 3221 1755 3302 inquam,
1799 3241 2008 3287 eorum
2048 3220 2304 3303 fuerunt
2345 3226 2468 3286 octo

533 3306 742 3372 millia
798 3311 856 3371 et
911 3307 1229 3390 quinqenti
1281 3306 1597 3389 octoqinta.
1707 3306 1809 3372 49.
1876 3306 2071 3371 quta
2134 3325 2470 3373 sermonem

536 3391 795 3456 Iebovae
847 3392 1196 3457 numeravit
1248 3412 1346 3457 eos
1393 3412 1515 3472 per
1568 3411 1829 3456 manum
1889 3391 2096 3458 Mosis
2109 3444 2125 3471 ,
2191 3392 2470 3476 sinqulos

533 3478 872 3542 secundum
904 3478 1322 3542 ministerium
1354 3497 1559 3556 suum,
1602 3482 1659 3542 et
1691 3479 2022 3543 secundum
2056 3498 2213 3544 onus
2251 3497 2472 3542 sumn.-

532 3562 846 3627 numerati
892 3566 1119 3669 autenb
1134 3565 1270 3628 eius
1308 3562 1566 3644 fuerunt
1606 3562 1674 3628 hi
1717 3585 1870 3645 quos
1901 3564 2031 3647 ipsi
2050 3568 2467 3647 praeceperat.

708 3732 764 3797 1.
834 3730 1155 3813 Loquutus
1226 3736 1329 3797 est.
1417 3731 1549 3799 Hic
1629 3754 1861 3801 census
1945 3735 2071 3802 alio
2156 3736 2473 3818 spectavit

533 3839 728 3903 quam
787 3818 1113 3899 superior,
1175 3816 1254 3882 de
1308 3837 1437 3900 quo
1493 3839 1702 3901 nuper
1761 3820 2074 3886 vidimus:
2119 3840 2351 3903 nempe
2397 3828 2472 3884 ut

532 3925 651 3986 pro
706 3924 979 3971 numero
1036 3902 1322 3985 capitum
1381 3923 1585 3986 aequa
1621 3906 1807 3971 fieret
1865 3927 2207 3971 munerum
2256 3905 2472 3970 distri-

532 3990 731 4055 butio,
822 3989 1044 4053 Primo
1087 3988 1295 4071 quoad
1338 3997 1632 4071 aetatem,
1678 3991 2154 4057 observandum
2198 3999 2294 4056 est
2339 3989 2470 4055 dis-

528 4075 780 4141 crimen
826 4075 1000 4139 inter
1041 4073 1212 4138 hanc
1252 4073 1496 4139 tribum
1539 4085 1606 4140 et
1648 4076 1829 4142 alias.
1917 4078 2250 4143 Hactenus
2294 4076 2469 4141 enim

533 4159 815 4225 vidimus
880 4180 1103 4225 omnes
1153 4159 1484 4226 Israelitas
1539 4161 1622 4226 ab
1675 4183 1845 4227 anno
1903 4163 2204 4229 vicesimo
2270 4162 2469 4228 fuisse

531 4252 927 4322 numeratos,
975 4246 1129 4327 quia
1169 4247 1296 4309 iam
1342 4255 1532 4312 erant
1573 4247 1789 4313 idonei
1831 4248 1915 4312 ad
1958 4269 2143 4314 arma
2185 4247 2467 4313 ferenda.

531 4331 611 4394 In
645 4330 901 4394 Levitis
944 4340 1160 4395 autem
1197 4352 1329 4395 non
1374 4343 1616 4396 temere
1646 4344 2021 4417 exspectata
2050 4334 2173 4399 fuit
2194 4333 2468 4397 maturi·

530 4425 653 4490 tas,
700 4436 783 4480 nc
827 4426 977 4480 ante
1021 4437 1269 4481 annum
1312 4417 1708 4482 tricesimum
1756 4419 2118 4502 inciperent
2173 4419 2468 4483 ministe-

530 4501 629 4566 rio
672 4500 878 4584 fungi,
923 4502 1075 4584 quia
1112 4523 1243 4565 non
1288 4513 1541 4567 tantum
1581 4504 1779 4569 robur
1814 4513 1927 4569 aut
1965 4505 2148 4587 vigor
2183 4504 2470 4586 corporis

528 4587 887 4670 requiritur
944 4588 1024 4651 ad
1083 4587 1483 4671 spiritualem
1546 4589 1876 4668 militiam,
1941 4589 2055 4656 sed
2112 4589 2467 4655 moderatio

529 4692 786 4756 quoque
829 4681 895 4737 et
937 4673 1245 4757 gravitas.
1335 4672 1410 4738 Si
1453 4673 1720 4741 admissi
1776 4676 2055 4741 fuissent
2095 4674 2468 4741 adolescen-

529 4772 632 4824 tes
673 4756 773 4844 (ut
818 4779 1010 4842 saepe
1066 4758 1316 4823 fervore
1361 4769 1427 4823 et
1472 4759 1736 4827 lascivia
1783 4763 2088 4826 feruntur
2130 4760 2212 4825 ad
2255 4760 2469 4826 multa

527 4845 1041 4927 intemperanter
1089 4842 1366 4930 agenda)
1421 4856 1676 4929 poterat
1730 4868 1951 4912 eorum
2004 4847 2237 4913 levitas
2280 4867 2464 4912 reve·

528 4930 810 4996 rentiam
857 4930 1056 4996 sacris
1101 4927 1460 4996 detrahere.
1525 4930 1673 4997 Non
1717 4955 1872 5017 ergo
1915 4942 2067 4999 ante
2112 4933 2466 5016 permissus

527 5015 660 5081 fuit
737 5035 1028 5082 accessus
1095 5014 1176 5079 ad
1242 5020 1689 5082 sanctuarium
1770 5040 1965 5102 quam
2032 5018 2467 5085 adolevissent

527 5102 598 5165 in
678 5101 870 5167 viros.
956 5103 1153 5167 Anno
1228 5116 1445 5168 autem
1525 5104 1849 5169 tricesimo
1923 5106 2016 5169 ita
2079 5106 2466 5188 compositos

528 5207 667 5251 esse
711 5186 1005 5267 homines
1047 5195 1319 5270 oportet,
1366 5199 1441 5253 ut
1481 5189 1860 5255 iuveniliter
1904 5190 2231 5255 exsultare
2278 5200 2464 5272 turpe

527 5272 644 5348 sit,
697 5280 765 5335 et
822 5292 950 5336 non
1006 5274 1391 5340 excusabile.
1483 5275 1587 5340 Ab
1644 5296 1812 5340 anno
1871 5287 2091 5341 autem
2150 5277 2463 5358 quinqua-

524 5356 774 5440 gesimo
829 5356 959 5424 illis
1018 5360 1263 5442 vacatio
1322 5360 1476 5427 data
1533 5361 1707 5427 fiuit:
1768 5362 1919 5445 quia
1977 5371 2051 5426 ut
2102 5362 2460 5446 plurimum

1940 465 2344 535 REDITUS
2387 466 2519 533 AD
2561 467 3105 535 HISTORIAM.

4391 472 4515 539 156

2571 657 2886 723 senectuti
2943 656 3300 723 adhaerent
3362 656 3633 723 tarditas
3693 664 3758 724 et
3812 658 4140 744 segnities.
4228 661 4510 729 Diversa

2572 751 2671 808 est
2727 741 2881 807 belli
2925 744 3128 821 ratio,
3184 743 3336 825 quia
3380 744 3569 809 multi
3612 753 3757 827 post
3804 766 4048 811 annum
4105 746 4508 832 quinquage-

2569 827 2806 893 simum
2851 826 3063 895 adhuc
3106 829 3321 913 vegeti
3367 829 3801 913 reperiuntur.
3865 830 4132 907 Deinde,
4177 838 4253 897 ut
4280 832 4509 917 religio

2568 914 2909 995 pretiosior
2946 923 3047 979 est
3090 915 3365 980 terrenis
3410 913 3709 980 omnibus
3754 917 4049 1000 negotiis,
4094 917 4187 980 ita
4230 916 4505 1002 diligen·

2571 998 2701 1063 tius
2761 997 3123 1065 cavendum
3169 1000 3295 1064 fuit
3352 1022 3433 1065 ne
3476 999 3558 1066 ob
3602 1001 3931 1084 pigritiam
3988 1002 4090 1068 vel
4134 1003 4504 1069 somnolen-

2570 1086 2728 1148 tiam
2774 1085 3221 1150 ministrcrum
3269 1085 3619 1151 vilesceret.

2740 1171 2842 1235 34.
2892 1170 3380 1251 Numeravitque
3414 1168 3640 1237 Moses.
3716 1169 4000 1236 Additur
4030 1171 4156 1238 alia
4189 1173 4502 1257 exceptio,

2568 1277 2653 1320 ne
2688 1257 3133 1339 reciperentur
3168 1257 3293 1320 nisi
3327 1257 3566 1340 integri
3603 1257 3683 1322 ab
3717 1258 3895 1321 omni
3933 1257 4091 1324 vitio
4128 1266 4193 1323 et
4225 1259 4501 1338 macula,

2568 1341 2726 1406 alibi
2768 1341 2943 1407 enim
2989 1342 3207 1406 visum
3250 1341 3390 1421 fuit,
3437 1363 3475 1407 a
3517 1343 3934 1408 tabernaculo
3977 1342 4237 1408 excludi
4278 1364 4504 1411 caecos

2568 1434 2634 1489 et
2676 1427 2968 1505 claudos,
3026 1426 3134 1491 vel
3181 1425 3310 1492 alia
3350 1436 3538 1511 parte
3580 1429 3866 1510 corporis
3908 1428 4204 1507 mutilos,
4262 1450 4347 1494 ne
4390 1430 4503 1495 de·

2565 1511 2862 1577 formitas
2919 1513 3059 1594 ipsa
3110 1519 3555 1596 contemptum
3612 1521 3900 1595 pareret:
3960 1513 4220 1593 deinde,
4269 1524 4347 1580 ut
4388 1537 4502 1580 ex·

2565 1603 2754 1663 terno
2814 1597 3108 1682 symbolo
3172 1597 3516 1676 admoniti,
3583 1597 3961 1683 diligentius
4020 1601 4142 1665 sibi
4199 1600 4280 1665 ab
4321 1599 4501 1666 omni

2566 1683 2892 1767 spirituali
2976 1683 3468 1766 inquinamento
3558 1692 3884 1750 caverent.
3983 1685 4162 1769 Ergo
4245 1685 4502 1770 ingredi

2565 1770 3008 1835 sanctuarium
3055 1768 3361 1834 dicuntur
3401 1770 3511 1853 qui
3548 1768 3628 1833 ad
3665 1768 4097 1835 sacerdotium
4140 1771 4499 1855 gerendum

2565 1854 2779 1920 idonei
2836 1864 3006 1920 sunt.
3095 1854 3379 1938 Ideoque
3444 1853 3707 1919 additur
3770 1855 4087 1937 particula
4144 1855 4249 1922 Ad
4305 1856 4499 1921 mini-

2566 1942 2856 2005 sterium.
2959 1940 3099 2004 Iam
3204 1941 3355 2023 quia
3439 1939 3867 2023 inaequalitas
3944 1961 4169 2007 semen
4270 1942 4500 2008 fuisset

2566 2025 2881 2102 invidiae,
2962 2026 3402 2108 interponitur
3476 2026 3550 2090 in
3628 2026 3759 2090 fine
3821 2026 4052 2109 capitis
4118 2025 4246 2092 Dei
4312 2038 4497 2092 auto·

2566 2111 2757 2189 ritas,
2826 2109 2938 2176 ubi
3006 2111 3226 2177 Moses
3290 2112 3520 2177 recitat
3589 2111 3961 2177 ministrum
4028 2133 4096 2178 se
4177 2112 4499 2178 duntaxat

2564 2196 2795 2277 fuisse,
2850 2205 2918 2262 ct
2958 2197 3171 2264 officia
3230 2196 3634 2262 distribuisse
3691 2196 3866 2263 inter
3912 2198 4203 2283 singulos
4246 2220 4329 2265 ex
4373 2198 4499 2263 Dei

2565 2292 2922 2365 praecepto.

3082 2623 3213 2688 EX
3256 2622 3608 2690 NUMER.
3654 2622 3853 2689 OAP.
3897 2622 3984 2689 X.

2745 2793 2845 2858 11.
2894 2791 3049 2857 Fuit
3088 2797 3294 2859 autem
3338 2813 3500 2859 anno
3537 2794 3814 2873 secundo,
3860 2814 4061 2860 mense
4092 2799 4370 2878 secundo,
4413 2800 4504 2864 vi·

2571 2879 2800 2944 cesima
2833 2880 3083 2956 mensis,
3121 2879 3393 2944 ascendit
3426 2878 3615 2944 nubes
3650 2901 3692 2945 a
3727 2879 4118 2946 tabernaculo
4152 2883 4499 2951 testimonii.

2576 2964 2674 3030 12.
2724 2965 2897 3029 Tunc
2947 2966 3216 3047 profecti
3281 2971 3424 3030 sunt
3482 2965 3608 3045 filii
3664 2964 3873 3031 Israel
3917 2985 4037 3046 per
4092 2968 4504 3051 profectiones

2571 3071 2727 3116 suas
2787 3072 2820 3115 e
2877 3051 3114 3116 deserto
3174 3050 3391 3130 Sinai,
3457 3050 3841 3132 substititque
3901 3051 4089 3116 nubes
4145 3052 4215 3116 in
4266 3056 4502 3121 deserto

2579 3135 2817 3202 Paran.
2925 3136 3023 3200 13.
3071 3135 3345 3218 Profecti
3390 3137 3598 3218 itaque
3652 3141 3797 3201 sunt
3839 3137 4127 3218 primum
4168 3139 4253 3204 ad
4293 3161 4361 3206 os
4407 3141 4507 3207 Ie-

2572 3222 2759 3288 hovae
2788 3241 2910 3303 per
2952 3241 3209 3286 manum
3243 3221 3464 3288 Mosis.
3540 3222 3638 3287 14.
3684 3221 3774 3287 Et
3801 3222 4145 3304 profectum
4186 3231 4276 3291 est
4315 3226 4506 3293 vava-

2572 3308 2703 3373 lum
2746 3312 3091 3374 castrorum
3128 3308 3406 3389 filiorum
3451 3306 3697 3373 Iehuda
3740 3308 3955 3390 primo
4012 3310 4134 3374 loco
4176 3331 4295 3394 per
4334 3332 4507 3379 exer-

2572 3394 2732 3465 citus
2794 3412 2973 3458 suos.-
3038 3398 3092 3458 et
3156 3414 3350 3475 super
3412 3395 3740 3459 exercitum
3801 3393 3958 3469 eius,
4001 3399 4135 3459 erat
4201 3396 4506 3464 Nahason

2567 3479 2745 3560 filius
2780 3478 3219 3545 Amminadab.
3303 3478 3398 3544 15.
3448 3479 3656 3560 Super
3689 3479 4019 3544 exercitum
4061 3485 4266 3547 autem
4306 3483 4508 3549 tribus

2567 3565 2845 3646 filiorum
2895 3564 3196 3630 Issachar
3251 3569 3382 3630 erat
3431 3564 3735 3629 Netbanel
3769 3563 3947 3645 filius
3994 3563 4179 3631 Suar.
4275 3570 4371 3635 16.
4419 3567 4509 3633 Et

2571 3671 2761 3732 super
2817 3651 3148 3716 exercitum
3204 3650 3406 3716 tribus
3456 3650 3738 3730 filiorum
3793 3648 4104 3717 Zabulon.
4125 3658 4259 3718 erat
4313 3652 4505 3719 Eliab

2566 3736 2745 3817 filius
2797 3736 3015 3801 Helon.
3118 3736 3217 3799 17.
3274 3735 3645 3816 Depositum
3696 3739 3900 3801 autem
3949 3737 4160 3818 fuerat
4220 3739 4505 3805 taberna-

2572 3820 2809 3887 culum.-
2875 3825 2931 3885 et
2975 3822 3240 3904 profecti
3289 3827 3438 3888 sunt
3481 3820 3609 3902 filii
3672 3820 3913 3886 Gerson
3963 3827 4034 3887 et.
4073 3821 4204 3905 filii
4256 3824 4506 3891 Mer-ari

2562 3911 2881 3989 portantes
2935 3907 3114 3972 illud.
3217 3908 3314 3972 18.
3382 3904 3629 3972 Deinde
3671 3907 4020 3988 profectum
4037 3924 4044 3929 ’
4060 3912 4152 3974 est
4208 3909 4506 3977 vexillum

2572 3996 2916 4058 castrorum
2960 3991 3184 4058 Ruben
3214 4013 3336 4074 per
3376 3992 3677 4057 exercitus
3717 4011 3898 4057 suos.-
3951 3996 4006 4056 et
4046 4010 4240 4075 super
4280 3996 4506 4067 exerci-

2573 4083 2704 4142 tum
2746 4078 2883 4142 eius
2924 4083 3058 4143 erat
3100 4076 3328 4142 Elisur
3378 4076 3554 4157 filius
3600 4076 3852 4141 Sedeur.
3945 4077 4043 4143 19.
4093 4078 4299 4161 Super
4338 4101 4509 4147 exer-

2571 4165 2762 4229 citum
2802 4183 2941 4228 vero
2983 4162 3182 4229 tribus
3217 4163 3496 4245 filiorum
3534 4161 3786 4227 Simeon
3828 4168 3963 4227 erat
3999 4162 4293 4232 Selumiel
4330 4167 4508 4249 filius

2577 4248 2979 4314 Surisadclai.
3082 4249 3183 4314 20.
3245 4248 3333 4314 Et
3387 4269 3575 4330 super
3615 4248 3944 4312 exercitum
3991 4251 4189 4316 tribus
4226 4253 4506 4332 filiorum

2581 4334 2727 4400 Gacl
2780 4339 2915 4398 erat
2967 4333 3285 4415 Eliasaph
3337 4335 3520 4415 filius
3583 4332 3798 4398 Deuel.
3897 4334 4001 4398 21.
4069 4334 4157 4400 Et
4210 4339 4507 4421 proqredi

2572 4424 2892 4502 coeperunt
2937 4418 3290 4484 Gehathitae
3323 4423 3637 4500 portantes
3677 4420 4137 4486 sanctuarium.-
4181 4429 4508 4490 erexerunt

2572 4510 2779 4570 autem
2818 4504 3282 4570 tabernaculum
3332 4505 3516 4571 donec
3568 4506 3844 4570 venirent
3898 4506 4043 4585 ipsi.
4133 4508 4235 4572 22.
4286 4509 4508 4575 Postea

2563 4590 2906 4672 profectum
2959 4595 3046 4655 est
3101 4590 3398 4656 vex-illum
3458 4595 3804 4659 castrorum
3854 4590 4128 4671 filiorum
4191 4593 4506 4674 Ephraim

2558 4696 2683 4757 per
2724 4677 3027 4741 exercitus
3066 4696 3249 4741 suos:
3303 4682 3358 4740 et
3398 4696 3590 4757 super
3628 4676 3961 4741 exercitum
4010 4679 4148 4744 eius
4188 4685 4322 4745 erat
4364 4681 4505 4746 Eli-

2569 4781 2752 4826 sama
2813 4760 2991 4840 filius
3056 4761 3421 4827 Ammihud.
3535 4762 3636 4826 23.
3703 4760 3907 4842 Super
3968 4765 4300 4831 exercitum
4363 4787 4504 4833 vero

2567 4846 2767 4911 tribus
2805 4846 3084 4927 filiorum
3128 4847 3430 4913 Manasse
3469 4852 3605 4911 erat
3643 4846 3919 4913 Gamliel
3954 4848 4130 4929 filius
4154 4849 4498 4917 Pedalzsur.

2570 4933 2672 4997 24.
2716 4933 2806 4998 Et
2845 4953 3036 5014 super
3077 4935 3408 4999 exercitum
3440 4933 3640 4998 tribus
3675 4933 3953 5014 filiorum
3985 4933 4327 5001 Beniamin
4369 4942 4506 5003 erat

2568 5018 2830 5085 Abidan
2890 5019 3069 5100 filius
3140 5020 3390 5085 Gidoni.
3504 5018 3605 5084 25.
3679 5017 4027 5099 Profectum
4090 5026 4182 5086 est
4244 5023 4503 5104 insuper

2567 5104 2865 5169 vexillum
2919 5111 3262 5171 castrorum
3313 5106 3590 5187 filiorum
3644 5101 3829 5182 Dan,
3895 5106 4255 5190 recolliqens
4294 5110 4503 5174 omnia

2567 5195 2777 5256 castra
2831 5211 2951 5272 per
3004 5192 3304 5257 eoeercitus
3357 5211 3536 5256 suos.-
3600 5193 3656 5253 et
3716 5209 3908 5269 super
3971 5192 4302 5258 exercitum
4365 5196 4504 5259 eius

2566 5281 2700 5342 erat
2731 5275 3006 5342 Ahiezer
3031 5277 3210 5359 filius
3244 5275 3706 5342 Ammisaddai.
3773 5275 3874 5339 26.
3925 5276 4130 5359 Super
4171 5281 4505 5344 exercitum

2565 5360 2766 5427 tribus
2805 5362 3082 5443 filiorum
3105 5365 3270 5428 Aser
3303 5366 3436 5428 erat
3463 5359 3683 5444 Paqiel
3720 5359 3899 5441 filius
3948 5362 4211 5429 Ochran.
4273 5365 4374 5431 27.
4413 5364 4503 5431 Et
