5017 6142
474 468 605 537 245

473 666 809 807 morter?os
828 652 1096 721 Aharon
1114 703 1130 732 ,
1210 650 1483 719 Levitae
1562 648 1721 715 dicit
1769 668 1808 714 a
1867 648 2117 732 reliquo
2182 646 2424 733 populo

474 762 709 831 separa
813 791 827 808 .

932 1081 1068 1149 EX
1107 1079 1464 1150 NUMER.
1512 1078 1712 1146 CAP.
1756 1075 1953 1143 XXI.

651 1259 707 1323 1.
782 1256 991 1339 Quum
1047 1252 1325 1318 audisset
1384 1249 1805 1318 &cananaeus
1857 1266 1972 1312 rex
2014 1247 2204 1313 Arad
2245 1243 2423 1312 habi-

474 1352 620 1413 tans
675 1344 747 1411 in
803 1339 1078 1407 Meridie
1109 1339 1272 1421 quod
1312 1337 1553 1403 veniret
1607 1333 1816 1400 Israel
1845 1353 1967 1416 per
2005 1333 2179 1399 viam
2219 1331 2424 1414 explo-

470 1437 770 1510 ratorum,
827 1425 1140 1511 puynavit
1206 1443 1348 1491 eum
1420 1420 1677 1499 Israele,
1743 1424 1799 1486 et
1868 1418 2131 1485 abduxit
2208 1416 2287 1485 ab
2355 1437 2423 1484 eo

463 1517 783 1601 praedam
804 1519 875 1593 ¹).
965 1512 1024 1577 2.
1105 1509 1288 1576 Vovit
1342 1528 1486 1592 erqo
1544 1505 1754 1572 Israel
1795 1509 2001 1570 votum
2048 1504 2326 1582 Iehovae,
2369 1508 2428 1567 et

471 1604 669 1671 dixit:
713 1600 794 1667 Si
830 1597 1129 1665 tradendo
1162 1593 1508 1662 tradideris
1529 1591 1840 1676 populum
1858 1591 2055 1657 istum
2073 1590 2145 1656 in
2165 1609 2425 1655 manum

472 1709 708 1768 meam,
766 1683 968 1752 delebo
1023 1682 1208 1748 urbes
1248 1699 1477 1747 eorum.
1567 1678 1628 1743 3.
1689 1675 1777 1742 Et
1827 1676 2152 1744 exaudivit
2195 1675 2424 1741 Iehova

466 1794 673 1841 vocem
710 1770 1001 1847 Israelis,
1045 1773 1101 1834 et
1142 1767 1314 1833 dedit
1354 1764 1818 1842 chananaeum,
1863 1767 1919 1828 et
1959 1761 2178 1828 delevit
2218 1782 2320 1828 eos
2351 1780 2424 1828 ac

468 1860 654 1929 urbes
693 1877 937 1928 eorum.-
982 1853 1331 1936 vocam-itque
1372 1869 1594 1917 nomen
1635 1849 1753 1916 loci
1784 1847 1965 1914 illius
2008 1846 2271 1915 Horma.

681 2246 1109 2315 EIUSDEM
1153 2242 1668 2312 HISTORIAE
1706 2238 2229 2309 ΒΕΡΕΤῙΤΙΟ.

990 2451 1124 2518 EX
1164 2449 1522 2518 NUMER.
1566 2445 1910 2515 XXXIII.

648 2624 751 2690 40.
820 2624 1094 2690 Audiuit
1157 2626 1364 2690 autem
1432 2618 1852 2692 Chananaeus
1911 2637 2025 2683 rex
2088 2615 2281 2683 Arad
2336 2618 2426 2699 (is

476 2731 618 2779 vero
671 2710 992 2776 habitabat
1045 2710 1119 2775 in
1169 2707 1444 2773 Meridie
1494 2707 1566 2772 in
1622 2710 1796 2771 terra
1855 2702 2190 2789 chanaan)
2233 2723 2426 2785 quum

477 2797 952 2883 inyrederentur
983 2794 1113 2877 filii
1153 2792 1381 2859 Israel.

655 2968 712 3033 1.
778 2967 982 3049 Quum
1024 2964 1304 3031 audisset
1350 2961 1781 3030 Chananaeus.
1862 2958 2185 3043 Quisnam
2229 2959 2428 3026 fuerit

477 3053 585 3122 hic
620 3075 743 3120 rex
775 3051 959 3119 Arad
993 3071 1127 3116 non
1162 3071 1430 3134 prorsus
1463 3048 1776 3114 convenit
1806 3046 1982 3112 iuter
2013 3046 2423 3130 interpretes.

478 3138 766 3222 Quidam
820 3137 1207 3204 existimant
1261 3135 1464 3202 fuisse
1524 3132 1991 3200 Amalecitam:
2059 3130 2172 3197 sed
2237 3131 2425 3198 refel-

477 3226 640 3293 litur
682 3245 910 3292 eorum
955 3243 1158 3301 error,
1205 3222 1358 3305 quia
1400 3218 1788 3304 iampridem
1809 3216 2211 3284 Amalecitae
2253 3217 2427 3284 frus·

479 3321 584 3378 tra
654 3311 872 3379 conati
942 3309 1210 3375 fuerant
1278 3308 1405 3372 iter
1482 3305 1706 3390 populi
1774 3304 2179 3387 abrumpere.
2289 3304 2428 3370 Nec

481 3397 793 3465 credibile
855 3402 958 3462 est
1017 3404 1167 3480 post
1228 3392 1506 3458 multam
1585 3399 1871 3474 stragem
1951 3409 2180 3456 rursus
2254 3387 2429 3455 idem

480 3485 688 3550 fuisse
730 3503 954 3549 ausos:
998 3480 1383 3565 praesertim
1426 3498 1624 3561 quum
1671 3476 1830 3542 ditio
1864 3495 2091 3540 eorum
2134 3478 2435 3540 maneret

481 3570 747 3636 intacta.
836 3567 978 3634 Iam
1059 3563 1417 3631 absurdum
1500 3571 1672 3628 esset
1751 3559 2148 3627 Amalecitas
2211 3562 2433 3628 vocari

482 3655 933 3732 chananaeos,
975 3651 1090 3737 qui
1130 3650 1450 3735 originem
1481 3646 1804 3714 ducebant
1845 3668 1980 3712 non
2016 3667 2056 3711 a
2090 3646 2429 3726 Chanaan,

482 3741 597 3808 sed
646 3741 727 3807 ab
763 3740 965 3818 Esau,
1010 3747 1077 3803 et
1118 3738 1212 3802 ita
1254 3734 1574 3803 Israelitis
1608 3742 1799 3800 erant
1831 3732 2303 3818 consanguinei
2346 3754 2431 3798 ex

477 3827 795 3912 progenie
860 3825 1038 3893 Sem.
1128 3822 1276 3889 Hoc
1341 3829 1561 3887 autem
1619 3819 1699 3885 de
1765 3818 2191 3884 Amorrhaeis
2254 3826 2432 3884 recte

479 3912 958 3996 intelligemus,
1030 3930 1191 3993 quos
1268 3907 1392 3973 sub
1469 3905 1888 3972 Chananaeis
1965 3903 2431 3990 comprehendi

480 4007 735 4066 certum
802 4005 935 4077 est,
999 4005 1076 4060 ut
1138 3995 1269 4059 illis
1333 4000 1476 4059 erat
1537 4012 1881 4059 commune
1946 4009 2187 4075 genus:
2263 3989 2432 4056 sicut

480 4085 648 4151 libro
693 4083 906 4167 primo
948 4080 1136 4148 docet
1165 4081 1403 4147 Moses.
1462 4078 1605 4143 Imo
1639 4076 1796 4143 alibi
1839 4097 1956 4160 per
1993 4075 2433 4142 Amorrhaeos

481 4171 785 4256 designat
828 4188 1055 4234 omnes
1100 4165 1373 4251 populos
1419 4162 1760 4235 Chanaan.
1848 4163 1991 4228 Iam
2043 4162 2238 4227 huius
2282 4161 2432 4227 libri

478 4254 925 4409 ffipiffiotffssm
943 4252 1308 4404 Ἕῖῗίἳῗθ
1328 4248 2202 4416 offiffiffinffffnffii„
2226 4268 2433 4397 ¹¹:2¹2:

479 4427 619 4495 illis
694 4426 852 4493 locis
933 4423 1227 4509 contigui
1317 4430 1537 4487 essent
1624 4420 2012 4486 Amorrhaei
2093 4417 2433 4484 meridiem

482 4534 747 4594 versae,
791 4511 1036 4597 optime
1079 4507 1422 4593 quadrabit
1462 4526 1719 4572 nomeu.
1810 4505 2003 4587 Quod
2048 4513 2270 4570 autem
2314 4525 2435 4569 rex

483 4599 668 4666 Arad
727 4597 904 4665 solus
956 4597 1200 4663 bellum
1245 4594 1482 4672 movit,
1540 4593 1783 4658 factum
1828 4601 1928 4658 est
1983 4598 2256 4676 paterna
2304 4589 2434 4654 Dei

480 4684 926 4771 providentia,
1027 4682 1139 4766 qui
1235 4679 1551 4764 paulatim
1620 4678 2022 4744 assuefacere
2119 4675 2433 4760 populum

482 4792 679 4837 suum
747 4769 962 4837 voluit
1026 4769 1108 4834 ad
1175 4766 1392 4831 hostes
1449 4763 1824 4830 vincendos.
1915 4761 1993 4829 Si
2072 4761 2435 4829 coniunctis

483 4855 739 4923 viribus
796 4875 1026 4922 omnes
1087 4851 1310 4937 populi
1370 4870 1502 4916 uno
1556 4850 1805 4933 impetu
1848 4847 2162 4933 populum
2208 4845 2435 4912 imbel-

485 4943 620 5010 lem
684 4941 981 5028 aggressi
1048 4946 1298 5017 essent,
1362 4957 1602 5020 pavore
1646 4935 1966 5001 attonitus
2031 4932 2435 5001 concidisset.

486 5029 682 5095 Nunc
739 5035 968 5094 contra
1021 5033 1286 5111 gentem
1337 5042 1536 5088 unam
1592 5020 1855 5087 facilius
1911 5020 2033 5086 fuit
2087 5041 2156 5085 se
2210 5017 2438 5084 defen-

484 5115 660 5182 dere.
748 5114 840 5180 Et
906 5119 1125 5178 tamen
1183 5109 1520 5177 Israelitas
1583 5107 1797 5191 primo
1860 5106 2164 5172 conflictu
2219 5104 2437 5190 fugari

490 5258 649 5265 -—-

662 5337 721 5409 1)
757 5337 830 5391 In
862 5336 1135 5403 margine:
1172 5333 1279 5396 vel,
1312 5332 1702 5402 captivitatem.
1762 5328 1962 5385 Taza·
1979 5328 2211 5396 eunicus
2243 5331 2439 5383 contra

486 5409 680 5464 habet.-
714 5406 811 5460 des
846 5405 1041 5476 captifs
1077 5410 1125 5459 et
1160 5403 1222 5458 in
1255 5403 1531 5472 maraine:
1567 5400 1641 5454 du
1674 5397 1845 5453 butin.

1883 457 2291 529 REDITUS
2338 457 2469 527 AD
2516 457 3064 529 HISTORIAM.

4345 464 4476 532 246

2527 671 2757 735 passus
2815 660 2916 718 est
2982 650 3196 731 Deus,
3264 657 3338 715 ut
3395 651 3608 718 victor
3658 649 4100 720 chananaeus
4165 655 4475 738 praedam

2528 736 2899 817 abstulerit,
2961 735 3066 802 vel
3109 735 3455 802 abduxerit
3497 737 3812 820 captivos.
3899 742 4117 823 Atque
4158 739 4281 808 hoc
4324 763 4479 826 quo-

2526 844 2652 908 que
2694 823 2856 889 utile
2900 822 3021 888 fuit
3055 820 3403 900 Israelitis,
3450 832 3524 887 ut
3558 822 3693 889 suis
3736 824 3990 891 viribus
4035 824 4261 905 diffisi,
4318 846 4472 911 sup·

2524 909 2781 994 pliciter
2862 907 2943 974 ad
3031 907 3157 974 Dei
3246 907 3569 973 auxilium
3655 908 4102 996 confugerent.
4159 942 4164 947 ·
4201 910 4477 980 Discere

2526 996 2703 1061 enim
2747 994 2925 1079 ipsos
2967 992 3275 1077 oportuit,
3322 993 3445 1060 uisi
3492 992 3811 1059 divinitus
3851 1007 4073 1062 essent
4116 996 4341 1074 adiuti.
4388 1019 4478 1078 se,

2526 1081 2639 1147 ubi
2683 1079 3118 1146 resistendum
3155 1087 3330 1145 esset
3365 1078 3590 1145 multis
3635 1080 3866 1148 validis
3910 1082 4236 1165 gentibus,
4280 1082 4478 1169 longe

2527 1168 2662 1233 fore
2726 1167 3039 1249 impares,
3104 1163 3367 1248 quando
3426 1186 3510 1231 ne
3570 1186 3776 1230 unum
3836 1167 4098 1250 quidem
4164 1169 4476 1253 populum

2526 1253 2989 1319 sustinuerant.
3091 1249 3430 1333 Quantum
3530 1250 3610 1316 ad
3711 1252 3889 1317 viam
3989 1253 4477 1337 exploratorum

2526 1344 2804 1423 spectat,
2848 1337 3112 1422 quidam
3156 1335 3544 1419 intelligunt
3586 1335 3925 1421 populum,
3970 1339 4166 1405 sicuti
4210 1340 4478 1408 edoctus

2525 1433 2669 1490 erat
2704 1446 2743 1489 a
2776 1422 2971 1489 Iosue
3006 1429 3074 1489 et
3107 1421 3329 1502 Caleb,
3374 1433 3723 1506 sequutum
3768 1421 3970 1490 fuisse
4014 1444 4239 1490 eorum
4285 1427 4477 1495 vesti-

2526 1511 2635 1664 {ia
2710 1512 2823 1595 qui
2902 1508 3087 1575 missi
3165 1509 3428 1574 fuerant
3509 1505 3591 1574 ad
3657 1516 3900 1574 terram
3979 1510 4478 1593 explorandam.

2582 1595 2664 1663 ed
2720 1595 3033 1679 quoniam
3090 1602 3361 1678 apparet
3417 1593 3749 1660 diversum
3800 1596 3997 1661 fuisse
4048 1598 4202 1676 iter,
4255 1599 4473 1664 nescio

2527 1704 2614 1749 an
2650 1682 2869 1765 opinio
2911 1680 3027 1747 illa
3068 1679 3268 1764 probe
3309 1679 3639 1747 consistat.
3716 1679 3946 1763 Itaque
3990 1681 4105 1748 alii
4146 1682 4478 1768 accipiunt

2527 1789 2764 1834 nomen
2836 1779 2965 1857 ἸἿἾ
3032 1786 3149 1849 pro
3212 1766 3455 1831 instar:
3523 1763 3696 1849 quod
3759 1765 3995 1833 durum
4054 1776 4120 1833 et
4177 1781 4476 1836 coactum

2531 1855 2806 1922 videtur.
2898 1851 3009 1920 Sic
3051 1871 3210 1936 ergo
3257 1851 3676 1934 interpretor:
3734 1850 3961 1933 Quum
4017 1874 4136 1937 per
4175 1855 4478 1939 regiones

2527 1941 2897 2024 incognitas
2961 1937 3366 2022 pergendum
3432 1946 3599 2003 esset
3615 1989 3631 2016 ,
3699 1960 3781 2003 ex
3844 1958 4026 2004 more
4092 1943 4479 2023 praemissos

2527 2027 2730 2094 fuisse
2771 2024 3206 2109 speculatores
3249 2025 3360 2106 qui
3404 2032 3610 2088 totum
3662 2024 3785 2089 iter
3831 2022 4211 2109 dirigerent.
4297 2027 4479 2094 Hinc

2527 2112 2836 2197 cognovit
2880 2131 2997 2176 rex
3045 2107 3226 2175 Arad
3271 2118 3512 2174 terram
3555 2130 3743 2175 suam
3787 2110 3960 2194 peti,
4002 2120 4353 2195 antequam
4398 2132 4475 2178 eo

2527 2217 2915 2284 progressus
2956 2203 3130 2261 esset
3171 2195 3515 2261 exercitus.

2700 2284 2762 2350 2.
2839 2282 3020 2350 Vovit
3061 2300 3203 2366 erqo
3245 2280 3474 2348 Israel.
3562 2279 3724 2345 Fuit
3779 2278 3902 2346 hoc
3957 2282 4220 2364 pietatis
4269 2284 4480 2366 speci·

2529 2391 2701 2450 men,
2745 2374 3009 2452 accepto
3046 2365 3285 2432 damno
3322 2387 3451 2432 non
3487 2386 3668 2449 spem
3707 2365 4003 2445 abiicere,
4051 2387 4170 2433 nec
4202 2369 4482 2436 fremere

2527 2456 2843 2523 adversus
2911 2455 3163 2520 Deum:
3230 2451 3344 2518 sed
3399 2472 3587 2535 opem
3645 2453 3785 2517 eius
3841 2451 4252 2536 implorando
4305 2454 4482 2521 colli-

2528 2563 2683 2627 gere
2748 2542 3022 2607 auimos.
3113 2536 3211 2602 Ad
3278 2538 3448 2605 hanc
3512 2537 3760 2604 scilicet
3824 2539 4026 2602 animi
4097 2548 4479 2607 mansuetu-

2531 2629 2750 2693 dinem
2791 2624 3043 2693 subacti
3083 2624 3345 2689 fuerant
3390 2624 3515 2688 Dei
3559 2623 3816 2704 ferulis,
3861 2643 4234 2705 quanquam
4279 2625 4481 2692 huius

2528 2713 2937 2779 obedientiae
2991 2708 3094 2797 (ut
3137 2730 3292 2776 mox
3338 2707 3726 2796 videbimus)
3770 2719 4130 2793 perpetuus
4174 2730 4307 2775 non
4350 2711 4478 2777 fuit

2528 2809 2737 2865 tenor.
2804 2798 3054 2864 Votum
3099 2816 3294 2879 porro
3339 2795 3462 2862 hoc
3497 2795 3709 2880 primo
3751 2794 3998 2860 intuitu
4043 2793 4259 2878 quivis
4294 2815 4479 2878 prae-

2529 2893 2865 2970 posterum
2942 2883 3143 2949 fuisse
3217 2880 3489 2961 diceret,
3558 2880 3729 2964 quod
3807 2890 4029 2946 tamen
4107 2879 4476 2965 legitimum

2530 2972 2732 3038 fuisse
2774 2979 2841 3036 et
2885 2967 3028 3035 Deo
3072 2967 3447 3119 ffiobatum,
3494 2965 3576 3032 ab
3619 2967 3857 3034 effectu
3901 2965 4263 3051 colligitur:
4326 2970 4477 3050 quia

2531 3059 2796 3143 signum
2872 3075 3072 3140 appro
3158 3054 3353 3119 tionis
3433 3053 3557 3118 fuit
3632 3051 3805 3136 quod
3886 3050 4072 3118 Deus
4138 3052 4479 3119 exaudivit

2531 3152 2686 3209 vota
2739 3141 2966 3227 populi
3020 3149 3086 3207 et
3142 3139 3510 3206 clamorem.
3601 3138 3846 3204 Fateor
3901 3136 4162 3220 quidem
4221 3138 4478 3204 vitiosis

2532 3228 2866 3295 interdum
2937 3223 3242 3311 precibus
3317 3225 3534 3291 Deum
3612 3241 3930 3290 annuere:
4010 3222 4127 3288 sed
4209 3223 4480 3290 minime

2534 3315 2805 3382 dubium
2858 3321 2959 3380 est
3009 3313 3168 3396 quin
3211 3311 3430 3378 Moses
3475 3311 3582 3377 hic
3635 3310 3949 3393 pietatem
3997 3309 4066 3374 in
4113 3316 4262 3375 voto
4305 3331 4479 3376 com·

2532 3400 2816 3469 mendet.
2906 3397 3285 3465 Videndum
3326 3396 3534 3482 igitur
3575 3395 3895 3478 quomodo
3958 3394 4216 3461 licuerit
4276 3395 4482 3462 inter-

2531 3488 2703 3552 itum
2746 3485 3012 3551 urbium
3057 3489 3123 3550 et
3166 3484 3537 3550 vastitatem
3586 3493 3799 3547 terrae
3863 3480 4099 3546 offerre
4145 3480 4285 3546 Deo
4330 3489 4479 3547 tan-

2532 3594 2730 3657 quam
2795 3570 3188 3637 sacrificium
3252 3569 3409 3635 boni
3471 3567 3706 3634 odoris.
3795 3567 4013 3633 Huius
4077 3566 4480 3648 quaestionis

2531 3659 2741 3726 facilis
2805 3657 2932 3723 erit
2995 3655 3234 3722 solutio
3293 3655 3351 3720 si
3407 3662 3704 3720 tenemus
3760 3660 3991 3718 votum
4050 3673 4182 3717 non
4232 3660 4479 3717 temere

2531 3765 2743 3828 neque
2779 3766 2862 3809 ex
2895 3742 3033 3808 zelo
3066 3740 3561 3818 inconsiderato,
3604 3738 3717 3806 sed
3761 3739 3976 3821 potius
4017 3758 4101 3801 ex
4135 3735 4267 3803 Dei
4300 3757 4483 3804 man-

2534 3832 2688 3898 dato
2754 3830 2954 3896 fuisse
3019 3838 3422 3911 conceptum.
3513 3825 3796 3892 Crudele
3876 3822 4138 3888 videtur
4212 3830 4477 3907 gentem

2532 3938 2733 3983 unam
2777 3914 3162 3981 interficere.
3250 3913 3452 3996 Atqui
3497 3913 3682 3977 Deus
3723 3931 3854 3976 non
3897 3909 4090 3974 modo
4139 3929 4285 3973 eam
4327 3928 4479 3993 per-

2533 4002 2687 4069 dere
2746 4001 3149 4079 decreverat,
3206 3997 3320 4064 sed
3365 3998 3698 4063 Israelitas
3745 4001 4114 4061 armaverat
4157 3992 4240 4059 ad
4283 4015 4480 4061 suum

2532 4088 2846 4156 iudicium
2892 4084 3401 4169 exsequendum.
3491 4082 3714 4164 Quare
3780 4081 4059 4146 futiliter
4101 4087 4354 4160 votum,
4400 4078 4480 4144 de

2534 4195 2662 4260 quo
2727 4174 2973 4258 agitur,
3042 4178 3491 4254 nuncupatum
3558 4189 3688 4234 non
3754 4167 3877 4233 fuit
3941 4176 4297 4249 praeeunte
4354 4166 4481 4230 Dei

2535 4261 2751 4339 verbo,
2797 4279 2960 4342 quae
3005 4257 3219 4408 {rima
3262 4266 3363 4322 est
3405 4255 3532 4321 rite
3577 4253 3857 4320 vovendi
3893 4251 4137 4337 regula.
4204 4250 4483 4317 Licebat

2532 4346 2797 4431 quidem
2857 4343 3003 4410 urbi
3048 4364 3128 4409 us
3191 4363 3489 4425 parcere,
3557 4348 3630 4405 ut
3693 4339 3826 4405 illis
3890 4338 4290 4421 potirentur:
4368 4334 4485 4403 sed

2532 4432 2721 4499 licuit
2763 4430 2960 4496 etiam
3006 4438 3316 4512 tanquam
3362 4426 3680 4510 primitias
3725 4424 3942 4490 dicare
3985 4424 4055 4487 in
4101 4423 4484 4488 anathema:

2535 4518 2729 4585 sicuti
2785 4517 2864 4584 de
2923 4515 3086 4581 urbe
3150 4513 3407 4580 Iericho
3472 4511 3629 4578 alibi
3694 4508 4018 4578 scribitur.
4107 4509 4255 4574 Hoc
4307 4515 4483 4573 certe

2536 4601 2894 4670 tenendum
2953 4608 3085 4679 est,
3145 4599 3445 4681 quamvis
3502 4597 3718 4682 palam
3775 4605 3844 4662 et
3887 4595 4126 4662 diserte
4172 4614 4301 4659 non
4347 4593 4484 4658 ius·

2534 4691 2731 4757 sisset
2794 4689 2978 4753 Deus
3042 4686 3236 4752 urbes
3299 4683 3594 4752 funditus
3660 4682 3895 4762 everti,
3971 4690 4196 4747 votum
4239 4684 4484 4743 -tamen

2535 4777 2659 4842 hoe
2703 4797 2742 4841 a
2783 4774 3019 4857 spiritu
3061 4781 3284 4837 sancto
3328 4771 3527 4837 fuisse
3571 4769 3917 4836 dictatum:
3960 4786 4044 4831 ne
4089 4764 4368 4850 populus
4410 4763 4484 4827 in

2535 4859 2779 4945 angulo
2825 4880 2953 4924 uno
2997 4879 3114 4942 per
3157 4856 3491 4942 ignaviam
3535 4856 3940 4929 subsisteret,
3986 4850 4099 4916 sed
4145 4858 4324 4914 terra
4365 4848 4485 4915 illa

2534 4948 2788 5013 nudata
2820 4954 2888 5011 et
2920 4951 3178 5012 vastata
3221 4942 3454 5009 melius
3499 4963 3570 5008 se
3614 4942 3932 5006 animaret
3978 4935 4059 5001 ad
4106 4934 4484 5000 ulteriorem

2532 5052 2968 5118 progressum.
3056 5029 3350 5095 Verbum
3412 5041 3549 5097 ῠἿΠ
3609 5047 3734 5109 quo
3785 5025 3993 5089 utitur
4049 5020 4295 5097 Moses,
4353 5021 4484 5104 sig·

2533 5121 2757 5185 nificat
2809 5116 3071 5202 quidem
3127 5114 3443 5194 Perdere,
3502 5113 3680 5178 unde
3735 5129 3974 5176 nomen
4020 5118 4204 5172 ΠΌἾΠ
4243 5104 4482 5172 deduc·

2535 5214 2710 5285 tum,
2777 5203 3059 5287 speciem
3125 5200 3563 5266 anathematis
3628 5198 3700 5261 in
3767 5216 3836 5259 se
3903 5191 4227 5270 continet,
4294 5211 4368 5257 ac
4427 5191 4484 5256 si

2536 5300 2782 5356 terram
2829 5290 2952 5355 Dei
2997 5285 3436 5354 maledictioni
3472 5283 3880 5349 subiicerent.
3952 5276 4231 5343 Subiicit
4266 5282 4488 5342 autem

2538 5378 2755 5444 Moses
2800 5374 3115 5459 populum
3160 5372 3372 5438 officio
3417 5370 3617 5435 fuisse
3659 5365 4095 5450 perfunctum,
4142 5370 4490 5447 postquam

3963 5465 4062 5519 16*
