5017 6142
605 444 734 511 535

605 641 833 718 postea
876 635 1203 720 corrigere
1246 633 1416 719 quod
1458 635 1610 719 plus
1656 634 1758 701 vel
1795 634 2017 701 minus
2050 636 2556 718 pronunciatum

608 720 837 786 fuerat.
926 721 1021 786 At
1063 720 1331 787 omnino
1374 721 1442 786 in
1488 742 1729 806 genere
1772 720 1866 788 sic
1909 719 2283 787 habendum
2329 731 2430 787 est
2476 719 2559 787 de

607 805 786 872 tribu
852 805 1204 890 Ephraim,
1271 818 1339 873 et
1400 806 1685 891 reliquis,
1752 805 1996 873 multas
2059 806 2254 874 urbes
2320 806 2559 892 quibus

609 891 797 975 potiti
831 901 1015 972 sunt,
1070 901 1333 976 propter
1380 893 1749 960 vastitatem
1796 891 1978 959 nullo
2022 893 2219 960 fuisse
2263 914 2557 960 numero.

607 977 859 1044 Multas
903 1000 1057 1064 ergo
1097 979 1325 1045 ruinas
1370 977 1478 1045 hic
1521 978 1782 1062 sepeliri
1827 999 1959 1044 non
1996 976 2238 1046 dubito.
2303 977 2560 1045 Deinde

606 1063 1032 1130 statuendum
1078 1073 1208 1145 est,
1269 1064 1383 1131 ubi
1426 1064 1555 1131 vici
1598 1063 1870 1131 fuerunt
1911 1063 2248 1148 ignobiles,
2293 1073 2561 1149 propter

608 1149 730 1215 soli
784 1149 1176 1230 ubertatem,
1230 1158 1299 1215 et
1355 1148 1521 1217 alias
1578 1149 2104 1226 commoditates,
2169 1150 2303 1218 illic
2360 1151 2560 1217 fuisse

605 1234 975 1319 praeclaras
1019 1236 1213 1303 urbes
1253 1234 1566 1303 conditas.
1637 1235 1807 1302 Nam
1852 1242 2028 1303 certe
2070 1234 2367 1304 Sichima
2400 1236 2560 1303 satis

608 1318 880 1388 celebris
937 1321 1061 1387 fuit
1118 1321 1201 1386 ad
1256 1343 1493 1388 nomen
1539 1329 1608 1388 et
1650 1320 1927 1407 gradum
1973 1322 2358 1389 tenendum:
2417 1322 2560 1389 eius

608 1416 830 1472 tamen
890 1407 1073 1473 nulla
1131 1407 1237 1474 hic
1294 1409 1371 1473 fit
1429 1406 1705 1488 mentio,
1772 1406 1962 1474 sicuti
2022 1428 2143 1474 nec
2201 1407 2560 1490 Samariae,

607 1512 773 1576 quae
807 1513 1010 1577 quum
1058 1492 1436 1577 metropolis
1471 1501 1646 1560 esset
1681 1493 1869 1578 regni
1889 1493 2116 1573 Israel,
2162 1493 2245 1558 ad
2281 1493 2557 1560 eandem

606 1577 851 1644 tribum
924 1578 1242 1663 Ephraim
1310 1578 1710 1663 pertinebat,
1776 1588 1852 1644 ut
1916 1579 2076 1646 satis
2140 1588 2371 1646 notum
2436 1588 2555 1646 est.

606 1664 805 1731 Patet
860 1664 1066 1750 igitur
1123 1664 1326 1732 fuisse
1385 1663 1466 1731 ab
1524 1684 1912 1749 unaquaque
1970 1664 2146 1731 tribu
2190 1664 2559 1750 complures

608 1750 803 1817 urbes
845 1769 1199 1835 possessas,
1245 1750 1326 1817 de
1367 1750 1606 1835 quibus
1647 1750 1756 1818 hic
1800 1750 2050 1818 siletur.

782 1836 884 1902 14.
941 1836 1215 1919 Loquuti
1269 1841 1417 1903 sunt
1479 1836 1608 1919 filii
1661 1835 1906 1920 Ioseph.
2014 1836 2160 1903 Etsi
2231 1837 2557 1921 querimo-

606 1922 788 1987 niam
852 1941 1042 1988 suam
1093 1929 1487 2006 praetexunt
1538 1921 1757 2007 aliquo
1816 1922 2256 1990 excusationis
2312 1922 2557 1990 colore:

607 2007 780 2073 male
844 2014 1070 2073 tamen
1115 2006 1534 2075 dissimulant
1575 2007 1722 2093 plus
1765 2007 1969 2074 fuisse
2013 2007 2560 2092 comprehensum

606 2094 677 2159 in
739 2114 870 2159 una
927 2103 1136 2173 sorte,
1193 2114 1389 2176 quam
1446 2095 1517 2160 in
1584 2094 1830 2160 tribum
1897 2114 2097 2160 unam
2142 2101 2557 2179 competeret.

608 2179 847 2247 Nescio
891 2186 1111 2245 tamen
1144 2200 1231 2245 an
1275 2179 1544 2246 confuse
1586 2199 1708 2264 pro
1749 2179 1905 2246 filiis
1940 2179 2182 2280 Ioseph
2215 2181 2387 2247 iacta
2421 2181 2560 2247 fue-

608 2264 700 2330 rit
742 2264 1029 2331 sortitio:
1097 2284 1218 2330 nec
1271 2274 1446 2332 certe
1488 2274 1998 2333 consentaneum
2043 2264 2319 2333 videtur.
2406 2266 2562 2333 Non

608 2349 857 2417 latebat
903 2349 1113 2430 Iosue,
1168 2372 1289 2418 nec
1335 2351 1498 2419 alios
1541 2350 1880 2431 divisores,
1927 2351 2247 2436 Ephraim
2301 2359 2367 2418 et
2416 2352 2562 2417 Ma·

610 2457 805 2503 nasse
845 2435 973 2502 duo
1016 2436 1272 2504 efficere
1316 2439 1550 2521 capita,
1597 2436 1704 2504 vel
1749 2437 1911 2503 duas
1953 2437 2227 2521 stirpes:
2285 2459 2362 2504 ac
2417 2457 2560 2504 sae-

609 2524 758 2607 pius
815 2521 1091 2590 antehac
1148 2522 1393 2589 dictum
1452 2522 1612 2601 fuit,
1674 2531 1917 2588 terram
1961 2522 2165 2590 dividi
2208 2523 2279 2589 in
2334 2522 2558 2590 decem

610 2607 838 2687 tribus,
884 2608 996 2693 qui
1043 2628 1355 2675 numerus
1400 2629 1533 2674 non
1569 2608 1924 2689 constabat,
1967 2608 2097 2674 nisi
2133 2608 2378 2675 tribum
2414 2608 2559 2675 Ma·

608 2714 800 2761 nasse
843 2714 884 2760 a
926 2692 1102 2759 tribu
1147 2693 1467 2777 Ephraim
1513 2692 1978 2761 discernerent.
2045 2694 2318 2761 Certum
2354 2694 2560 2780 igitur

610 2788 744 2861 est,
798 2800 930 2845 non
991 2778 1196 2845 fuisse
1253 2788 1387 2845 tam
1445 2799 1664 2846 crasso
1720 2799 1941 2846 errore
1997 2780 2063 2845 la
2107 2800 2247 2859 sos,
2313 2788 2388 2846 ut
2429 2780 2559 2846 duo

611 2866 880 2932 nomina
921 2865 992 2930 in
1029 2884 1229 2930 unam
1265 2874 1507 2931 sortem
1552 2865 1967 2932 coniicerent.
2112 2865 2397 2933 ccultare
2441 2886 2557 2931 au·

611 2957 747 3018 tem
792 2950 914 3017 sub
957 2951 1223 3015 nomine
1257 2950 1495 3035 Ioseph
1539 2950 1703 3018 duas
1737 2949 1971 3035 tribus,
2015 2960 2094 3017 ut
2136 2972 2246 3018 eas
2291 2951 2559 3018 frauda-

610 3045 761 3105 rent
819 3036 1089 3102 dimidia
1152 3037 1254 3103 sui
1317 3036 1482 3104 iuris
1544 3045 1761 3122 parte,
1837 3035 2266 3104 intolerabilis
2328 3038 2561 3104 fuisset

610 3123 942 3207 iniquitas.
1031 3120 1221 3188 Adde
1275 3121 1447 3208 quod
1506 3123 1815 3189 distincte
1870 3124 2167 3207 exposita
2221 3130 2376 3190 ante
2433 3123 2561 3189 fuit

611 3210 953 3292 utriusque
1020 3207 1198 3287 ditio,
1265 3208 1528 3292 suisque
1593 3207 1894 3275 terminis
1959 3208 2303 3293 descripta.
2403 3210 2559 3276 Huc

610 3297 831 3379 itaque
866 3294 1034 3360 ratio
1078 3315 1197 3360 nos
1240 3292 1450 3373 ducit,
1510 3314 1709 3378 quum
1767 3296 1837 3361 in
1897 3294 2057 3361 duas
2097 3296 2307 3363 tribus
2349 3295 2561 3362 iactae

612 3391 834 3448 essent
888 3387 1127 3456 sortes,
1185 3378 1555 3446 admirabili
1611 3379 1757 3447 Dei·
1796 3380 2065 3447 consilio
2108 3381 2350 3448 factum
2396 3401 2561 3459 esse,

611 3476 688 3533 ut
721 3466 982 3532 finitimi
1019 3474 1085 3530 et
1119 3465 1414 3550 contigui
1448 3466 1620 3533 inter
1670 3487 1741 3532 se
1782 3475 2004 3534 essent
2045 3466 2288 3533 fratres
2325 3466 2563 3551 quibus

611 3553 979 3620 communis
1014 3564 1155 3617 erat
1192 3560 1394 3635 pater.
1440 3550 1718 3638 Indigno
1752 3553 1959 3638 igitur
1994 3552 2416 3637 expostulant
2438 3552 2563 3619 sibi

611 3658 746 3705 non
795 3637 927 3704 nisi
973 3658 1171 3705 unam
1225 3636 1692 3704 haereditatem
1736 3637 1955 3704 datam
1996 3659 2167 3706 esse:
2227 3639 2380 3723 quia
2442 3659 2565 3705 nec

613 3730 800 3791 tanta
833 3731 975 3789 erat
1008 3721 1303 3791 socordia
1336 3723 1550 3804 Iosue,
1593 3744 1716 3791 nec
1750 3733 1889 3790 tam
1920 3723 2250 3811 malignus
2285 3725 2563 3803 animus,

613 3817 693 3877 ut
733 3830 843 3876 eos
884 3809 1136 3893 liquido
1186 3809 1345 3889 iure,
1405 3809 1514 3875 vel
1561 3830 1679 3894 per
1721 3810 1870 3875 inco
1919 3810 2239 3889 ‘tantiam,
2301 3809 2404 3877 vel
2447 3830 2566 3893 per

613 3893 933 3962 invidiam
989 3894 1338 3962 fraudaret.
1426 3893 1562 3962 Sed
1620 3894 1776 3962 hinc
1913 3915 1988 3962 sa
2072 3895 2438 3962 uerimonia
2481 3894 2565 3961 de

615 3981 914 4067 angustis
957 3980 1218 4060 finibus,
1262 3981 1435 4132 <huod
1479 4002 1595 4065 pro
1639 3981 1847 4047 nihilo
1893 3980 2055 4047 duce
2099 3991 2215 4047 ant
2250 3979 2564 4066 quidquid

616 4068 832 4135 adhuc
875 4067 1124 4133 virtute
1169 4066 1268 4133 bel
1299 4069 1398 4134 'ca
1441 4066 1904 4151 acquirendum
1951 4075 2118 4134 erat:
2179 4069 2363 4151 quasi
2406 4088 2565 4134 vero

617 4153 778 4220 alias
850 4153 1062 4219 tribus
1128 4152 1202 4218 in
1254 4152 1390 4219 solo
1451 4161 1678 4237 pacato
1738 4173 1882 4220 sors
1940 4151 2175 4219 deinde
2228 4153 2561 4219 locaverit.

614 4238 903 4323 Ideoque
946 4259 1082 4304 uno
1126 4237 1327 4305 verbo
1370 4260 1592 4306 eorum
1628 4239 1803 4306 disce
1852 4238 2168 4305 tationem
2212 4238 2455 4305 refellit
2488 4259 2566 4307 ac

617 4325 885 4392 discutit
927 4323 1139 4402 Iosue,
1195 4337 1263 4390 et
1303 4326 1550 4392 crimen
1594 4325 1771 4393 unde
1812 4324 2134 4392 invidiam
2178 4325 2460 4393 conflare
2504 4325 2565 4391 ei

617 4411 958 4477 tentabant
1007 4412 1075 4476 in
1122 4410 1298 4494 ipsos
1344 4420 1695 4493 retorquet.
1781 4409 1859 4478 Si
1910 4418 2125 4492 tanta,
2173 4411 2405 4494 inquit,

616 4506 840 4564 vestra
874 4497 1078 4579 copia,
1119 4506 1186 4561 et
1220 4494 1592 4577 multitude,
1629 4518 1748 4566 cur
1780 4519 1911 4563 non
1947 4497 2015 4563 in
2052 4497 2274 4564 hostes
2294 4497 2564 4575 irruitis,

616 4603 893 4668 qnorum
940 4583 1120 4666 regio
1165 4582 1351 4649 vobis
1395 4582 1549 4648 data
1590 4582 1734 4649 est?
1814 4582 2041 4667 Neque
2101 4583 2276 4653 enim
2335 4584 2392 4649 si
2438 4583 2565 4649 Dei

618 4668 1046 4755 promissione
1097 4667 1248 4734 freti
1302 4667 1774 4735 haereditatem
1837 4669 2092 4735 fortiter
2144 4668 2437 4736 adieritis
2482 4669 2565 4736 ab

617 4776 694 4822 eo
747 4774 1119 4822 concessam
1139 4805 1154 4833 ,
1210 4763 1486 4820 eventus
1545 4774 1659 4821 vos
1716 4754 2157 4821 frustrabitur.
2244 4754 2567 4821 Videmus

661 4841 919 4908 uamvis
983 4848 1159 4906 recte
1224 4839 1455 4906 fuisset
1498 4839 1631 4906 illis
1664 4848 2110 4923 prospectum,
2168 4861 2289 4907 sua
2342 4849 2565 4907 tamen

616 4864 866 4994 desidia
901 4925 1250 5003 excaecari,
1290 4934 1366 4990 ut
1397 4946 1469 4991 se
1503 4926 1826 5010 angustiis
1868 4929 2251 4994 constrictos
2286 4946 2567 5010 queran-

618 5023 747 5091 tur,
793 5012 947 5095 quia
991 5010 1073 5077 ad
1118 5010 1474 5095 petendum
1516 5012 1711 5078 sortis
1754 5032 1909 5078 suae
1946 5012 2252 5079 effectum
2289 5012 2568 5099 digitum

619 5118 887 5165 movere
931 5096 1261 5166 nolebant.
1329 5095 1554 5179 Quare
1604 5097 1791 5164 docet
1823 5096 1932 5163 hio
1965 5097 2166 5179 locus,
2215 5100 2269 5164 si
2307 5097 2568 5183 quando

618 5193 927 5268 putamus
977 5184 1193 5250 minus
1243 5182 1431 5250 nobis
1473 5183 1791 5269 praestari
1834 5204 2030 5267 quam
2077 5182 2369 5262 debetur,
2417 5183 2565 5250 dili-

618 5277 856 5356 genter
896 5268 1318 5337 excutiendas
1362 5289 1507 5338 esse
1549 5290 1776 5337 omnes
1809 5289 2119 5351 remorae,
2162 5289 2247 5335 ne
2285 5270 2565 5355 culpam,

616 5374 787 5442 qnae
829 5355 898 5421 in
944 5353 1132 5422 nobis
1176 5356 1435 5438 residet,
1479 5366 1726 5424 temere
1767 5353 1839 5421 in
1881 5354 2043 5421 alios
2078 5376 2475 5441 regeramus.

1672 444 2415 515 COMMENTARIUS
2463 446 2565 513 IN
2607 444 2888 514 IOSUE
2933 445 3237 515 CAPUT
3281 444 3547 514 XVIII.

4478 444 4602 512 536

2835 635 2935 702 16.
2987 634 3110 704 Oui
3148 635 3612 720 respmtdertmt.
3658 635 3961 720 Apparet
4005 634 4202 701 nimis
4246 633 4444 700 fuisse
4483 633 4606 701 sibi

2661 720 2930 800 deditos,
2991 723 3146 805 quia
3189 721 3714 806 tergiversantur
3757 719 3969 804 quoad
4009 727 4316 804 possunt,
4377 741 4460 786 ne
4503 741 4605 786 ra·

2659 807 2822 873 tioni
2879 827 2919 872 a
2975 807 3172 873 Iosua
3225 807 3628 891 propositae,
3695 828 3823 891 qua
3865 813 4085 871 tamen
4128 805 4293 871 nihil
4337 806 4608 891 aequius

2661 903 2818 972 erat,
2854 894 3331 977 obtemperent.
3397 894 3695 959 Mentem
3731 892 4105 976 squalidum
4141 912 4286 958 esse
4321 900 4388 957 et
4421 893 4609 975 quasi

2661 978 2991 1044 desertum
3027 979 3359 1046 obiiciunt.
3407 978 3517 1045 Ita
3552 979 3663 1046 ubi
3698 977 3829 1044 illis
3864 979 4225 1057 accesserit,
4261 977 4608 1044 minimum

2662 1071 2883 1131 tamen
2927 1063 3231 1131 utilitatis
3273 1064 3426 1132 inde
3468 1084 3795 1131 sensuros.
3885 1062 4229 1146 Quantum
4272 1062 4355 1128 ad
4397 1063 4608 1147 plani·

2662 1151 2839 1229 tiem‚
2886 1171 3050 1234 quae
3094 1151 3273 1218 culta
3319 1158 3463 1217 erat
3505 1157 3572 1216 et
3612 1149 3868 1229 fertilis,
3914 1151 4252 1234 excipiunt
4297 1170 4368 1216 se
4407 1150 4491 1215 ab
4534 1170 4611 1216 ea

2661 1236 2920 1303 excludi
2976 1245 3043 1302 et
3085 1236 3294 1304 arceri
3331 1245 3597 1320 propter
3639 1235 4114 1302 formidabilem
4159 1234 4449 1302 hostium
4496 1256 4609 1321 ap-

2659 1329 2981 1406 paratum.
3070 1322 3303 1407 Itaque
3360 1329 3874 1389 commemorant
3916 1342 4149 1388 currus
4190 1322 4469 1389 ferreos:
4537 1342 4613 1388 ac

2659 1406 2719 1474 si
2772 1428 2903 1473 non
2960 1415 3116 1475 ante
3174 1408 3430 1493 experti
3486 1407 3767 1474 fuissent
3820 1405 4044 1474 Deum
4104 1407 4288 1474 nullo
4345 1429 4393 1473 n
4517 1407 4610 1473 tio

2660 1502 2997 1561 conterere
3040 1502 3178 1560 tam
3221 1513 3473 1574 currus,
3524 1513 3718 1577 quam
3763 1496 4030 1578 equites.
4117 1493 4375 1560 Verum
4456 1513 4612 1560 osne

2661 1579 2940 1663 simplici
2994 1580 3387 1663 cordatoque
3445 1600 3752 1663 responso
3793 1587 3928 1644 tam
3972 1598 4199 1645 eorum
4242 1578 4610 1658 avaritiam,

2660 1686 2858 1749 quam
2896 1665 3170 1745 delitias,
3239 1675 3694 1749 torporemque
3736 1665 3937 1749 probe
3979 1666 4278 1750 castigat.
4368 1663 4446 1732 Si
4489 1664 4613 1732 tibi

2660 1752 2851 1835 sylva
2892 1749 3087 1818 hodie
3124 1772 3253 1818 non
3291 1752 3452 1818 satis
3486 1751 3819 1819 fructuosa
3861 1758 3982 1834 est,
4026 1751 4235 1818 caesis
4268 1750 4613 1817 arboribus

2660 1837 2963 1904 conficies
3007 1835 3126 1902 tibi
3171 1837 3371 1903 bonos
3415 1857 3637 1923 agros:
3705 1837 3798 1902 ita
3841 1837 4033 1903 modo
4077 1856 4161 1902 ne
4203 1836 4416 1903 labori
4459 1858 4611 1921 par-

2661 1941 2788 2001 cas,
2826 1922 2953 1987 erit
2986 1923 3148 1990 haec
3181 1944 3310 1989 non
3349 1921 3743 2007 poenitenda
3763 1921 4097 1989 habitatio.
4143 1921 4396 1990 Currus
4415 1943 4612 2008 porro

2661 2009 2857 2075 ferrei
2921 2030 3052 2075 non
3118 2007 3477 2092 impedient
3542 2008 3891 2093 quominus
3935 2007 4054 2075 tibi
4100 2015 4386 2092 praestet
4428 2010 4611 2076 Deus

2661 2093 2835 2178 quod
2879 2094 3194 2178 promisit.
3241 2095 3385 2160 'I'ua
3427 2102 3527 2160 est
3570 2093 3971 2161 haereditas:
4018 2093 4232 2161 solum
4256 2114 4387 2178 qua
4427 2095 4614 2162 decet

2662 2179 2902 2247 fiducia
2945 2181 3012 2247 in
3058 2201 3205 2247 eam
3239 2178 3601 2266 ingredere.

3332 2521 3635 2591 CAPUT
3675 2520 3942 2589 XVIII.

2837 2694 2894 2759 1.
2942 2692 3326 2780 Gonyreyatc
3367 2700 3459 2761 est
3497 2698 3704 2761 autem
3736 2695 4040 2761 universa
4080 2693 4412 2762 multitudo
4448 2694 4616 2777 filio-

2663 2800 2810 2847 rum
2853 2779 3064 2847 Israel
3105 2780 3177 2845 in
3223 2778 3376 2859 Silo,
3442 2785 3499 2846 et
3538 2779 3976 2848 collocaverunt
4017 2780 4109 2847 ibi
4147 2779 4620 2847 tabernaculum

2663 2866 3106 2945 conventioni&
3155 2870 3489 2949 postquam
3552 2871 3724 2932 terra
3763 2864 4039 2933 subiecta
4079 2871 4215 2933 erat
4249 2886 4463 2933 eoram
4500 2867 4616 2933 eie.

2663 2953 2727 3017 2.
2775 2950 3238 3019 Remanserant
3277 2956 3485 3019 autem
3541 2971 3574 3017 e
3626 2951 3786 3034 filiis
3829 2951 4037 3020 Israel
4078 2952 4307 3034 quibus
4347 2972 4469 3019 non
4511 2952 4619 3019 di-

2662 3039 2945 3105 viserant
2985 3036 3424 3105 haered-itatem
3463 3058 3666 3118 suam,
3708 3041 3937 3119 septem
3976 3037 4194 3104 tribus.
4283 3038 4343 3104 3.
4390 3037 4618 3105 Dixit-

2664 3144 2780 3207 que
2822 3124 3011 3191 Iosue
3047 3123 3134 3190 ad
3171 3121 3343 3204 filios
3385 3122 3624 3190 Israel.-
3680 3122 4006 3206 Usquequo
4051 3124 4309 3191 cessatis
4347 3123 4616 3208 ingredi,

2664 3208 3148 3292 utposst'deatis
3187 3213 3421 3276 terram
3478 3229 3667 3291 quam
3720 3209 3889 3275 dedit
3940 3209 4117 3277 nobis
4160 3207 4391 3276 Iehova
4433 3208 4621 3277 Dm

2658 3300 2921 3377 patrum
2970 3295 3360 3361 vestrorum?
3465 3294 3526 3361 4.
3593 3295 3856 3362 Tradite
3911 3315 3988 3361 ex
4044 3294 4215 3361 vobis
4262 3300 4388 3363 tres
4440 3296 4620 3363 viros

2653 3402 2775 3465 per
2827 3379 3089 3461 m’bmn,
3150 3400 3306 3462 quos
3358 3381 3633 3447 mittam.-
3694 3400 3809 3447 sur
4102 3385 4159 3448 et
4211 3379 4620 3447 ambulabunt

2654 3488 2776 3550 per
2807 3471 3058 3545 terram,
3092 3465 3542 3549 dembmntqae
3562 3486 3699 3534 eam
3731 3467 3914 3534 iuxta
4086 3466 4377 3533 entitatem
4407 3486 4616 3548 suam,

2651 3556 2873 3637 pos-tea
2930 3556 3306 3651 rever-teutm-
3359 3553 3447 3619 ad
3496 3573 3610 3619 me.
3698 3552 3759 3653 5:
3820 3552 3911 3619 Et
3951 3554 4325 3653 partiemur.
4362 3572 4503 3618 eam
4543 3554 4617 3619 in

2662 3643 2891 3824 ..aar
2920 3643 3316 3806 em...
3329 3637 3904 3825 Imm:
4060 3658 4618 3824 ...mm

2664 3809 2966 3893 aquilone.
3074 3809 3133 3875 6.
3217 3808 3459 3892 Vosque
3521 3809 3887 3877 descnbatts
3950 3816 4183 3877 terram
4248 3831 4322 3877 m
4384 3815 4618 3892 septen·

2652 3899 2904 3978 pmice,
2972 3899 3031 3961 et
3072 3895 3357 3979 afferatis
3413 3897 3501 3963 ad
3552 3916 3649 3961 me
3689 3895 3837 3962 hue.-
3897 3900 4030 3961 tum
4061 3895 4405 3979 prodiciam
4446 3896 4618 3963 vobi-s

2663 3986 2891 4048 sortem
2948 3980 3047 4048 hic
3110 4000 3321 4047 eoram
3374 3981 3609 4055 Iekova
3660 3981 3796 4048 Deo
3859 3987 4087 4049 nostro.
4191 3982 4249 4048 7.
4315 3981 4466 4049 Non
4527 3986 4618 4049 est

2665 4067 3061 4219 ῗᾶΐωξωεὲι
3094 4066 3461 4219 ’ἱῶἰέῗῶ
3498 4067 3710 4219 ff
3727 4072 3895 4220 5⁶:5²
3917 4068 4160 4221 ²⁷:232?
4177 4068 4624 4220 §fflfflss

2633 4238 2940 4315 ‚dimidia
2979 4238 3179 4305 tribus
3214 4237 3520 4305 Manasse
3561 4245 3918 4322 acceperunt
3957 4239 4400 4306 haereditatem
4431 4260 4624 4305 suam

2664 4326 2825 4391 citra
2859 4324 3193 4391 Iordanem
3227 4323 3314 4391 ad
3355 4324 3667 4405 oriemeaen,
3711 4345 3902 4408 quam
3944 4325 4111 4393 dedit
4151 4325 4211 4390 ei
4243 4324 4462 4391 Moses
4492 4344 4622 4391 ser-

2663 4430 2782 4477 vus
2825 4409 3106 4478 Iehovae.
3196 4410 3254 4476 8.
3305 4408 3845 4493 Surreoeeruntque
3885 4412 4016 4477 viri
4053 4410 4171 4491 cui,
4226 4416 4409 4494 atque
4449 4409 4619 4477 abie-

2642 4491 2831 4577 Ἴννα,
2863 4496 3302 4581 praecepitque
3325 4496 3511 4563 Ios-ue
3543 4497 3688 4563 istis
3730 4497 3843 4578 qui
3876 4496 4064 4575 ibant,
4108 4502 4177 4565 ut
4209 4496 4622 4565 describo-ent

2664 4587 2917 4663 terram,
2949 4582 3236 4649 dicendo.-
3279 4583 3378 4649 Ite
3410 4587 3465 4648 et
3496 4582 3806 4649 ambulate
3831 4603 3951 4666 per
3981 4588 4229 4664 terram,
4273 4603 4350 4650 ac
4390 4583 4623 4650 descri-

2666 4668 2787 4735 bite
2829 4688 2992 4736 eam.-
3040 4672 3258 4751 postea
3299 4669 3688 4734 revertemini
3730 4668 3818 4735 cd
3857 4688 3983 4749 me,
4046 4673 4102 4734 et
4140 4669 4243 4736 hic
4271 4670 4619 4750 procidam

2666 4754 2835 4820 vobis
2871 4758 3094 4820 sortem
3135 4774 3346 4821 eoram
3390 4753 3623 4820 Iehova
3678 4754 3750 4820 in
3797 4751 3949 4820 Silo.
4038 4754 4098 4820 9.
4145 4755 4459 4821 Abierant
4498 4756 4618 4821 ita-

2667 4859 2785 4921 que
2838 4839 2996 4918 viri,
3055 4846 3111 4906 et
3165 4841 3555 4907 transierunt
3597 4860 3723 4923 per
3763 4844 4013 4922 teo-ram,
4059 4845 4242 4922 atque
4280 4841 4620 4923 descripse-

2665 4931 2815 4992 runt
2855 4944 2992 4991 eam
3022 4945 3148 5008 per
3182 4926 3366 4993 urbes
3397 4927 3469 4992 in
3502 4931 3731 5008 septem
3755 4930 3988 5008 partes,
4029 4927 4100 4992 in
4131 4925 4311 5010 libro,
4353 4927 4622 4993 reversi-

2666 5032 2783 5095 que
2837 5014 2984 5077 sunt
3036 5011 3124 5078 ad
3182 5012 3443 5078 Iosuam
3504 5012 3590 5078 ad
3640 5016 3851 5079 castra
3908 5013 3977 5076 in
4036 5011 4187 5078 Silo.
4278 5012 4379 5079 10.
4428 5011 4619 5079 Misit

2665 5102 2874 5164 autem
2911 5098 3003 5164 eis
3046 5098 3244 5164 Iosua
3284 5103 3512 5164 sortem
3555 5099 3624 5163 in
3672 5097 3805 5165 Silo
3846 5116 4058 5164 coram
4100 5096 4374 5164 Iehovas·
4408 5098 4618 5181 para·-

2665 5189 2881 5267 tusque
2943 5187 3034 5250 est
3094 5183 3186 5249 ibi
3243 5183 3441 5252 Iosua
3504 5189 3740 5251 terram
3799 5182 3962 5265 filiis
4017 5183 4224 5252 Israel
4278 5185 4619 5252 secundm

2653 5274 2879 5353 panes
2919 5289 3146 5337 eorum.
