<?xml version="1.0" encoding="UTF-8"?>
<!DOCTYPE html PUBLIC "-//W3C//DTD XHTML 1.0 Transitional//EN"
    "http://www.w3.org/TR/xhtml1/DTD/xhtml1-transitional.dtd">
<html xmlns="http://www.w3.org/1999/xhtml" xml:lang="en" lang="en">
 <head>
  <title>
</title>
<meta http-equiv="Content-Type" content="text/html;charset=utf-8" />
  <meta name='ocr-system' content='tesseract 3.04.00' />
  <meta name='ocr-capabilities' content='ocr_page ocr_carea ocr_par ocr_line ocrx_word'/>
</head>
<body>
  <div class='ocr_page' id='page_1' title='image "./ioanniscalvinio06unkngoog_0086.png"; bbox 0 0 5017 6142; ppageno 0'>
   <div class='ocr_carea' id='block_1_1' title="bbox 624 440 751 507">
    <p class='ocr_par' dir='ltr' id='par_1_1' title="bbox 624 440 751 507">
     <span class='ocr_line' id='line_1_1' title="bbox 624 440 751 507; baseline -0.016 0"><span class='ocrx_word' id='word_1_1' title='bbox 624 440 751 507; x_wconf 66' lang='lat'><strong>147</strong></span> 
     </span>
    </p>
   </div>
   <div class='ocr_carea' id='block_1_2' title="bbox 630 622 2580 2994">
    <p class='ocr_par' dir='ltr' id='par_1_2' title="bbox 630 622 2580 2994">
     <span class='ocr_line' id='line_1_2' title="bbox 630 622 2577 708; baseline -0.004 -15"><span class='ocrx_word' id='word_1_2' title='bbox 630 627 813 693; x_wconf 82' lang='lat' dir='ltr'><strong>enim</strong></span> <span class='ocrx_word' id='word_1_3' title='bbox 860 625 1038 692; x_wconf 90' lang='lat' dir='ltr'><strong>hunc</strong></span> <span class='ocrx_word' id='word_1_4' title='bbox 1068 626 1293 692; x_wconf 89' lang='lat' dir='ltr'><strong>·locum</strong></span> <span class='ocrx_word' id='word_1_5' title='bbox 1338 632 1605 692; x_wconf 88' lang='lat' dir='ltr'><strong>vertunt</strong></span> <span class='ocrx_word' id='word_1_6' title='bbox 1645 623 2070 708; x_wconf 77' lang='lat' dir='ltr'><strong>interpretes:</strong></span> <span class='ocrx_word' id='word_1_7' title='bbox 2129 624 2216 689; x_wconf 86' lang='lat' dir='ltr'><strong>Et</strong></span> <span class='ocrx_word' id='word_1_8' title='bbox 2272 622 2577 704; x_wconf 85' lang='lat' dir='ltr'><strong>loquutus</strong></span> 
     </span>
     <span class='ocr_line' id='line_1_3' title="bbox 630 706 2576 793; baseline -0.005 -14"><span class='ocrx_word' id='word_1_9' title='bbox 630 721 735 780; x_wconf 90' lang='lat' dir='ltr'><strong>est</strong></span> <span class='ocrx_word' id='word_1_10' title='bbox 791 712 975 778; x_wconf 89' lang='lat' dir='ltr'><strong>Deus</strong></span> <span class='ocrx_word' id='word_1_11' title='bbox 1026 711 1109 777; x_wconf 91' lang='lat' dir='ltr'><strong>ad</strong></span> <span class='ocrx_word' id='word_1_12' title='bbox 1169 711 1435 789; x_wconf 83' lang='lat' dir='ltr'><strong>Mosen,</strong></span> <span class='ocrx_word' id='word_1_13' title='bbox 1501 711 1685 793; x_wconf 83' lang='lat' dir='ltr'><strong>quasi</strong></span> <span class='ocrx_word' id='word_1_14' title='bbox 1740 718 2043 776; x_wconf 80' lang='lat' dir='ltr'><strong>narraret</strong></span> <span class='ocrx_word' id='word_1_15' title='bbox 2096 716 2256 774; x_wconf 90' lang='lat' dir='ltr'><strong>tunc</strong></span> <span class='ocrx_word' id='word_1_16' title='bbox 2312 706 2576 771; x_wconf 89' lang='lat' dir='ltr'><strong>demum</strong></span> 
     </span>
     <span class='ocr_line' id='line_1_4' title="bbox 634 792 2578 882; baseline -0.005 -17"><span class='ocrx_word' id='word_1_17' title='bbox 634 806 1002 882; x_wconf 74' lang='lat' dir='ltr'><strong>separatam</strong></span> <span class='ocrx_word' id='word_1_18' title='bbox 1084 797 1284 863; x_wconf 86' lang='lat' dir='ltr'><strong>fuisse</strong></span> <span class='ocrx_word' id='word_1_19' title='bbox 1364 794 1605 861; x_wconf 84' lang='lat' dir='ltr'><strong>tribum</strong></span> <span class='ocrx_word' id='word_1_20' title='bbox 1681 795 1850 862; x_wconf 88' lang='lat' dir='ltr'><strong>Levi</strong></span> <span class='ocrx_word' id='word_1_21' title='bbox 1920 816 2120 879; x_wconf 91' lang='lat' dir='ltr'><strong>quum</strong></span> <span class='ocrx_word' id='word_1_22' title='bbox 2182 794 2313 858; x_wconf 90' lang='lat' dir='ltr'><strong>iam</strong></span> <span class='ocrx_word' id='word_1_23' title='bbox 2376 792 2578 857; x_wconf 90' lang='lat' dir='ltr'><strong>totius</strong></span> 
     </span>
     <span class='ocr_line' id='line_1_5' title="bbox 632 878 2579 968; baseline -0.004 -21"><span class='ocrx_word' id='word_1_24' title='bbox 632 882 859 968; x_wconf 89' lang='lat' dir='ltr'><strong>populi</strong></span> <span class='ocrx_word' id='word_1_25' title='bbox 893 882 1164 949; x_wconf 90' lang='lat' dir='ltr'><strong>collecta</strong></span> <span class='ocrx_word' id='word_1_26' title='bbox 1196 890 1367 948; x_wconf 90' lang='lat' dir='ltr'><strong>esset</strong></span> <span class='ocrx_word' id='word_1_27' title='bbox 1400 902 1674 946; x_wconf 88' lang='lat' dir='ltr'><strong>summa.</strong></span> <span class='ocrx_word' id='word_1_28' title='bbox 1726 879 2103 947; x_wconf 89' lang='lat' dir='ltr'><strong>Absurdum</strong></span> <span class='ocrx_word' id='word_1_29' title='bbox 2138 879 2312 946; x_wconf 90' lang='lat' dir='ltr'><strong>enim</strong></span> <span class='ocrx_word' id='word_1_30' title='bbox 2345 878 2579 943; x_wconf 86' lang='lat' dir='ltr'><strong>suisset</strong></span> 
     </span>
     <span class='ocr_line' id='line_1_6' title="bbox 683 963 2577 1050; baseline -0.004 -17"><span class='ocrx_word' id='word_1_31' title='bbox 683 978 893 1034; x_wconf 90' lang='lat' dir='ltr'><strong>artem</strong></span> <span class='ocrx_word' id='word_1_32' title='bbox 936 969 1272 1045; x_wconf 87' lang='lat' dir='ltr'><strong>omittere,</strong></span> <span class='ocrx_word' id='word_1_33' title='bbox 1318 967 1446 1033; x_wconf 89' lang='lat' dir='ltr'><strong>nisi</strong></span> <span class='ocrx_word' id='word_1_34' title='bbox 1491 975 1645 1032; x_wconf 89' lang='lat' dir='ltr'><strong>ante</strong></span> <span class='ocrx_word' id='word_1_35' title='bbox 1701 966 2023 1050; x_wconf 81' lang='lat' dir='ltr'><strong>patefacta</strong></span> <span class='ocrx_word' id='word_1_36' title='bbox 2071 972 2242 1030; x_wconf 87' lang='lat' dir='ltr'><strong>esset</strong></span> <span class='ocrx_word' id='word_1_37' title='bbox 2290 963 2415 1029; x_wconf 90' lang='lat' dir='ltr'><strong>Dei</strong></span> <span class='ocrx_word' id='word_1_38' title='bbox 2460 981 2577 1028; x_wconf 89' lang='lat' dir='ltr'><strong>vo·</strong></span> 
     </span>
     <span class='ocr_line' id='line_1_7' title="bbox 661 1045 2580 1137; baseline -0.005 -17"><span class='ocrx_word' id='word_1_39' title='bbox 661 1065 877 1120; x_wconf 88' lang='lat' dir='ltr'><strong>untas.</strong></span> <span class='ocrx_word' id='word_1_40' title='bbox 965 1053 1104 1119; x_wconf 85' lang='lat' dir='ltr'><strong>Cur</strong></span> <span class='ocrx_word' id='word_1_41' title='bbox 1158 1073 1315 1137; x_wconf 92' lang='lat' dir='ltr'><strong>ergo</strong></span> <span class='ocrx_word' id='word_1_42' title='bbox 1372 1052 1786 1135; x_wconf 89' lang='lat' dir='ltr'><strong>praeterierit</strong></span> <span class='ocrx_word' id='word_1_43' title='bbox 1835 1050 2075 1116; x_wconf 84' lang='lat' dir='ltr'><strong>tribum</strong></span> <span class='ocrx_word' id='word_1_44' title='bbox 2141 1069 2324 1116; x_wconf 89' lang='lat' dir='ltr'><strong>suam</strong></span> <span class='ocrx_word' id='word_1_45' title='bbox 2390 1045 2580 1114; x_wconf 91' lang='lat' dir='ltr'><strong>docet</strong></span> 
     </span>
     <span class='ocr_line' id='line_1_8' title="bbox 637 1133 2579 1221; baseline -0.005 -16"><span class='ocrx_word' id='word_1_46' title='bbox 637 1138 885 1218; x_wconf 82' lang='lat' dir='ltr'><strong>Moses,</strong></span> <span class='ocrx_word' id='word_1_47' title='bbox 959 1140 1111 1221; x_wconf 86' lang='lat' dir='ltr'><strong>quia</strong></span> <span class='ocrx_word' id='word_1_48' title='bbox 1188 1138 1371 1204; x_wconf 89' lang='lat' dir='ltr'><strong>Deus</strong></span> <span class='ocrx_word' id='word_1_49' title='bbox 1436 1137 1707 1204; x_wconf 76' lang='lat' dir='ltr'><strong>Levitae</strong></span> <span class='ocrx_word' id='word_1_50' title='bbox 1771 1135 1895 1201; x_wconf 91' lang='lat' dir='ltr'><strong>sibi</strong></span> <span class='ocrx_word' id='word_1_51' title='bbox 1951 1141 2444 1202; x_wconf 88' lang='lat' dir='ltr'><strong>consecraverat</strong></span> <span class='ocrx_word' id='word_1_52' title='bbox 2504 1133 2579 1196; x_wconf 91' lang='lat' dir='ltr'><strong>in</strong></span> 
     </span>
     <span class='ocr_line' id='line_1_9' title="bbox 634 1218 2576 1302; baseline -0.005 -11"><span class='ocrx_word' id='word_1_53' title='bbox 634 1222 995 1291; x_wconf 72' lang='lat' dir='ltr'><strong>custodiam</strong></span> <span class='ocrx_word' id='word_1_54' title='bbox 1040 1232 1107 1288; x_wconf 90' lang='lat' dir='ltr'><strong>et</strong></span> <span class='ocrx_word' id='word_1_55' title='bbox 1140 1224 1390 1289; x_wconf 90' lang='lat' dir='ltr'><strong>cultum</strong></span> <span class='ocrx_word' id='word_1_56' title='bbox 1435 1222 1851 1288; x_wconf 74' lang='lat' dir='ltr'><strong>tabernaculi.</strong></span> <span class='ocrx_word' id='word_1_57' title='bbox 1908 1222 2115 1287; x_wconf 88' lang='lat' dir='ltr'><strong>Porro</strong></span> <span class='ocrx_word' id='word_1_58' title='bbox 2149 1218 2319 1302; x_wconf 92' lang='lat' dir='ltr'><strong>quod</strong></span> <span class='ocrx_word' id='word_1_59' title='bbox 2362 1219 2576 1283; x_wconf 85' lang='lat' dir='ltr'><strong>taber-</strong></span> 
     </span>
     <span class='ocr_line' id='line_1_10' title="bbox 643 1302 2579 1392; baseline -0.004 -17"><span class='ocrx_word' id='word_1_60' title='bbox 643 1307 953 1375; x_wconf 89' lang='lat' dir='ltr'><strong>naculum</strong></span> <span class='ocrx_word' id='word_1_61' title='bbox 1001 1308 1194 1392; x_wconf 90' lang='lat' dir='ltr'><strong>vulgo</strong></span> <span class='ocrx_word' id='word_1_62' title='bbox 1239 1309 1319 1374; x_wconf 90' lang='lat' dir='ltr'><strong>ab</strong></span> <span class='ocrx_word' id='word_1_63' title='bbox 1362 1308 1572 1375; x_wconf 89' lang='lat' dir='ltr'><strong>obviis</strong></span> <span class='ocrx_word' id='word_1_64' title='bbox 1617 1307 1981 1392; x_wconf 81' lang='lat' dir='ltr'><strong>quibusque</strong></span> <span class='ocrx_word' id='word_1_65' title='bbox 2024 1305 2260 1371; x_wconf 82' lang='lat' dir='ltr'><strong>deferri</strong></span> <span class='ocrx_word' id='word_1_66' title='bbox 2304 1313 2370 1369; x_wconf 89' lang='lat' dir='ltr'><strong>et</strong></span> <span class='ocrx_word' id='word_1_67' title='bbox 2412 1302 2579 1387; x_wconf 88' lang='lat' dir='ltr'><strong>erigi</strong></span> 
     </span>
     <span class='ocr_line' id='line_1_11' title="bbox 635 1388 2576 1478; baseline -0.003 -19"><span class='ocrx_word' id='word_1_68' title='bbox 635 1392 738 1459; x_wconf 84' lang='lat' dir='ltr'><strong>fas</strong></span> <span class='ocrx_word' id='word_1_69' title='bbox 790 1414 920 1458; x_wconf 90' lang='lat' dir='ltr'><strong>non</strong></span> <span class='ocrx_word' id='word_1_70' title='bbox 975 1394 1131 1472; x_wconf 83' lang='lat' dir='ltr'><strong>fuit,</strong></span> <span class='ocrx_word' id='word_1_71' title='bbox 1188 1394 1311 1460; x_wconf 93' lang='lat' dir='ltr'><strong>hoc</strong></span> <span class='ocrx_word' id='word_1_72' title='bbox 1367 1394 1659 1478; x_wconf 79' lang='lat' dir='ltr'><strong>symbolo</strong></span> <span class='ocrx_word' id='word_1_73' title='bbox 1713 1391 2161 1457; x_wconf 88' lang='lat' dir='ltr'><strong>commendata</strong></span> <span class='ocrx_word' id='word_1_74' title='bbox 2218 1390 2341 1455; x_wconf 82' lang='lat' dir='ltr'><strong>fuit</strong></span> <span class='ocrx_word' id='word_1_75' title='bbox 2391 1388 2576 1454; x_wconf 90' lang='lat' dir='ltr'><strong>illius</strong></span> 
     </span>
     <span class='ocr_line' id='line_1_12' title="bbox 638 1475 2576 1562; baseline -0.004 -16"><span class='ocrx_word' id='word_1_76' title='bbox 638 1479 979 1546; x_wconf 83' lang='lat' dir='ltr'><strong>sanctitas:</strong></span> <span class='ocrx_word' id='word_1_77' title='bbox 1064 1479 1256 1545; x_wconf 88' lang='lat' dir='ltr'><strong>vilior</strong></span> <span class='ocrx_word' id='word_1_78' title='bbox 1330 1479 1503 1545; x_wconf 91' lang='lat' dir='ltr'><strong>enim</strong></span> <span class='ocrx_word' id='word_1_79' title='bbox 1571 1478 1801 1544; x_wconf 85' lang='lat' dir='ltr'><strong>fuisset</strong></span> <span class='ocrx_word' id='word_1_80' title='bbox 1866 1478 2134 1562; x_wconf 87' lang='lat' dir='ltr'><strong>religio,</strong></span> <span class='ocrx_word' id='word_1_81' title='bbox 2208 1476 2266 1541; x_wconf 92' lang='lat' dir='ltr'><strong>si</strong></span> <span class='ocrx_word' id='word_1_82' title='bbox 2333 1475 2576 1556; x_wconf 84' lang='lat' dir='ltr'><strong>absque</strong></span> 
     </span>
     <span class='ocr_line' id='line_1_13' title="bbox 635 1559 2575 1648; baseline -0.003 -20"><span class='ocrx_word' id='word_1_83' title='bbox 635 1561 1012 1629; x_wconf 78' lang='lat' dir='ltr'><strong>discrimine</strong></span> <span class='ocrx_word' id='word_1_84' title='bbox 1062 1564 1452 1648; x_wconf 84' lang='lat' dir='ltr'><strong>permissum</strong></span> <span class='ocrx_word' id='word_1_85' title='bbox 1510 1565 1812 1630; x_wconf 87' lang='lat' dir='ltr'><strong>omnibus</strong></span> <span class='ocrx_word' id='word_1_86' title='bbox 1868 1564 2095 1628; x_wconf 85' lang='lat' dir='ltr'><strong>fuisset</strong></span> <span class='ocrx_word' id='word_1_87' title='bbox 2150 1559 2230 1625; x_wconf 91' lang='lat' dir='ltr'><strong>ad</strong></span> <span class='ocrx_word' id='word_1_88' title='bbox 2277 1579 2461 1626; x_wconf 89' lang='lat' dir='ltr'><strong>sacra</strong></span> <span class='ocrx_word' id='word_1_89' title='bbox 2504 1578 2575 1624; x_wconf 92' lang='lat' dir='ltr'><strong>se</strong></span> 
     </span>
     <span class='ocr_line' id='line_1_14' title="bbox 633 1646 2577 1733; baseline -0.003 -20"><span class='ocrx_word' id='word_1_90' title='bbox 633 1649 953 1733; x_wconf 84' lang='lat' dir='ltr'><strong>ingerere.</strong></span> <span class='ocrx_word' id='word_1_91' title='bbox 1020 1649 1276 1715; x_wconf 89' lang='lat' dir='ltr'><strong>Interea</strong></span> <span class='ocrx_word' id='word_1_92' title='bbox 1311 1649 1628 1715; x_wconf 88' lang='lat' dir='ltr'><strong>admoniti</strong></span> <span class='ocrx_word' id='word_1_93' title='bbox 1664 1650 1924 1714; x_wconf 89' lang='lat' dir='ltr'><strong>fuerunt</strong></span> <span class='ocrx_word' id='word_1_94' title='bbox 1959 1646 2314 1725; x_wconf 86' lang='lat' dir='ltr'><strong>Israelitae,</strong></span> <span class='ocrx_word' id='word_1_95' title='bbox 2348 1664 2577 1710; x_wconf 90' lang='lat' dir='ltr'><strong>omnes</strong></span> 
     </span>
     <span class='ocr_line' id='line_1_15' title="bbox 635 1731 2575 1819; baseline -0.003 -20"><span class='ocrx_word' id='word_1_96' title='bbox 635 1732 721 1799; x_wconf 88' lang='lat' dir='ltr'><strong>ad</strong></span> <span class='ocrx_word' id='word_1_97' title='bbox 766 1755 972 1800; x_wconf 89' lang='lat' dir='ltr'><strong>unum</strong></span> <span class='ocrx_word' id='word_1_98' title='bbox 1015 1756 1158 1801; x_wconf 87' lang='lat' dir='ltr'><strong>esse</strong></span> <span class='ocrx_word' id='word_1_99' title='bbox 1198 1735 1503 1819; x_wconf 86' lang='lat' dir='ltr'><strong>indignos</strong></span> <span class='ocrx_word' id='word_1_100' title='bbox 1546 1735 1657 1817; x_wconf 90' lang='lat' dir='ltr'><strong>qui</strong></span> <span class='ocrx_word' id='word_1_101' title='bbox 1691 1756 1763 1799; x_wconf 89' lang='lat' dir='ltr'><strong>se</strong></span> <span class='ocrx_word' id='word_1_102' title='bbox 1804 1754 2020 1799; x_wconf 88' lang='lat' dir='ltr'><strong>coram</strong></span> <span class='ocrx_word' id='word_1_103' title='bbox 2063 1731 2207 1796; x_wconf 91' lang='lat' dir='ltr'><strong>Deo</strong></span> <span class='ocrx_word' id='word_1_104' title='bbox 2249 1732 2575 1809; x_wconf 88' lang='lat' dir='ltr'><strong>sisterent,</strong></span> 
     </span>
     <span class='ocr_line' id='line_1_16' title="bbox 636 1816 2575 1903; baseline -0.002 -20"><span class='ocrx_word' id='word_1_105' title='bbox 636 1817 900 1903; x_wconf 91' lang='lat' dir='ltr'><strong>quando</strong></span> <span class='ocrx_word' id='word_1_106' title='bbox 957 1840 998 1884; x_wconf 90' lang='lat' dir='ltr'><strong>a</strong></span> <span class='ocrx_word' id='word_1_107' title='bbox 1049 1821 1400 1885; x_wconf 85' lang='lat' dir='ltr'><strong>sanctuarii</strong></span> <span class='ocrx_word' id='word_1_108' title='bbox 1463 1841 1725 1887; x_wconf 88' lang='lat' dir='ltr'><strong>accessu</strong></span> <span class='ocrx_word' id='word_1_109' title='bbox 1789 1818 2323 1903; x_wconf 86' lang='lat' dir='ltr'><strong>prohibebantur.</strong></span> <span class='ocrx_word' id='word_1_110' title='bbox 2411 1816 2575 1899; x_wconf 90' lang='lat' dir='ltr'><strong>Dig-</strong></span> 
     </span>
     <span class='ocr_line' id='line_1_17' title="bbox 635 1904 2575 1988; baseline -0.002 -19"><span class='ocrx_word' id='word_1_111' title='bbox 635 1904 811 1970; x_wconf 83' lang='lat' dir='ltr'><strong>nitas</strong></span> <span class='ocrx_word' id='word_1_112' title='bbox 855 1914 1076 1970; x_wconf 89' lang='lat' dir='ltr'><strong>autem</strong></span> <span class='ocrx_word' id='word_1_113' title='bbox 1120 1925 1248 1988; x_wconf 88' lang='lat' dir='ltr'><strong>qua</strong></span> <span class='ocrx_word' id='word_1_114' title='bbox 1289 1905 1501 1971; x_wconf 88' lang='lat' dir='ltr'><strong>tribus</strong></span> <span class='ocrx_word' id='word_1_115' title='bbox 1534 1926 1668 1970; x_wconf 90' lang='lat' dir='ltr'><strong>una</strong></span> <span class='ocrx_word' id='word_1_116' title='bbox 1710 1905 2035 1982; x_wconf 86' lang='lat' dir='ltr'><strong>excelluit,</strong></span> <span class='ocrx_word' id='word_1_117' title='bbox 2081 1922 2285 1986; x_wconf 90' lang='lat' dir='ltr'><strong>quum</strong></span> <span class='ocrx_word' id='word_1_118' title='bbox 2322 1921 2362 1964; x_wconf 88' lang='lat' dir='ltr'><strong>a</strong></span> <span class='ocrx_word' id='word_1_119' title='bbox 2395 1921 2575 1966; x_wconf 90' lang='lat' dir='ltr'><strong>mero</strong></span> 
     </span>
     <span class='ocr_line' id='line_1_18' title="bbox 638 1986 2578 2074; baseline -0.003 -19"><span class='ocrx_word' id='word_1_120' title='bbox 638 1989 767 2055; x_wconf 92' lang='lat' dir='ltr'><strong>Dei</strong></span> <span class='ocrx_word' id='word_1_121' title='bbox 845 1990 1247 2074; x_wconf 89' lang='lat' dir='ltr'><strong>beneplacito</strong></span> <span class='ocrx_word' id='word_1_122' title='bbox 1329 1991 1674 2074; x_wconf 87' lang='lat' dir='ltr'><strong>penderet,</strong></span> <span class='ocrx_word' id='word_1_123' title='bbox 1749 2011 1880 2055; x_wconf 92' lang='lat' dir='ltr'><strong>non</strong></span> <span class='ocrx_word' id='word_1_124' title='bbox 1967 1990 2090 2054; x_wconf 85' lang='lat' dir='ltr'><strong>fuit</strong></span> <span class='ocrx_word' id='word_1_125' title='bbox 2170 1986 2578 2072; x_wconf 85' lang='lat' dir='ltr'><strong>gloriationis</strong></span> 
     </span>
     <span class='ocr_line' id='line_1_19' title="bbox 638 2072 2576 2161; baseline -0.003 -21"><span class='ocrx_word' id='word_1_126' title='bbox 638 2075 932 2141; x_wconf 87' lang='lat' dir='ltr'><strong>materia.</strong></span> <span class='ocrx_word' id='word_1_127' title='bbox 1021 2075 1342 2141; x_wconf 84' lang='lat' dir='ltr'><strong>Patefecit</strong></span> <span class='ocrx_word' id='word_1_128' title='bbox 1403 2096 1556 2161; x_wconf 89' lang='lat' dir='ltr'><strong>ergo</strong></span> <span class='ocrx_word' id='word_1_129' title='bbox 1614 2076 1796 2141; x_wconf 92' lang='lat' dir='ltr'><strong>Deus</strong></span> <span class='ocrx_word' id='word_1_130' title='bbox 1848 2074 2103 2140; x_wconf 88' lang='lat' dir='ltr'><strong>Levitis</strong></span> <span class='ocrx_word' id='word_1_131' title='bbox 2138 2094 2329 2139; x_wconf 88' lang='lat' dir='ltr'><strong>suum</strong></span> <span class='ocrx_word' id='word_1_132' title='bbox 2366 2072 2576 2137; x_wconf 88' lang='lat' dir='ltr'><strong>taber-</strong></span> 
     </span>
     <span class='ocr_line' id='line_1_20' title="bbox 638 2158 2578 2246; baseline -0.002 -22"><span class='ocrx_word' id='word_1_133' title='bbox 638 2161 944 2225; x_wconf 89' lang='lat' dir='ltr'><strong>naculum</strong></span> <span class='ocrx_word' id='word_1_134' title='bbox 967 2212 983 2240; x_wconf 95' lang='lat'>‚</span> <span class='ocrx_word' id='word_1_135' title='bbox 1041 2181 1175 2226; x_wconf 90' lang='lat' dir='ltr'><strong>non</strong></span> <span class='ocrx_word' id='word_1_136' title='bbox 1231 2160 1398 2244; x_wconf 91' lang='lat' dir='ltr'><strong>quod</strong></span> <span class='ocrx_word' id='word_1_137' title='bbox 1452 2162 1717 2246; x_wconf 88' lang='lat' dir='ltr'><strong>propria</strong></span> <span class='ocrx_word' id='word_1_138' title='bbox 1764 2161 2013 2225; x_wconf 81' lang='lat' dir='ltr'><strong>virtute</strong></span> <span class='ocrx_word' id='word_1_139' title='bbox 2056 2159 2122 2224; x_wconf 93' lang='lat' dir='ltr'><strong>id</strong></span> <span class='ocrx_word' id='word_1_140' title='bbox 2167 2158 2432 2224; x_wconf 87' lang='lat' dir='ltr'><strong>honoris</strong></span> <span class='ocrx_word' id='word_1_141' title='bbox 2475 2177 2578 2221; x_wconf 91' lang='lat' dir='ltr'><strong>es-</strong></span> 
     </span>
     <span class='ocr_line' id='line_1_21' title="bbox 638 2241 2578 2331; baseline -0.004 -19"><span class='ocrx_word' id='word_1_142' title='bbox 638 2255 790 2312; x_wconf 84' lang='lat' dir='ltr'><strong>sent</strong></span> <span class='ocrx_word' id='word_1_143' title='bbox 846 2247 1215 2331; x_wconf 83' lang='lat' dir='ltr'><strong>promeriti:</strong></span> <span class='ocrx_word' id='word_1_144' title='bbox 1263 2246 1377 2312; x_wconf 85' lang='lat' dir='ltr'><strong>sed</strong></span> <span class='ocrx_word' id='word_1_145' title='bbox 1418 2256 1496 2313; x_wconf 91' lang='lat' dir='ltr'><strong>ut</strong></span> <span class='ocrx_word' id='word_1_146' title='bbox 1539 2245 1996 2311; x_wconf 87' lang='lat' dir='ltr'><strong>documentum</strong></span> <span class='ocrx_word' id='word_1_147' title='bbox 2041 2244 2263 2310; x_wconf 90' lang='lat' dir='ltr'><strong>ederet</strong></span> <span class='ocrx_word' id='word_1_148' title='bbox 2306 2241 2578 2327; x_wconf 86' lang='lat' dir='ltr'><strong>gratuiti</strong></span> 
     </span>
     <span class='ocr_line' id='line_1_22' title="bbox 636 2328 2580 2415; baseline -0.003 -18"><span class='ocrx_word' id='word_1_149' title='bbox 636 2330 743 2397; x_wconf 89' lang='lat' dir='ltr'><strong>sui</strong></span> <span class='ocrx_word' id='word_1_150' title='bbox 787 2330 1047 2397; x_wconf 83' lang='lat' dir='ltr'><strong>favoris.</strong></span> <span class='ocrx_word' id='word_1_151' title='bbox 1114 2333 1377 2398; x_wconf 90' lang='lat' dir='ltr'><strong>Interea</strong></span> <span class='ocrx_word' id='word_1_152' title='bbox 1418 2332 1539 2398; x_wconf 92' lang='lat' dir='ltr'><strong>sub</strong></span> <span class='ocrx_word' id='word_1_153' title='bbox 1582 2332 1695 2397; x_wconf 90' lang='lat' dir='ltr'><strong>illa</strong></span> <span class='ocrx_word' id='word_1_154' title='bbox 1736 2332 2023 2415; x_wconf 86' lang='lat' dir='ltr'><strong>imagine</strong></span> <span class='ocrx_word' id='word_1_155' title='bbox 2064 2328 2580 2413; x_wconf 77' lang='lat' dir='ltr'><strong>repraesentavit</strong></span> 
     </span>
     <span class='ocr_line' id='line_1_23' title="bbox 637 2413 2578 2496; baseline -0.002 -15"><span class='ocrx_word' id='word_1_156' title='bbox 637 2416 933 2482; x_wconf 84' lang='lat' dir='ltr'><strong>futurum</strong></span> <span class='ocrx_word' id='word_1_157' title='bbox 987 2416 1236 2491; x_wconf 77' lang='lat' dir='ltr'><strong>Christi</strong></span> <span class='ocrx_word' id='word_1_158' title='bbox 1294 2418 1757 2496; x_wconf 90' lang='lat' dir='ltr'><strong>sacerdotium,</strong></span> <span class='ocrx_word' id='word_1_159' title='bbox 1817 2426 1892 2481; x_wconf 90' lang='lat' dir='ltr'><strong>ut</strong></span> <span class='ocrx_word' id='word_1_160' title='bbox 1944 2424 2310 2482; x_wconf 87' lang='lat' dir='ltr'><strong>statuerent</strong></span> <span class='ocrx_word' id='word_1_161' title='bbox 2353 2413 2578 2478; x_wconf 88' lang='lat' dir='ltr'><strong>fideles</strong></span> 
     </span>
     <span class='ocr_line' id='line_1_24' title="bbox 635 2498 2577 2587; baseline -0.002 -22"><span class='ocrx_word' id='word_1_162' title='bbox 635 2500 1064 2568; x_wconf 88' lang='lat' dir='ltr'><strong>mediatorem</strong></span> <span class='ocrx_word' id='word_1_163' title='bbox 1107 2503 1246 2569; x_wconf 88' lang='lat' dir='ltr'><strong>fore</strong></span> <span class='ocrx_word' id='word_1_164' title='bbox 1289 2524 1372 2567; x_wconf 85' lang='lat' dir='ltr'><strong>ex</strong></span> <span class='ocrx_word' id='word_1_165' title='bbox 1414 2524 1650 2587; x_wconf 86' lang='lat' dir='ltr'><strong>genere</strong></span> <span class='ocrx_word' id='word_1_166' title='bbox 1698 2503 2014 2580; x_wconf 90' lang='lat' dir='ltr'><strong>humano,</strong></span> <span class='ocrx_word' id='word_1_167' title='bbox 2069 2522 2187 2584; x_wconf 90' lang='lat' dir='ltr'><strong>per</strong></span> <span class='ocrx_word' id='word_1_168' title='bbox 2228 2521 2419 2584; x_wconf 88' lang='lat' dir='ltr'><strong>quem</strong></span> <span class='ocrx_word' id='word_1_169' title='bbox 2464 2498 2577 2562; x_wconf 89' lang='lat' dir='ltr'><strong>alii</strong></span> 
     </span>
     <span class='ocr_line' id='line_1_25' title="bbox 642 2585 2577 2672; baseline -0.003 -21"><span class='ocrx_word' id='word_1_170' title='bbox 642 2586 726 2651; x_wconf 88' lang='lat' dir='ltr'><strong>ad</strong></span> <span class='ocrx_word' id='word_1_171' title='bbox 747 2585 969 2652; x_wconf 90' lang='lat' dir='ltr'><strong>Deum</strong></span> <span class='ocrx_word' id='word_1_172' title='bbox 1005 2587 1406 2667; x_wconf 88' lang='lat' dir='ltr'><strong>accederent,</strong></span> <span class='ocrx_word' id='word_1_173' title='bbox 1450 2588 1721 2672; x_wconf 89' lang='lat' dir='ltr'><strong>ideoque</strong></span> <span class='ocrx_word' id='word_1_174' title='bbox 1754 2609 1870 2671; x_wconf 89' lang='lat' dir='ltr'><strong>per</strong></span> <span class='ocrx_word' id='word_1_175' title='bbox 1905 2588 2143 2653; x_wconf 85' lang='lat' dir='ltr'><strong>Isaiam</strong></span> <span class='ocrx_word' id='word_1_176' title='bbox 2188 2585 2577 2668; x_wconf 86' lang='lat' dir='ltr'><strong>pronunciat</strong></span> 
     </span>
     <span class='ocr_line' id='line_1_26' title="bbox 639 2670 2576 2758; baseline -0.001 -23"><span class='ocrx_word' id='word_1_177' title='bbox 639 2670 827 2737; x_wconf 90' lang='lat' dir='ltr'><strong>Deus</strong></span> <span class='ocrx_word' id='word_1_178' title='bbox 870 2693 941 2738; x_wconf 91' lang='lat' dir='ltr'><strong>se</strong></span> <span class='ocrx_word' id='word_1_179' title='bbox 995 2695 1079 2739; x_wconf 88' lang='lat' dir='ltr'><strong>ex</strong></span> <span class='ocrx_word' id='word_1_180' title='bbox 1135 2674 1330 2758; x_wconf 89' lang='lat' dir='ltr'><strong>vulgo</strong></span> <span class='ocrx_word' id='word_1_181' title='bbox 1380 2680 1448 2739; x_wconf 91' lang='lat' dir='ltr'><strong>et</strong></span> <span class='ocrx_word' id='word_1_182' title='bbox 1503 2672 1796 2758; x_wconf 75' lang='lat' dir='ltr'><strong>dispersa</strong></span> <span class='ocrx_word' id='word_1_183' title='bbox 1837 2671 2252 2738; x_wconf 89' lang='lat' dir='ltr'><strong>multitudine</strong></span> <span class='ocrx_word' id='word_1_184' title='bbox 2300 2670 2576 2736; x_wconf 82' lang='lat' dir='ltr'><strong>Levitae</strong></span> 
     </span>
     <span class='ocr_line' id='line_1_27' title="bbox 634 2753 2576 2845; baseline -0.003 -23"><span class='ocrx_word' id='word_1_185' title='bbox 634 2764 1055 2840; x_wconf 81' lang='lat' dir='ltr'><strong>sumpturum</strong></span> <span class='ocrx_word' id='word_1_186' title='bbox 1114 2760 1235 2825; x_wconf 92' lang='lat' dir='ltr'><strong>sub</strong></span> <span class='ocrx_word' id='word_1_187' title='bbox 1292 2757 1541 2825; x_wconf 84' lang='lat' dir='ltr'><strong>Christi</strong></span> <span class='ocrx_word' id='word_1_188' title='bbox 1581 2779 1785 2845; x_wconf 91' lang='lat' dir='ltr'><strong>regno</strong></span> <span class='ocrx_word' id='word_1_189' title='bbox 1839 2757 1991 2844; x_wconf 85' lang='lat' dir='ltr'><strong>(Isa.</strong></span> <span class='ocrx_word' id='word_1_190' title='bbox 2038 2758 2154 2835; x_wconf 87' lang='grc'><strong>66,</strong></span> <span class='ocrx_word' id='word_1_191' title='bbox 2206 2755 2336 2843; x_wconf 92' lang='grc'><strong>21).</strong></span> <span class='ocrx_word' id='word_1_192' title='bbox 2423 2753 2576 2820; x_wconf 87' lang='lat' dir='ltr'><strong>Alia</strong></span> 
     </span>
     <span class='ocr_line' id='line_1_28' title="bbox 632 2841 2577 2990; baseline -0.002 -83"><span class='ocrx_word' id='word_1_193' title='bbox 632 2861 840 2990; x_wconf 75' lang='lat' dir='ltr'><strong>quael</strong></span> <span class='ocrx_word' id='word_1_194' title='bbox 861 2841 944 2943; x_wconf 80' lang='lat' dir='ltr'><strong>ad</strong></span> <span class='ocrx_word' id='word_1_195' title='bbox 1004 2845 1295 2927; x_wconf 88' lang='lat' dir='ltr'><strong>ipsorum</strong></span> <span class='ocrx_word' id='word_1_196' title='bbox 1349 2845 1637 2910; x_wconf 88' lang='lat' dir='ltr'><strong>officium</strong></span> <span class='ocrx_word' id='word_1_197' title='bbox 1703 2847 2065 2928; x_wconf 89' lang='lat' dir='ltr'><strong>pertinent,</strong></span> <span class='ocrx_word' id='word_1_198' title='bbox 2131 2850 2438 2926; x_wconf 88' lang='lat' dir='ltr'><strong>petantur</strong></span> <span class='ocrx_word' id='word_1_199' title='bbox 2492 2862 2577 2905; x_wconf 85' lang='lat' dir='ltr'><strong>ex</strong></span> 
     </span>
     <span class='ocr_line' id='line_1_29' title="bbox 630 2947 991 2994; baseline 0 0"><span class='ocrx_word' id='word_1_200' title='bbox 630 2949 773 2994; x_wconf 77' lang='lat' dir='ltr'><strong>suis</strong></span> <span class='ocrx_word' id='word_1_201' title='bbox 840 2947 991 2994; x_wconf 80' lang='lat' dir='ltr'><strong>ocis.</strong></span> 
     </span>
    </p>
   </div>
   <div class='ocr_carea' id='block_1_3' title="bbox 1278 3267 1929 3336">
    <p class='ocr_par' dir='ltr' id='par_1_3' title="bbox 1278 3267 1929 3336">
     <span class='ocr_line' id='line_1_30' title="bbox 1278 3267 1929 3336; baseline 0 -2"><span class='ocrx_word' id='word_1_202' title='bbox 1278 3268 1548 3336; x_wconf 74' lang='lat' dir='ltr'><strong>DEU&#39;I&#39;.</strong></span> <span class='ocrx_word' id='word_1_203' title='bbox 1595 3268 1794 3336; x_wconf 77' lang='lat' dir='ltr'><strong>OAP.</strong></span> <span class='ocrx_word' id='word_1_204' title='bbox 1839 3267 1929 3334; x_wconf 85' lang='lat' dir='ltr'><strong>X.</strong></span> 
     </span>
    </p>
   </div>
   <div class='ocr_carea' id='block_1_4' title="bbox 630 3436 2582 4018">
    <p class='ocr_par' dir='ltr' id='par_1_4' title="bbox 630 3436 2582 4018">
     <span class='ocr_line' id='line_1_31' title="bbox 816 3436 2578 3522; baseline -0.002 -17"><span class='ocrx_word' id='word_1_205' title='bbox 816 3439 876 3505; x_wconf 88' lang='grc'><strong>8.</strong></span> <span class='ocrx_word' id='word_1_206' title='bbox 944 3438 1030 3503; x_wconf 90' lang='lat' dir='ltr'><strong>In</strong></span> <span class='ocrx_word' id='word_1_207' title='bbox 1063 3446 1330 3522; x_wconf 76' lang='lat' dir='ltr'><strong>tempore</strong></span> <span class='ocrx_word' id='word_1_208' title='bbox 1367 3441 1475 3508; x_wconf 84' lang='lat' dir='ltr'><strong>illo</strong></span> <span class='ocrx_word' id='word_1_209' title='bbox 1508 3440 1829 3522; x_wconf 80' lang='lat' dir='ltr'><strong>separavit</strong></span> <span class='ocrx_word' id='word_1_210' title='bbox 1862 3439 2093 3505; x_wconf 72' lang='lat' dir='ltr'><strong>Iehova</strong></span> <span class='ocrx_word' id='word_1_211' title='bbox 2125 3438 2357 3503; x_wconf 83' lang='lat' dir='ltr'><strong>tribum</strong></span> <span class='ocrx_word' id='word_1_212' title='bbox 2390 3436 2578 3502; x_wconf 86' lang='lat' dir='ltr'><strong>Levi:</strong></span> 
     </span>
     <span class='ocr_line' id='line_1_32' title="bbox 634 3525 2581 3607; baseline -0.001 -18"><span class='ocrx_word' id='word_1_213' title='bbox 634 3529 707 3589; x_wconf 86' lang='lat' dir='ltr'><strong>ut</strong></span> <span class='ocrx_word' id='word_1_214' title='bbox 759 3529 1024 3607; x_wconf 86' lang='lat' dir='ltr'><strong>qestaret</strong></span> <span class='ocrx_word' id='word_1_215' title='bbox 1077 3546 1292 3591; x_wconf 78' lang='lat' dir='ltr'><strong>arcam</strong></span> <span class='ocrx_word' id='word_1_216' title='bbox 1340 3526 1609 3606; x_wconf 74' lang='lat' dir='ltr'><strong>foederis</strong></span> <span class='ocrx_word' id='word_1_217' title='bbox 1661 3525 1926 3591; x_wconf 76' lang='lat' dir='ltr'><strong>Iehovae</strong></span> <span class='ocrx_word' id='word_1_218' title='bbox 1940 3576 1956 3605; x_wconf 94' lang='lat'><strong>,</strong></span> <span class='ocrx_word' id='word_1_219' title='bbox 2012 3530 2080 3589; x_wconf 84' lang='lat' dir='ltr'><strong>ut</strong></span> <span class='ocrx_word' id='word_1_220' title='bbox 2142 3528 2336 3589; x_wconf 85' lang='lat' dir='ltr'><strong>staret</strong></span> <span class='ocrx_word' id='word_1_221' title='bbox 2374 3542 2581 3588; x_wconf 84' lang='lat' dir='ltr'><strong>coram</strong></span> 
     </span>
     <span class='ocr_line' id='line_1_33' title="bbox 638 3608 2581 3690; baseline -0.001 -16"><span class='ocrx_word' id='word_1_222' title='bbox 638 3608 872 3675; x_wconf 80' lang='lat' dir='ltr'><strong>Ielzova</strong></span> <span class='ocrx_word' id='word_1_223' title='bbox 915 3611 1003 3676; x_wconf 77' lang='lat' dir='ltr'><strong>ad</strong></span> <span class='ocrx_word' id='word_1_224' title='bbox 1058 3611 1551 3677; x_wconf 79' lang='lat' dir='ltr'><strong>ministrandum</strong></span> <span class='ocrx_word' id='word_1_225' title='bbox 1599 3612 1688 3690; x_wconf 84' lang='lat' dir='ltr'><strong>ei,</strong></span> <span class='ocrx_word' id='word_1_226' title='bbox 1745 3615 1801 3675; x_wconf 84' lang='lat' dir='ltr'><strong>et</strong></span> <span class='ocrx_word' id='word_1_227' title='bbox 1857 3612 1941 3676; x_wconf 83' lang='lat' dir='ltr'><strong>acl</strong></span> <span class='ocrx_word' id='word_1_228' title='bbox 1995 3609 2459 3676; x_wconf 76' lang='lat' dir='ltr'><strong>benedicendum</strong></span> <span class='ocrx_word' id='word_1_229' title='bbox 2508 3610 2581 3673; x_wconf 91' lang='lat' dir='ltr'><strong>in</strong></span> 
     </span>
     <span class='ocr_line' id='line_1_34' title="bbox 634 3692 2582 3777; baseline 0 -18"><span class='ocrx_word' id='word_1_230' title='bbox 634 3697 885 3761; x_wconf 86' lang='lat' dir='ltr'><strong>nomine</strong></span> <span class='ocrx_word' id='word_1_231' title='bbox 941 3697 1152 3776; x_wconf 78' lang='lat' dir='ltr'><strong>ipsius</strong></span> <span class='ocrx_word' id='word_1_232' title='bbox 1207 3716 1401 3777; x_wconf 87' lang='lat' dir='ltr'><strong>usque</strong></span> <span class='ocrx_word' id='word_1_233' title='bbox 1455 3697 1540 3762; x_wconf 80' lang='lat' dir='ltr'><strong>ad</strong></span> <span class='ocrx_word' id='word_1_234' title='bbox 1575 3696 1738 3760; x_wconf 81' lang='lat' dir='ltr'><strong>diem</strong></span> <span class='ocrx_word' id='word_1_235' title='bbox 1779 3695 1953 3762; x_wconf 78' lang='lat' dir='ltr'><strong>hanc.</strong></span> <span class='ocrx_word' id='word_1_236' title='bbox 2042 3696 2102 3762; x_wconf 86' lang='lat'><strong>9.</strong></span> <span class='ocrx_word' id='word_1_237' title='bbox 2169 3692 2415 3760; x_wconf 77' lang='lat' dir='ltr'><strong>Idcirco</strong></span> <span class='ocrx_word' id='word_1_238' title='bbox 2459 3714 2582 3759; x_wconf 87' lang='lat' dir='ltr'><strong>non</strong></span> 
     </span>
     <span class='ocr_line' id='line_1_35' title="bbox 630 3780 2582 3866; baseline 0 -21"><span class='ocrx_word' id='word_1_239' title='bbox 630 3782 765 3866; x_wconf 83' lang='lat' dir='ltr'><strong>fuit</strong></span> <span class='ocrx_word' id='word_1_240' title='bbox 809 3781 937 3863; x_wconf 80' lang='lat' dir='ltr'><strong>ipsi</strong></span> <span class='ocrx_word' id='word_1_241' title='bbox 981 3781 1136 3847; x_wconf 85' lang='lat' dir='ltr'><strong>Levi</strong></span> <span class='ocrx_word' id='word_1_242' title='bbox 1166 3782 1381 3862; x_wconf 77' lang='lat' dir='ltr'><strong>portio</strong></span> <span class='ocrx_word' id='word_1_243' title='bbox 1414 3788 1471 3847; x_wconf 88' lang='lat' dir='ltr'><strong>et</strong></span> <span class='ocrx_word' id='word_1_244' title='bbox 1502 3781 1855 3847; x_wconf 73' lang='lat' dir='ltr'><strong>haereditas</strong></span> <span class='ocrx_word' id='word_1_245' title='bbox 1893 3802 2033 3847; x_wconf 89' lang='lat' dir='ltr'><strong>cum</strong></span> <span class='ocrx_word' id='word_1_246' title='bbox 2068 3780 2379 3864; x_wconf 76' lang='lat' dir='ltr'><strong>fratribus</strong></span> <span class='ocrx_word' id='word_1_247' title='bbox 2409 3780 2582 3845; x_wconf 78' lang='lat' dir='ltr'><strong>suis.-</strong></span> 
     </span>
     <span class='ocr_line' id='line_1_36' title="bbox 641 3866 2582 4018; baseline -0.001 -86"><span class='ocrx_word' id='word_1_248' title='bbox 641 3867 876 4018; x_wconf 40' lang='grc' dir='ltr'><strong>ἐπα</strong></span> <span class='ocrx_word' id='word_1_249' title='bbox 909 3872 1025 4018; x_wconf 54' lang='grc' dir='ltr'><strong>ὕει</strong></span> <span class='ocrx_word' id='word_1_250' title='bbox 1083 3866 1435 3933; x_wconf 77' lang='lat' dir='ltr'><strong>haereditas</strong></span> <span class='ocrx_word' id='word_1_251' title='bbox 1489 3869 1655 3948; x_wconf 86' lang='lat' dir='ltr'><strong>eius,</strong></span> <span class='ocrx_word' id='word_1_252' title='bbox 1720 3867 2236 3951; x_wconf 77' lang='lat' dir='ltr'><strong>quemadmodum</strong></span> <span class='ocrx_word' id='word_1_253' title='bbox 2298 3866 2464 3931; x_wconf 78' lang='lat' dir='ltr'><strong>dixit</strong></span> <span class='ocrx_word' id='word_1_254' title='bbox 2520 3867 2582 3930; x_wconf 86' lang='lat' dir='ltr'><strong>ei</strong></span> 
     </span>
    </p>

    <p class='ocr_par' dir='ltr' id='par_1_5' title="bbox 833 3958 1290 4018">
     <span class='ocr_line' id='line_1_37' title="bbox 833 3958 1290 4018; baseline 0 -1"><span class='ocrx_word' id='word_1_255' title='bbox 833 3974 875 4017; x_wconf 88' lang='lat' dir='ltr'><strong>a</strong></span> <span class='ocrx_word' id='word_1_256' title='bbox 978 3972 1087 4018; x_wconf 85' lang='lat' dir='ltr'><strong>eus</strong></span> <span class='ocrx_word' id='word_1_257' title='bbox 1128 3958 1290 4018; x_wconf 83' lang='lat' dir='ltr'><strong>tuus.</strong></span> 
     </span>
    </p>
   </div>
   <div class='ocr_carea' id='block_1_5' title="bbox 634 4122 2582 5234">
    <p class='ocr_par' dir='ltr' id='par_1_6' title="bbox 634 4122 2582 5234">
     <span class='ocr_line' id='line_1_38' title="bbox 814 4122 2581 4206; baseline -0.001 -18"><span class='ocrx_word' id='word_1_258' title='bbox 814 4123 872 4188; x_wconf 88' lang='lat'><strong>8.</strong></span> <span class='ocrx_word' id='word_1_259' title='bbox 942 4122 1026 4187; x_wconf 92' lang='lat' dir='ltr'><strong>In</strong></span> <span class='ocrx_word' id='word_1_260' title='bbox 1103 4128 1382 4204; x_wconf 78' lang='lat' dir='ltr'><strong>tempore.</strong></span> <span class='ocrx_word' id='word_1_261' title='bbox 1471 4122 1621 4188; x_wconf 92' lang='lat' dir='ltr'><strong>Non</strong></span> <span class='ocrx_word' id='word_1_262' title='bbox 1700 4132 1928 4189; x_wconf 82' lang='lat' dir='ltr'><strong>exacte</strong></span> <span class='ocrx_word' id='word_1_263' title='bbox 1984 4124 2056 4188; x_wconf 91' lang='lat' dir='ltr'><strong>in</strong></span> <span class='ocrx_word' id='word_1_264' title='bbox 2127 4122 2341 4206; x_wconf 90' lang='lat' dir='ltr'><strong>capite</strong></span> <span class='ocrx_word' id='word_1_265' title='bbox 2404 4122 2581 4187; x_wconf 92' lang='lat' dir='ltr'><strong>unde</strong></span> 
     </span>
     <span class='ocr_line' id='line_1_39' title="bbox 640 4209 2580 4291; baseline -0.001 -18"><span class='ocrx_word' id='word_1_266' title='bbox 640 4215 943 4291; x_wconf 90' lang='lat' dir='ltr'><strong>sumptus</strong></span> <span class='ocrx_word' id='word_1_267' title='bbox 1006 4215 1108 4274; x_wconf 88' lang='lat' dir='ltr'><strong>est</strong></span> <span class='ocrx_word' id='word_1_268' title='bbox 1169 4209 1275 4274; x_wconf 92' lang='lat' dir='ltr'><strong>hic</strong></span> <span class='ocrx_word' id='word_1_269' title='bbox 1338 4209 1547 4286; x_wconf 89' lang='lat' dir='ltr'><strong>locus,</strong></span> <span class='ocrx_word' id='word_1_270' title='bbox 1613 4209 1918 4275; x_wconf 88' lang='lat' dir='ltr'><strong>observat</strong></span> <span class='ocrx_word' id='word_1_271' title='bbox 1979 4209 2201 4274; x_wconf 82' lang='lat' dir='ltr'><strong>Moses</strong></span> <span class='ocrx_word' id='word_1_272' title='bbox 2260 4209 2580 4273; x_wconf 90' lang='lat' dir='ltr'><strong>rationem</strong></span> 
     </span>
     <span class='ocr_line' id='line_1_40' title="bbox 638 4293 2582 4378; baseline 0.001 -21"><span class='ocrx_word' id='word_1_273' title='bbox 638 4293 986 4375; x_wconf 88' lang='lat' dir='ltr'><strong>temporis:</strong></span> <span class='ocrx_word' id='word_1_274' title='bbox 1032 4295 1185 4377; x_wconf 89' lang='lat' dir='ltr'><strong>quia</strong></span> <span class='ocrx_word' id='word_1_275' title='bbox 1226 4296 1387 4359; x_wconf 89' lang='lat' dir='ltr'><strong>satis</strong></span> <span class='ocrx_word' id='word_1_276' title='bbox 1430 4293 1658 4359; x_wconf 89' lang='lat' dir='ltr'><strong>habuit</strong></span> <span class='ocrx_word' id='word_1_277' title='bbox 1702 4294 1853 4360; x_wconf 91' lang='lat' dir='ltr'><strong>hinc</strong></span> <span class='ocrx_word' id='word_1_278' title='bbox 1889 4294 2042 4358; x_wconf 90' lang='lat' dir='ltr'><strong>inde</strong></span> <span class='ocrx_word' id='word_1_279' title='bbox 2079 4294 2381 4378; x_wconf 88' lang='lat' dir='ltr'><strong>colligere</strong></span> <span class='ocrx_word' id='word_1_280' title='bbox 2417 4313 2582 4376; x_wconf 90' lang='lat' dir='ltr'><strong>quae</strong></span> 
     </span>
     <span class='ocr_line' id='line_1_41' title="bbox 637 4378 2580 4446; baseline -0.001 -3"><span class='ocrx_word' id='word_1_281' title='bbox 637 4378 722 4443; x_wconf 89' lang='lat' dir='ltr'><strong>ad</strong></span> <span class='ocrx_word' id='word_1_282' title='bbox 803 4379 1128 4444; x_wconf 90' lang='lat' dir='ltr'><strong>eneralem</strong></span> <span class='ocrx_word' id='word_1_283' title='bbox 1168 4379 1638 4446; x_wconf 85' lang='lat' dir='ltr'><strong>exhortationis</strong></span> <span class='ocrx_word' id='word_1_284' title='bbox 1673 4400 1995 4445; x_wconf 88' lang='lat' dir='ltr'><strong>summam</strong></span> <span class='ocrx_word' id='word_1_285' title='bbox 2031 4380 2426 4446; x_wconf 84' lang='lat' dir='ltr'><strong>sufficerent.</strong></span> <span class='ocrx_word' id='word_1_286' title='bbox 2478 4379 2580 4443; x_wconf 87' lang='lat' dir='ltr'><strong>Eo</strong></span> 
     </span>
     <span class='ocr_line' id='line_1_42' title="bbox 636 4464 2581 4548; baseline 0.001 -20"><span class='ocrx_word' id='word_1_287' title='bbox 636 4465 747 4548; x_wconf 89' lang='lat' dir='ltr'><strong>qui</strong></span> <span class='ocrx_word' id='word_1_288' title='bbox 796 4485 899 4528; x_wconf 91' lang='lat' dir='ltr'><strong>em</strong></span> <span class='ocrx_word' id='word_1_289' title='bbox 947 4464 1158 4529; x_wconf 87' lang='lat' dir='ltr'><strong>tendit</strong></span> <span class='ocrx_word' id='word_1_290' title='bbox 1214 4465 1413 4530; x_wconf 89' lang='lat' dir='ltr'><strong>huius</strong></span> <span class='ocrx_word' id='word_1_291' title='bbox 1470 4465 1781 4530; x_wconf 86' lang='lat' dir='ltr'><strong>historiae</strong></span> <span class='ocrx_word' id='word_1_292' title='bbox 1838 4465 2162 4543; x_wconf 90' lang='lat' dir='ltr'><strong>recitatio,</strong></span> <span class='ocrx_word' id='word_1_293' title='bbox 2223 4486 2308 4531; x_wconf 89' lang='lat' dir='ltr'><strong>ne</strong></span> <span class='ocrx_word' id='word_1_294' title='bbox 2369 4465 2581 4530; x_wconf 83' lang='lat' dir='ltr'><strong>invio-</strong></span> 
     </span>
     <span class='ocr_line' id='line_1_43' title="bbox 635 4549 2580 4634; baseline 0.001 -21"><span class='ocrx_word' id='word_1_295' title='bbox 635 4549 831 4615; x_wconf 86' lang='lat' dir='ltr'><strong>labile</strong></span> <span class='ocrx_word' id='word_1_296' title='bbox 863 4550 991 4614; x_wconf 91' lang='lat' dir='ltr'><strong>Dei</strong></span> <span class='ocrx_word' id='word_1_297' title='bbox 1039 4551 1366 4616; x_wconf 87' lang='lat' dir='ltr'><strong>decretum</strong></span> <span class='ocrx_word' id='word_1_298' title='bbox 1403 4552 1741 4634; x_wconf 87' lang='lat' dir='ltr'><strong>quisquam</strong></span> <span class='ocrx_word' id='word_1_299' title='bbox 1781 4550 1982 4634; x_wconf 89' lang='lat' dir='ltr'><strong>impia</strong></span> <span class='ocrx_word' id='word_1_300' title='bbox 2019 4550 2324 4634; x_wconf 89' lang='lat' dir='ltr'><strong>superbia</strong></span> <span class='ocrx_word' id='word_1_301' title='bbox 2365 4558 2432 4615; x_wconf 90' lang='lat' dir='ltr'><strong>et</strong></span> <span class='ocrx_word' id='word_1_302' title='bbox 2465 4572 2580 4615; x_wconf 90' lang='lat' dir='ltr'><strong>au·</strong></span> 
     </span>
     <span class='ocr_line' id='line_1_44' title="bbox 637 4634 2582 4718; baseline 0.001 -18"><span class='ocrx_word' id='word_1_303' title='bbox 637 4634 823 4700; x_wconf 90' lang='lat' dir='ltr'><strong>dacia</strong></span> <span class='ocrx_word' id='word_1_304' title='bbox 866 4634 1256 4702; x_wconf 87' lang='lat' dir='ltr'><strong>labefactare</strong></span> <span class='ocrx_word' id='word_1_305' title='bbox 1295 4647 1519 4703; x_wconf 86' lang='lat' dir='ltr'><strong>tentet.</strong></span> <span class='ocrx_word' id='word_1_306' title='bbox 1590 4636 1875 4718; x_wconf 89' lang='lat' dir='ltr'><strong>Ideoque</strong></span> <span class='ocrx_word' id='word_1_307' title='bbox 1922 4657 2002 4701; x_wconf 91' lang='lat' dir='ltr'><strong>ne</strong></span> <span class='ocrx_word' id='word_1_308' title='bbox 2047 4636 2331 4718; x_wconf 87' lang='lat' dir='ltr'><strong>dignitas</strong></span> <span class='ocrx_word' id='word_1_309' title='bbox 2375 4635 2582 4701; x_wconf 87' lang='lat' dir='ltr'><strong>tribus</strong></span> 
     </span>
     <span class='ocr_line' id='line_1_45' title="bbox 635 4720 2581 4804; baseline 0 -19"><span class='ocrx_word' id='word_1_310' title='bbox 635 4720 934 4787; x_wconf 89' lang='lat' dir='ltr'><strong>leviticae</strong></span> <span class='ocrx_word' id='word_1_311' title='bbox 1011 4721 1330 4786; x_wconf 85' lang='lat' dir='ltr'><strong>invidiam</strong></span> <span class='ocrx_word' id='word_1_312' title='bbox 1411 4724 1644 4804; x_wconf 86' lang='lat' dir='ltr'><strong>pariat,</strong></span> <span class='ocrx_word' id='word_1_313' title='bbox 1741 4723 1955 4786; x_wconf 91' lang='lat' dir='ltr'><strong>Deum</strong></span> <span class='ocrx_word' id='word_1_314' title='bbox 2054 4721 2194 4786; x_wconf 91' lang='lat' dir='ltr'><strong>eius</strong></span> <span class='ocrx_word' id='word_1_315' title='bbox 2289 4730 2581 4785; x_wconf 85' lang='lat' dir='ltr'><strong>autorem</strong></span> 
     </span>
     <span class='ocr_line' id='line_1_46' title="bbox 639 4805 2581 4889; baseline -0.001 -17"><span class='ocrx_word' id='word_1_316' title='bbox 639 4828 782 4872; x_wconf 86' lang='lat' dir='ltr'><strong>esse</strong></span> <span class='ocrx_word' id='word_1_317' title='bbox 862 4814 1163 4872; x_wconf 87' lang='lat' dir='ltr'><strong>testatur.</strong></span> <span class='ocrx_word' id='word_1_318' title='bbox 1254 4807 1588 4873; x_wconf 89' lang='lat' dir='ltr'><strong>Particula</strong></span> <span class='ocrx_word' id='word_1_319' title='bbox 1665 4826 1858 4873; x_wconf 84' lang='lat' dir='ltr'><strong>vero:</strong></span> <span class='ocrx_word' id='word_1_320' title='bbox 1946 4806 2170 4889; x_wconf 87' lang='lat' dir='ltr'><strong>Usque</strong></span> <span class='ocrx_word' id='word_1_321' title='bbox 2256 4806 2338 4871; x_wconf 93' lang='lat' dir='ltr'><strong>ad</strong></span> <span class='ocrx_word' id='word_1_322' title='bbox 2409 4805 2581 4871; x_wconf 89' lang='lat' dir='ltr'><strong>diem</strong></span> 
     </span>
     <span class='ocr_line' id='line_1_47' title="bbox 639 4891 2582 4975; baseline -0.002 -17"><span class='ocrx_word' id='word_1_323' title='bbox 639 4893 843 4974; x_wconf 88' lang='lat' dir='ltr'><strong>hanc,</strong></span> <span class='ocrx_word' id='word_1_324' title='bbox 922 4892 1188 4958; x_wconf 85' lang='lat' dir='ltr'><strong>videtur</strong></span> <span class='ocrx_word' id='word_1_325' title='bbox 1248 4891 1330 4957; x_wconf 85' lang='lat' dir='ltr'><strong>ad</strong></span> <span class='ocrx_word' id='word_1_326' title='bbox 1408 4915 1486 4958; x_wconf 89' lang='lat' dir='ltr'><strong>ea</strong></span> <span class='ocrx_word' id='word_1_327' title='bbox 1543 4894 1934 4958; x_wconf 86' lang='lat' dir='ltr'><strong>documenta</strong></span> <span class='ocrx_word' id='word_1_328' title='bbox 2008 4893 2269 4969; x_wconf 89' lang='lat' dir='ltr'><strong>referri,</strong></span> <span class='ocrx_word' id='word_1_329' title='bbox 2348 4892 2582 4975; x_wconf 88' lang='lat' dir='ltr'><strong>quibus</strong></span> 
     </span>
     <span class='ocr_line' id='line_1_48' title="bbox 641 4979 2580 5062; baseline -0.002 -18"><span class='ocrx_word' id='word_1_330' title='bbox 641 4981 826 5046; x_wconf 91' lang='lat' dir='ltr'><strong>Deus</strong></span> <span class='ocrx_word' id='word_1_331' title='bbox 890 4998 1078 5043; x_wconf 86' lang='lat' dir='ltr'><strong>suam</strong></span> <span class='ocrx_word' id='word_1_332' title='bbox 1142 4999 1301 5062; x_wconf 87' lang='lat' dir='ltr'><strong>erga</strong></span> <span class='ocrx_word' id='word_1_333' title='bbox 1364 4979 1637 5045; x_wconf 79' lang='lat' dir='ltr'><strong>Levitae</strong></span> <span class='ocrx_word' id='word_1_334' title='bbox 1703 4979 1981 5062; x_wconf 84' lang='lat' dir='ltr'><strong>gratiam</strong></span> <span class='ocrx_word' id='word_1_335' title='bbox 2041 4987 2432 5055; x_wconf 86' lang='lat' dir='ltr'><strong>asseruerat,</strong></span> <span class='ocrx_word' id='word_1_336' title='bbox 2496 4998 2580 5042; x_wconf 90' lang='lat' dir='ltr'><strong>ne</strong></span> 
     </span>
     <span class='ocr_line' id='line_1_49' title="bbox 636 5064 2582 5149; baseline 0 -21"><span class='ocrx_word' id='word_1_337' title='bbox 636 5085 769 5146; x_wconf 85' lang='lat' dir='ltr'><strong>qua</strong></span> <span class='ocrx_word' id='word_1_338' title='bbox 803 5064 1036 5130; x_wconf 88' lang='lat' dir='ltr'><strong>similis</strong></span> <span class='ocrx_word' id='word_1_339' title='bbox 1071 5064 1141 5129; x_wconf 90' lang='lat' dir='ltr'><strong>in</strong></span> <span class='ocrx_word' id='word_1_340' title='bbox 1178 5073 1513 5148; x_wconf 89' lang='lat' dir='ltr'><strong>posterum</strong></span> <span class='ocrx_word' id='word_1_341' title='bbox 1551 5065 1895 5130; x_wconf 86' lang='lat' dir='ltr'><strong>aemulatio</strong></span> <span class='ocrx_word' id='word_1_342' title='bbox 1930 5073 2246 5149; x_wconf 89' lang='lat' dir='ltr'><strong>surgeret.</strong></span> <span class='ocrx_word' id='word_1_343' title='bbox 2305 5064 2582 5147; x_wconf 88' lang='lat' dir='ltr'><strong>Reliqua</strong></span> 
     </span>
     <span class='ocr_line' id='line_1_50' title="bbox 634 5150 1457 5234; baseline -0.001 -19"><span class='ocrx_word' id='word_1_344' title='bbox 634 5150 792 5215; x_wconf 91' lang='lat' dir='ltr'><strong>alibi</strong></span> <span class='ocrx_word' id='word_1_345' title='bbox 833 5151 1104 5216; x_wconf 86' lang='lat' dir='ltr'><strong>fuerunt</strong></span> <span class='ocrx_word' id='word_1_346' title='bbox 1143 5153 1457 5234; x_wconf 85' lang='lat' dir='ltr'><strong>exposita.</strong></span> 
     </span>
    </p>
   </div>
   <div class='ocr_carea' id='block_1_6' title="bbox 2045 430 3206 504">
    <p class='ocr_par' dir='ltr' id='par_1_7' title="bbox 2045 430 3206 504">
     <span class='ocr_line' id='line_1_51' title="bbox 2045 430 3206 504; baseline -0.006 -1"><span class='ocrx_word' id='word_1_347' title='bbox 2045 435 2446 504; x_wconf 82' lang='lat' dir='ltr'><strong>REDITUS</strong></span> <span class='ocrx_word' id='word_1_348' title='bbox 2495 435 2620 501; x_wconf 82' lang='lat' dir='ltr'><strong>AD</strong></span> <span class='ocrx_word' id='word_1_349' title='bbox 2664 430 3206 501; x_wconf 77' lang='lat' dir='ltr'><strong>HISTORIAM.</strong></span> 
     </span>
    </p>
   </div>
   <div class='ocr_carea' id='block_1_7' title="bbox 2623 625 2641 5375">
    <p class='ocr_par' dir='ltr' id='par_1_8' title="bbox 2623 625 2641 5375">
     <span class='ocr_line' id='line_1_52' title="bbox 2623 625 2641 5375; baseline 0 0"><span class='ocrx_word' id='word_1_350' title='bbox 2623 625 2641 5375; x_wconf 95' lang='lat' dir='ltr'><strong> </strong></span> 
     </span>
    </p>
   </div>
   <div class='ocr_carea' id='block_1_8' title="bbox 4482 430 4610 495">
    <p class='ocr_par' dir='ltr' id='par_1_9' title="bbox 4482 430 4610 495">
     <span class='ocr_line' id='line_1_53' title="bbox 4482 430 4610 495; baseline 0.008 -1"><span class='ocrx_word' id='word_1_351' title='bbox 4482 430 4610 495; x_wconf 88' lang='lat'><strong>148</strong></span> 
     </span>
    </p>
   </div>
   <div class='ocr_carea' id='block_1_9' title="bbox 3274 615 4004 685">
    <p class='ocr_par' dir='ltr' id='par_1_10' title="bbox 3274 615 4004 685">
     <span class='ocr_line' id='line_1_54' title="bbox 3274 615 4004 685; baseline -0.005 -1"><span class='ocrx_word' id='word_1_352' title='bbox 3274 617 3621 685; x_wconf 79' lang='lat' dir='ltr'><strong>NUMER.</strong></span> <span class='ocrx_word' id='word_1_353' title='bbox 3670 615 3866 685; x_wconf 82' lang='lat' dir='ltr'><strong>OAP.</strong></span> <span class='ocrx_word' id='word_1_354' title='bbox 3913 616 4004 681; x_wconf 94' lang='grc' dir='ltr'><strong>ῙῙ.</strong></span> 
     </span>
    </p>
   </div>
   <div class='ocr_carea' id='block_1_10' title="bbox 2664 785 4621 5403">
    <p class='ocr_par' dir='ltr' id='par_1_11' title="bbox 2664 785 4610 1797">
     <span class='ocr_line' id='line_1_55' title="bbox 2851 785 4607 872; baseline -0.001 -16"><span class='ocrx_word' id='word_1_355' title='bbox 2851 793 2908 858; x_wconf 93' lang='grc'><strong>1.</strong></span> <span class='ocrx_word' id='word_1_356' title='bbox 2972 792 3063 857; x_wconf 69' lang='lat' dir='ltr'><strong>Ec</strong></span> <span class='ocrx_word' id='word_1_357' title='bbox 3117 790 3407 872; x_wconf 78' lang='lat' dir='ltr'><strong>loquutus</strong></span> <span class='ocrx_word' id='word_1_358' title='bbox 3445 794 3535 855; x_wconf 84' lang='lat' dir='ltr'><strong>est</strong></span> <span class='ocrx_word' id='word_1_359' title='bbox 3569 787 3796 853; x_wconf 74' lang='lat' dir='ltr'><strong>Iehova</strong></span> <span class='ocrx_word' id='word_1_360' title='bbox 3844 785 4015 854; x_wconf 83' lang='lat' dir='ltr'><strong>Mosi</strong></span> <span class='ocrx_word' id='word_1_361' title='bbox 4047 792 4105 852; x_wconf 91' lang='lat' dir='ltr'><strong>et</strong></span> <span class='ocrx_word' id='word_1_362' title='bbox 4148 786 4411 853; x_wconf 73' lang='lat' dir='ltr'><strong>Aharon</strong></span> <span class='ocrx_word' id='word_1_363' title='bbox 4427 840 4443 867; x_wconf 92' lang='lat'><strong><em>‚</em></strong></span> <span class='ocrx_word' id='word_1_364' title='bbox 4502 789 4607 854; x_wconf 80' lang='lat' dir='ltr'><strong>di-</strong></span> 
     </span>
     <span class='ocr_line' id='line_1_56' title="bbox 2677 873 4608 960; baseline -0.002 -16"><span class='ocrx_word' id='word_1_365' title='bbox 2677 877 2896 944; x_wconf 78' lang='lat' dir='ltr'><strong>cendo:</strong></span> <span class='ocrx_word' id='word_1_366' title='bbox 2982 879 3043 943; x_wconf 84' lang='lat'><strong>2.</strong></span> <span class='ocrx_word' id='word_1_367' title='bbox 3113 875 3362 960; x_wconf 83' lang='lat' dir='ltr'><strong>Sinquli</strong></span> <span class='ocrx_word' id='word_1_368' title='bbox 3404 875 3584 939; x_wconf 86' lang='lat' dir='ltr'><strong>iuxta</strong></span> <span class='ocrx_word' id='word_1_369' title='bbox 3624 873 3922 939; x_wconf 73' lang='lat' dir='ltr'><strong>vexiaum</strong></span> <span class='ocrx_word' id='word_1_370' title='bbox 3954 893 4155 952; x_wconf 85' lang='lat' dir='ltr'><strong>suum,</strong></span> <span class='ocrx_word' id='word_1_371' title='bbox 4200 874 4382 939; x_wconf 83' lang='lat' dir='ltr'><strong>iuxta</strong></span> <span class='ocrx_word' id='word_1_372' title='bbox 4422 875 4608 958; x_wconf 87' lang='lat' dir='ltr'><strong>siqna</strong></span> 
     </span>
     <span class='ocr_line' id='line_1_57' title="bbox 2678 958 4610 1046; baseline -0.003 -17"><span class='ocrx_word' id='word_1_373' title='bbox 2678 963 2898 1028; x_wconf 82' lang='lat' dir='ltr'><strong>domus</strong></span> <span class='ocrx_word' id='word_1_374' title='bbox 2943 968 3203 1046; x_wconf 65' lang='lat' dir='ltr'><strong>patrum</strong></span> <span class='ocrx_word' id='word_1_375' title='bbox 3257 981 3513 1026; x_wconf 84' lang='lat' dir='ltr'><strong>suorum</strong></span> <span class='ocrx_word' id='word_1_376' title='bbox 3572 959 4164 1024; x_wconf 61' lang='lat' dir='ltr'><strong>castrametabuntur</strong></span> <span class='ocrx_word' id='word_1_377' title='bbox 4203 958 4328 1041; x_wconf 74' lang='lat' dir='ltr'><strong>filii</strong></span> <span class='ocrx_word' id='word_1_378' title='bbox 4371 959 4610 1026; x_wconf 84' lang='lat' dir='ltr'><strong>Israel:</strong></span> 
     </span>
     <span class='ocr_line' id='line_1_58' title="bbox 2667 1045 4607 1131; baseline -0.002 -16"><span class='ocrx_word' id='word_1_379' title='bbox 2667 1049 2922 1131; x_wconf 77' lang='lat' dir='ltr'><strong>procul,</strong></span> <span class='ocrx_word' id='word_1_380' title='bbox 2978 1048 3210 1114; x_wconf 85' lang='lat' dir='ltr'><strong>circum</strong></span> <span class='ocrx_word' id='word_1_381' title='bbox 3251 1046 3707 1112; x_wconf 82' lang='lat' dir='ltr'><strong>tabernaculum</strong></span> <span class='ocrx_word' id='word_1_382' title='bbox 3759 1045 4169 1111; x_wconf 85' lang='lat' dir='ltr'><strong>conventionis</strong></span> <span class='ocrx_word' id='word_1_383' title='bbox 4209 1050 4607 1111; x_wconf 85' lang='lat' dir='ltr'><strong>castrameta-</strong></span> 
     </span>
     <span class='ocr_line' id='line_1_59' title="bbox 2676 1130 4610 1212; baseline -0.003 -11"><span class='ocrx_word' id='word_1_384' title='bbox 2676 1136 2921 1200; x_wconf 82' lang='lat' dir='ltr'><strong>buntur.</strong></span> <span class='ocrx_word' id='word_1_385' title='bbox 3009 1135 3069 1199; x_wconf 86' lang='lat'><strong>3.</strong></span> <span class='ocrx_word' id='word_1_386' title='bbox 3137 1133 3231 1197; x_wconf 87' lang='lat' dir='ltr'><strong>Hi</strong></span> <span class='ocrx_word' id='word_1_387' title='bbox 3271 1137 3478 1196; x_wconf 86' lang='lat' dir='ltr'><strong>autem</strong></span> <span class='ocrx_word' id='word_1_388' title='bbox 3515 1130 4110 1197; x_wconf 57' lang='lat' dir='ltr'><strong>casoeametabwntur</strong></span> <span class='ocrx_word' id='word_1_389' title='bbox 4144 1131 4230 1196; x_wconf 80' lang='lat' dir='ltr'><strong>ad</strong></span> <span class='ocrx_word' id='word_1_390' title='bbox 4282 1131 4610 1212; x_wconf 81' lang='lat' dir='ltr'><strong>Orientem,</strong></span> 
     </span>
     <span class='ocr_line' id='line_1_60' title="bbox 2676 1216 4609 1297; baseline -0.002 -12"><span class='ocrx_word' id='word_1_391' title='bbox 2676 1221 2763 1285; x_wconf 79' lang='lat' dir='ltr'><strong>ad</strong></span> <span class='ocrx_word' id='word_1_392' title='bbox 2796 1225 3079 1286; x_wconf 81' lang='lat' dir='ltr'><strong>exortum</strong></span> <span class='ocrx_word' id='word_1_393' title='bbox 3119 1217 3411 1284; x_wconf 64' lang='lat' dir='ltr'><strong>vacillum</strong></span> <span class='ocrx_word' id='word_1_394' title='bbox 3453 1219 3755 1282; x_wconf 78' lang='lat' dir='ltr'><strong>exercitus</strong></span> <span class='ocrx_word' id='word_1_395' title='bbox 3790 1216 3960 1281; x_wconf 83' lang='lat' dir='ltr'><strong>Iucla</strong></span> <span class='ocrx_word' id='word_1_396' title='bbox 3990 1236 4112 1297; x_wconf 77' lang='lat' dir='ltr'><strong>per</strong></span> <span class='ocrx_word' id='word_1_397' title='bbox 4142 1221 4384 1281; x_wconf 83' lang='lat' dir='ltr'><strong>turmas</strong></span> <span class='ocrx_word' id='word_1_398' title='bbox 4416 1237 4609 1282; x_wconf 82' lang='lat' dir='ltr'><strong>suas:</strong></span> 
     </span>
     <span class='ocr_line' id='line_1_61' title="bbox 2677 1298 4610 1388; baseline -0.003 -17"><span class='ocrx_word' id='word_1_399' title='bbox 2677 1311 2733 1371; x_wconf 88' lang='lat' dir='ltr'><strong>et</strong></span> <span class='ocrx_word' id='word_1_400' title='bbox 2761 1306 3051 1388; x_wconf 66' lang='lat' dir='ltr'><strong>princeps</strong></span> <span class='ocrx_word' id='word_1_401' title='bbox 3086 1304 3362 1387; x_wconf 77' lang='lat' dir='ltr'><strong>filiorum</strong></span> <span class='ocrx_word' id='word_1_402' title='bbox 3405 1303 3578 1368; x_wconf 81' lang='lat' dir='ltr'><strong>Iuda</strong></span> <span class='ocrx_word' id='word_1_403' title='bbox 3618 1303 3737 1367; x_wconf 84' lang='lat' dir='ltr'><strong>erit</strong></span> <span class='ocrx_word' id='word_1_404' title='bbox 3793 1301 4102 1366; x_wconf 76' lang='lat' dir='ltr'><strong>Nahason</strong></span> <span class='ocrx_word' id='word_1_405' title='bbox 4139 1301 4318 1382; x_wconf 77' lang='lat' dir='ltr'><strong>filius</strong></span> <span class='ocrx_word' id='word_1_406' title='bbox 4361 1298 4610 1366; x_wconf 84' lang='lat' dir='ltr'><strong>Ammi-</strong></span> 
     </span>
     <span class='ocr_line' id='line_1_62' title="bbox 2675 1387 4604 1469; baseline -0.002 -13"><span class='ocrx_word' id='word_1_407' title='bbox 2675 1390 2899 1457; x_wconf 80' lang='lat' dir='ltr'><strong>nadab.</strong></span> <span class='ocrx_word' id='word_1_408' title='bbox 2986 1390 3046 1456; x_wconf 90' lang='lat'><strong>4.</strong></span> <span class='ocrx_word' id='word_1_409' title='bbox 3112 1389 3198 1455; x_wconf 82' lang='lat' dir='ltr'><strong>Et</strong></span> <span class='ocrx_word' id='word_1_410' title='bbox 3275 1390 3577 1454; x_wconf 84' lang='lat' dir='ltr'><strong>exercitus</strong></span> <span class='ocrx_word' id='word_1_411' title='bbox 3644 1387 3781 1453; x_wconf 86' lang='lat' dir='ltr'><strong>eius</strong></span> <span class='ocrx_word' id='word_1_412' title='bbox 3798 1438 3812 1464; x_wconf 89' lang='lat'><strong>,</strong></span> <span class='ocrx_word' id='word_1_413' title='bbox 3874 1388 4300 1469; x_wconf 84' lang='lat' dir='ltr'><strong>numeratique</strong></span> <span class='ocrx_word' id='word_1_414' title='bbox 4375 1408 4604 1465; x_wconf 89' lang='lat' dir='ltr'><strong>eorum,</strong></span> 
     </span>
     <span class='ocr_line' id='line_1_63' title="bbox 2676 1471 4610 1558; baseline -0.002 -17"><span class='ocrx_word' id='word_1_415' title='bbox 2676 1481 2943 1558; x_wconf 81' lang='lat' dir='ltr'><strong>quatuor</strong></span> <span class='ocrx_word' id='word_1_416' title='bbox 2974 1482 3030 1542; x_wconf 91' lang='lat' dir='ltr'><strong>et</strong></span> <span class='ocrx_word' id='word_1_417' title='bbox 3071 1475 3462 1558; x_wconf 68' lang='lat' dir='ltr'><strong>septuaginta</strong></span> <span class='ocrx_word' id='word_1_418' title='bbox 3501 1472 3708 1538; x_wconf 88' lang='lat' dir='ltr'><strong>millia</strong></span> <span class='ocrx_word' id='word_1_419' title='bbox 3749 1476 3929 1556; x_wconf 89' lang='lat' dir='ltr'><strong>atque</strong></span> <span class='ocrx_word' id='word_1_420' title='bbox 3970 1474 4254 1537; x_wconf 75' lang='lat' dir='ltr'><strong>sexcenti.</strong></span> <span class='ocrx_word' id='word_1_421' title='bbox 4343 1471 4401 1537; x_wconf 88' lang='lat'><strong>5.</strong></span> <span class='ocrx_word' id='word_1_422' title='bbox 4453 1472 4610 1538; x_wconf 86' lang='lat' dir='ltr'><strong>Cas-</strong></span> 
     </span>
     <span class='ocr_line' id='line_1_64' title="bbox 2673 1556 4610 1628; baseline -0.002 -2"><span class='ocrx_word' id='word_1_423' title='bbox 2673 1560 3164 1628; x_wconf 82' lang='lat' dir='ltr'><strong>trametabuntur</strong></span> <span class='ocrx_word' id='word_1_424' title='bbox 3245 1580 3384 1625; x_wconf 87' lang='lat' dir='ltr'><strong>vero</strong></span> <span class='ocrx_word' id='word_1_425' title='bbox 3443 1560 3626 1623; x_wconf 81' lang='lat' dir='ltr'><strong>iuxta</strong></span> <span class='ocrx_word' id='word_1_426' title='bbox 3684 1578 3826 1623; x_wconf 86' lang='lat' dir='ltr'><strong>eum</strong></span> <span class='ocrx_word' id='word_1_427' title='bbox 3895 1556 4095 1623; x_wconf 80' lang='lat' dir='ltr'><strong>tribus</strong></span> <span class='ocrx_word' id='word_1_428' title='bbox 4159 1558 4487 1623; x_wconf 79' lang='lat' dir='ltr'><strong>Issachar:</strong></span> <span class='ocrx_word' id='word_1_429' title='bbox 4550 1563 4610 1622; x_wconf 88' lang='lat' dir='ltr'><strong>et</strong></span> 
     </span>
     <span class='ocr_line' id='line_1_65' title="bbox 2664 1642 4608 1797; baseline -0.001 -86"><span class='ocrx_word' id='word_1_430' title='bbox 2664 1648 2963 1797; x_wconf 44' lang='lat' dir='ltr'><strong>{rinssteps</strong></span> <span class='ocrx_word' id='word_1_431' title='bbox 3013 1645 3290 1796; x_wconf 52' lang='lat' dir='ltr'><strong>tum</strong></span> <span class='ocrx_word' id='word_1_432' title='bbox 3333 1643 3633 1744; x_wconf 41' lang='lat' dir='ltr'><strong>..Issachar</strong></span> <span class='ocrx_word' id='word_1_433' title='bbox 3685 1644 3816 1794; x_wconf 35' lang='lat' dir='ltr'><strong>czt-</strong></span> <span class='ocrx_word' id='word_1_434' title='bbox 3853 1642 4154 1742; x_wconf 73' lang='lat' dir='ltr'><strong>Nathanel</strong></span> <span class='ocrx_word' id='word_1_435' title='bbox 4190 1643 4378 1794; x_wconf 44' lang='lat' dir='ltr'><strong>filiast</strong></span> <span class='ocrx_word' id='word_1_436' title='bbox 4411 1642 4608 1793; x_wconf 40' lang='lat' dir='ltr'><strong>Sume}</strong></span> 
     </span>
    </p>

    <p class='ocr_par' dir='ltr' id='par_1_12' title="bbox 2723 1749 4159 1808">
     <span class='ocr_line' id='line_1_66' title="bbox 2723 1749 4159 1808; baseline -0.003 -11"><span class='ocrx_word' id='word_1_437' title='bbox 2723 1783 2737 1797; x_wconf 95' lang='lat'><strong>.</strong></span> <span class='ocrx_word' id='word_1_438' title='bbox 3506 1750 3724 1794; x_wconf 86' lang='lat' dir='ltr'><strong>numer</strong></span> <span class='ocrx_word' id='word_1_439' title='bbox 3789 1750 3812 1793; x_wconf 69' lang='grc' dir='ltr'><strong><em>τ</em></strong></span> <span class='ocrx_word' id='word_1_440' title='bbox 3994 1749 4159 1808; x_wconf 75' lang='lat' dir='ltr'><strong>eius,</strong></span> 
     </span>
    </p>

    <p class='ocr_par' dir='ltr' id='par_1_13' title="bbox 2672 1985 4621 5403">
     <span class='ocr_line' id='line_1_67' title="bbox 2679 1985 4605 2067; baseline -0.001 -15"><span class='ocrx_word' id='word_1_441' title='bbox 2679 1988 2898 2053; x_wconf 84' lang='lat' dir='ltr'><strong>Helon.</strong></span> <span class='ocrx_word' id='word_1_442' title='bbox 2987 1987 3044 2053; x_wconf 88' lang='lat'><strong>8.</strong></span> <span class='ocrx_word' id='word_1_443' title='bbox 3102 1987 3191 2052; x_wconf 88' lang='lat' dir='ltr'><strong>Et</strong></span> <span class='ocrx_word' id='word_1_444' title='bbox 3244 1988 3544 2053; x_wconf 79' lang='lat' dir='ltr'><strong>exercitus</strong></span> <span class='ocrx_word' id='word_1_445' title='bbox 3584 1986 3748 2066; x_wconf 87' lang='lat' dir='ltr'><strong>eius,</strong></span> <span class='ocrx_word' id='word_1_446' title='bbox 3789 1985 4214 2067; x_wconf 85' lang='lat' dir='ltr'><strong>numeratique</strong></span> <span class='ocrx_word' id='word_1_447' title='bbox 4260 1985 4425 2064; x_wconf 87' lang='lat' dir='ltr'><strong>eius,</strong></span> <span class='ocrx_word' id='word_1_448' title='bbox 4468 2005 4605 2066; x_wconf 81' lang='lat' dir='ltr'><strong>sep-</strong></span> 
     </span>
     <span class='ocr_line' id='line_1_68' title="bbox 2677 2071 4605 2156; baseline -0.002 -17"><span class='ocrx_word' id='word_1_449' title='bbox 2677 2079 2795 2139; x_wconf 88' lang='lat' dir='ltr'><strong>tem</strong></span> <span class='ocrx_word' id='word_1_450' title='bbox 2880 2079 2936 2139; x_wconf 88' lang='lat' dir='ltr'><strong>et</strong></span> <span class='ocrx_word' id='word_1_451' title='bbox 3012 2074 3467 2156; x_wconf 73' lang='lat' dir='ltr'><strong>quinquaqinta</strong></span> <span class='ocrx_word' id='word_1_452' title='bbox 3567 2071 3775 2137; x_wconf 86' lang='lat' dir='ltr'><strong>millia</strong></span> <span class='ocrx_word' id='word_1_453' title='bbox 3871 2076 4054 2152; x_wconf 87' lang='lat' dir='ltr'><strong>atque</strong></span> <span class='ocrx_word' id='word_1_454' title='bbox 4149 2071 4605 2155; x_wconf 71' lang='lat' dir='ltr'><strong>quadi-inqenti.</strong></span> 
     </span>
     <span class='ocr_line' id='line_1_69' title="bbox 2677 2156 4607 2235; baseline -0.001 -13"><span class='ocrx_word' id='word_1_455' title='bbox 2677 2158 2737 2223; x_wconf 87' lang='lat'><strong>9.</strong></span> <span class='ocrx_word' id='word_1_456' title='bbox 2812 2157 3036 2224; x_wconf 86' lang='lat' dir='ltr'><strong>Omnes</strong></span> <span class='ocrx_word' id='word_1_457' title='bbox 3089 2158 3401 2223; x_wconf 82' lang='lat' dir='ltr'><strong>numerati</strong></span> <span class='ocrx_word' id='word_1_458' title='bbox 3457 2157 3528 2222; x_wconf 88' lang='lat' dir='ltr'><strong>in</strong></span> <span class='ocrx_word' id='word_1_459' title='bbox 3577 2158 3847 2223; x_wconf 82' lang='lat' dir='ltr'><strong>exercitu</strong></span> <span class='ocrx_word' id='word_1_460' title='bbox 3900 2156 4101 2235; x_wconf 74' lang='lat' dir='ltr'><strong>Iuda,</strong></span> <span class='ocrx_word' id='word_1_461' title='bbox 4161 2161 4399 2222; x_wconf 85' lang='lat' dir='ltr'><strong>centum</strong></span> <span class='ocrx_word' id='word_1_462' title='bbox 4456 2160 4607 2221; x_wconf 82' lang='lat' dir='ltr'><strong>octo-</strong></span> 
     </span>
     <span class='ocr_line' id='line_1_70' title="bbox 2672 2242 4608 2328; baseline -0.002 -19"><span class='ocrx_word' id='word_1_463' title='bbox 2672 2244 2856 2328; x_wconf 83' lang='lat' dir='ltr'><strong>qinta</strong></span> <span class='ocrx_word' id='word_1_464' title='bbox 2912 2264 3025 2309; x_wconf 85' lang='lat' dir='ltr'><strong>sex</strong></span> <span class='ocrx_word' id='word_1_465' title='bbox 3085 2243 3289 2308; x_wconf 86' lang='lat' dir='ltr'><strong>millia</strong></span> <span class='ocrx_word' id='word_1_466' title='bbox 3342 2247 3522 2324; x_wconf 85' lang='lat' dir='ltr'><strong>atque</strong></span> <span class='ocrx_word' id='word_1_467' title='bbox 3594 2242 4057 2325; x_wconf 79' lang='lat' dir='ltr'><strong>quadrimqenti,</strong></span> <span class='ocrx_word' id='word_1_468' title='bbox 4121 2261 4243 2322; x_wconf 77' lang='lat' dir='ltr'><strong>per</strong></span> <span class='ocrx_word' id='word_1_469' title='bbox 4299 2243 4608 2306; x_wconf 82' lang='lat' dir='ltr'><strong>exercitus</strong></span> 
     </span>
     <span class='ocr_line' id='line_1_71' title="bbox 2676 2327 4609 2496; baseline -0.002 -17"><span class='ocrx_word' id='word_1_470' title='bbox 2676 2327 4281 2496; x_wconf 50' lang='lat' dir='ltr'><strong>ffltfflssffiffiffiwssestsstmssoeffl-</strong></span> <span class='ocrx_word' id='word_1_471' title='bbox 4304 2328 4609 2494; x_wconf 54' lang='lat' dir='ltr'><strong>‘tw</strong></span> 
     </span>
     <span class='ocr_line' id='line_1_72' title="bbox 2679 2497 4607 2683; baseline 0 -33"><span class='ocrx_word' id='word_1_472' title='bbox 2679 2520 2818 2650; x_wconf 60' lang='lat'><strong>3...</strong></span> <span class='ocrx_word' id='word_1_473' title='bbox 2853 2499 3187 2651; x_wconf 55' lang='lat' dir='ltr'><strong>aas..</strong></span> <span class='ocrx_word' id='word_1_474' title='bbox 3228 2498 3490 2665; x_wconf 57' lang='lat' dir='ltr'><em>W</em></span> <span class='ocrx_word' id='word_1_475' title='bbox 3421 2498 4045 2683; x_wconf 48' lang='lat' dir='ltr'><strong>...zum</strong></span> <span class='ocrx_word' id='word_1_476' title='bbox 4078 2498 4292 2648; x_wconf 50' lang='grc' dir='ltr'><strong>’ἔζη</strong></span> <span class='ocrx_word' id='word_1_477' title='bbox 4332 2497 4607 2665; x_wconf 59' lang='lat'><strong>{5352</strong></span> 
     </span>
     <span class='ocr_line' id='line_1_73' title="bbox 2675 2666 4611 2755; baseline -0.002 -20"><span class='ocrx_word' id='word_1_478' title='bbox 2675 2675 2852 2755; x_wconf 78' lang='lat' dir='ltr'><strong>qinta</strong></span> <span class='ocrx_word' id='word_1_479' title='bbox 2907 2669 3117 2736; x_wconf 85' lang='lat' dir='ltr'><strong>millia</strong></span> <span class='ocrx_word' id='word_1_480' title='bbox 3169 2675 3348 2751; x_wconf 83' lang='lat' dir='ltr'><strong>atque</strong></span> <span class='ocrx_word' id='word_1_481' title='bbox 3401 2675 3737 2754; x_wconf 74' lang='lat' dir='ltr'><strong>quinqenti.</strong></span> <span class='ocrx_word' id='word_1_482' title='bbox 3826 2670 3926 2734; x_wconf 92' lang='grc'><strong>12.</strong></span> <span class='ocrx_word' id='word_1_483' title='bbox 3999 2666 4611 2749; x_wconf 66' lang='lat' dir='ltr'><strong>castrametabuntur</strong></span> 
     </span>
     <span class='ocr_line' id='line_1_74' title="bbox 2678 2754 4611 2836; baseline -0.001 -14"><span class='ocrx_word' id='word_1_484' title='bbox 2678 2760 2882 2823; x_wconf 84' lang='lat' dir='ltr'><strong>autem</strong></span> <span class='ocrx_word' id='word_1_485' title='bbox 2930 2757 3111 2820; x_wconf 82' lang='lat' dir='ltr'><strong>iuxta</strong></span> <span class='ocrx_word' id='word_1_486' title='bbox 3165 2775 3308 2821; x_wconf 90' lang='lat' dir='ltr'><strong>eum</strong></span> <span class='ocrx_word' id='word_1_487' title='bbox 3347 2756 3543 2821; x_wconf 81' lang='lat' dir='ltr'><strong>tribus</strong></span> <span class='ocrx_word' id='word_1_488' title='bbox 3580 2754 3861 2821; x_wconf 81' lang='lat' dir='ltr'><strong>Simeon.-</strong></span> <span class='ocrx_word' id='word_1_489' title='bbox 3912 2759 3970 2819; x_wconf 88' lang='lat' dir='ltr'><strong>et</strong></span> <span class='ocrx_word' id='word_1_490' title='bbox 4000 2755 4296 2836; x_wconf 78' lang='lat' dir='ltr'><strong>princeps</strong></span> <span class='ocrx_word' id='word_1_491' title='bbox 4330 2755 4611 2836; x_wconf 72' lang='lat' dir='ltr'><strong>filiorum</strong></span> 
     </span>
     <span class='ocr_line' id='line_1_75' title="bbox 2685 2839 4611 2922; baseline -0.002 -14"><span class='ocrx_word' id='word_1_492' title='bbox 2685 2842 2965 2919; x_wconf 79' lang='lat' dir='ltr'><strong>Simeon,</strong></span> <span class='ocrx_word' id='word_1_493' title='bbox 3035 2840 3331 2906; x_wconf 82' lang='lat' dir='ltr'><strong>Selumiel</strong></span> <span class='ocrx_word' id='word_1_494' title='bbox 3392 2841 3571 2922; x_wconf 74' lang='lat' dir='ltr'><strong>filius</strong></span> <span class='ocrx_word' id='word_1_495' title='bbox 3638 2839 4036 2906; x_wconf 81' lang='lat' dir='ltr'><strong>Surisadclai.</strong></span> <span class='ocrx_word' id='word_1_496' title='bbox 4140 2840 4238 2904; x_wconf 88' lang='lat'><strong>13.</strong></span> <span class='ocrx_word' id='word_1_497' title='bbox 4303 2839 4391 2904; x_wconf 85' lang='lat' dir='ltr'><strong>Et</strong></span> <span class='ocrx_word' id='word_1_498' title='bbox 4441 2861 4611 2905; x_wconf 83' lang='lat' dir='ltr'><strong>exer-</strong></span> 
     </span>
     <span class='ocr_line' id='line_1_76' title="bbox 2680 2926 4613 3010; baseline -0.001 -17"><span class='ocrx_word' id='word_1_499' title='bbox 2680 2929 2838 2993; x_wconf 86' lang='lat' dir='ltr'><strong>citus</strong></span> <span class='ocrx_word' id='word_1_500' title='bbox 2872 2927 3028 3005; x_wconf 85' lang='lat' dir='ltr'><strong>eius,</strong></span> <span class='ocrx_word' id='word_1_501' title='bbox 3070 2927 3498 3008; x_wconf 87' lang='lat' dir='ltr'><strong>numeratique</strong></span> <span class='ocrx_word' id='word_1_502' title='bbox 3539 2945 3764 3006; x_wconf 87' lang='lat' dir='ltr'><strong>eorum,</strong></span> <span class='ocrx_word' id='word_1_503' title='bbox 3807 2945 4017 2990; x_wconf 86' lang='lat' dir='ltr'><strong>novem</strong></span> <span class='ocrx_word' id='word_1_504' title='bbox 4059 2930 4115 2989; x_wconf 89' lang='lat' dir='ltr'><strong>et</strong></span> <span class='ocrx_word' id='word_1_505' title='bbox 4158 2926 4613 3010; x_wconf 73' lang='lat' dir='ltr'><strong>quinquaqinta</strong></span> 
     </span>
     <span class='ocr_line' id='line_1_77' title="bbox 2679 3011 4610 3094; baseline -0.001 -16"><span class='ocrx_word' id='word_1_506' title='bbox 2679 3013 2886 3078; x_wconf 83' lang='lat' dir='ltr'><strong>millia</strong></span> <span class='ocrx_word' id='word_1_507' title='bbox 2921 3017 3103 3093; x_wconf 87' lang='lat' dir='ltr'><strong>atque</strong></span> <span class='ocrx_word' id='word_1_508' title='bbox 3141 3013 3399 3077; x_wconf 79' lang='lat' dir='ltr'><strong>trecenti.</strong></span> <span class='ocrx_word' id='word_1_509' title='bbox 3492 3011 3591 3076; x_wconf 89' lang='lat'><strong>14.</strong></span> <span class='ocrx_word' id='word_1_510' title='bbox 3655 3011 3885 3076; x_wconf 81' lang='lat' dir='ltr'><strong>Tribus</strong></span> <span class='ocrx_word' id='word_1_511' title='bbox 3928 3012 4072 3075; x_wconf 84' lang='lat' dir='ltr'><strong>item</strong></span> <span class='ocrx_word' id='word_1_512' title='bbox 4121 3011 4297 3076; x_wconf 83' lang='lat' dir='ltr'><strong>Gad:</strong></span> <span class='ocrx_word' id='word_1_513' title='bbox 4335 3016 4391 3076; x_wconf 88' lang='lat' dir='ltr'><strong>et</strong></span> <span class='ocrx_word' id='word_1_514' title='bbox 4422 3013 4610 3094; x_wconf 79' lang='lat' dir='ltr'><strong>prin-</strong></span> 
     </span>
     <span class='ocr_line' id='line_1_78' title="bbox 2681 3091 4610 3180; baseline -0.001 -16"><span class='ocrx_word' id='word_1_515' title='bbox 2681 3118 2821 3180; x_wconf 76' lang='lat' dir='ltr'><strong>ceps</strong></span> <span class='ocrx_word' id='word_1_516' title='bbox 2878 3097 3157 3178; x_wconf 77' lang='lat' dir='ltr'><strong>filiorum</strong></span> <span class='ocrx_word' id='word_1_517' title='bbox 3222 3097 3401 3162; x_wconf 76' lang='lat' dir='ltr'><strong>Gad:</strong></span> <span class='ocrx_word' id='word_1_518' title='bbox 3465 3096 3781 3179; x_wconf 75' lang='lat' dir='ltr'><strong>Elia-saph</strong></span> <span class='ocrx_word' id='word_1_519' title='bbox 3838 3096 4017 3178; x_wconf 80' lang='lat' dir='ltr'><strong>filius</strong></span> <span class='ocrx_word' id='word_1_520' title='bbox 4063 3094 4290 3160; x_wconf 83' lang='lat' dir='ltr'><strong>Reuel:</strong></span> <span class='ocrx_word' id='word_1_521' title='bbox 4356 3096 4455 3161; x_wconf 87' lang='lat'><strong>15.</strong></span> <span class='ocrx_word' id='word_1_522' title='bbox 4519 3091 4610 3162; x_wconf 76' lang='lat' dir='ltr'><strong>Et</strong></span> 
     </span>
     <span class='ocr_line' id='line_1_79' title="bbox 2683 3182 4608 3265; baseline -0.001 -15"><span class='ocrx_word' id='word_1_523' title='bbox 2683 3184 2985 3250; x_wconf 81' lang='lat' dir='ltr'><strong>exercitus</strong></span> <span class='ocrx_word' id='word_1_524' title='bbox 3039 3184 3174 3248; x_wconf 86' lang='lat' dir='ltr'><strong>eius</strong></span> <span class='ocrx_word' id='word_1_525' title='bbox 3189 3234 3203 3258; x_wconf 88' lang='lat'><strong>,</strong></span> <span class='ocrx_word' id='word_1_526' title='bbox 3255 3182 3677 3264; x_wconf 84' lang='lat' dir='ltr'><strong>numeratique</strong></span> <span class='ocrx_word' id='word_1_527' title='bbox 3737 3202 3971 3262; x_wconf 84' lang='lat' dir='ltr'><strong>eorum,</strong></span> <span class='ocrx_word' id='word_1_528' title='bbox 4026 3182 4294 3263; x_wconf 85' lang='lat' dir='ltr'><strong>quinque</strong></span> <span class='ocrx_word' id='word_1_529' title='bbox 4339 3188 4397 3247; x_wconf 89' lang='lat' dir='ltr'><strong>et</strong></span> <span class='ocrx_word' id='word_1_530' title='bbox 4452 3203 4608 3265; x_wconf 88' lang='lat' dir='ltr'><strong>qua-</strong></span> 
     </span>
     <span class='ocr_line' id='line_1_80' title="bbox 2678 3267 4604 3353; baseline -0.002 -17"><span class='ocrx_word' id='word_1_531' title='bbox 2678 3269 2977 3353; x_wconf 81' lang='lat' dir='ltr'><strong>draqinta</strong></span> <span class='ocrx_word' id='word_1_532' title='bbox 3069 3268 3278 3335; x_wconf 83' lang='lat' dir='ltr'><strong>millia</strong></span> <span class='ocrx_word' id='word_1_533' title='bbox 3376 3271 3556 3349; x_wconf 87' lang='lat' dir='ltr'><strong>atque</strong></span> <span class='ocrx_word' id='word_1_534' title='bbox 3648 3268 3914 3334; x_wconf 75' lang='lat' dir='ltr'><strong>sexcenti</strong></span> <span class='ocrx_word' id='word_1_535' title='bbox 3996 3272 4050 3332; x_wconf 90' lang='lat' dir='ltr'><strong>et</strong></span> <span class='ocrx_word' id='word_1_536' title='bbox 4139 3267 4604 3351; x_wconf 72' lang='lat' dir='ltr'><strong>quinquaqinta.</strong></span> 
     </span>
     <span class='ocr_line' id='line_1_81' title="bbox 2684 3352 4610 3432; baseline -0.002 -12"><span class='ocrx_word' id='word_1_537' title='bbox 2684 3355 2783 3420; x_wconf 89' lang='grc'><strong>16.</strong></span> <span class='ocrx_word' id='word_1_538' title='bbox 2849 3354 3073 3419; x_wconf 84' lang='lat' dir='ltr'><strong>Omnes</strong></span> <span class='ocrx_word' id='word_1_539' title='bbox 3167 3354 3482 3419; x_wconf 86' lang='lat' dir='ltr'><strong>numerati</strong></span> <span class='ocrx_word' id='word_1_540' title='bbox 3555 3353 3626 3417; x_wconf 85' lang='lat' dir='ltr'><strong>in</strong></span> <span class='ocrx_word' id='word_1_541' title='bbox 3685 3355 3951 3418; x_wconf 86' lang='lat' dir='ltr'><strong>exercitu</strong></span> <span class='ocrx_word' id='word_1_542' title='bbox 4030 3352 4307 3432; x_wconf 85' lang='lat' dir='ltr'><strong>Reuben,</strong></span> <span class='ocrx_word' id='word_1_543' title='bbox 4372 3358 4610 3419; x_wconf 81' lang='lat' dir='ltr'><strong>centum</strong></span> 
     </span>
     <span class='ocr_line' id='line_1_82' title="bbox 2680 3438 4610 3524; baseline -0.002 -18"><span class='ocrx_word' id='word_1_544' title='bbox 2680 3440 3133 3524; x_wconf 71' lang='lat' dir='ltr'><strong>quinquaqinta</strong></span> <span class='ocrx_word' id='word_1_545' title='bbox 3207 3438 3415 3505; x_wconf 86' lang='lat' dir='ltr'><strong>millia</strong></span> <span class='ocrx_word' id='word_1_546' title='bbox 3428 3489 3445 3517; x_wconf 93' lang='lat'><strong>,</strong></span> <span class='ocrx_word' id='word_1_547' title='bbox 3546 3438 3717 3505; x_wconf 83' lang='lat' dir='ltr'><strong>mille</strong></span> <span class='ocrx_word' id='word_1_548' title='bbox 3790 3443 3846 3502; x_wconf 90' lang='lat' dir='ltr'><strong>et</strong></span> <span class='ocrx_word' id='word_1_549' title='bbox 3920 3438 4359 3521; x_wconf 82' lang='lat' dir='ltr'><strong>quadrinqenti</strong></span> <span class='ocrx_word' id='word_1_550' title='bbox 4430 3439 4610 3520; x_wconf 84' lang='lat' dir='ltr'><strong>quin-</strong></span> 
     </span>
     <span class='ocr_line' id='line_1_83' title="bbox 2680 3524 4610 3610; baseline -0.001 -19"><span class='ocrx_word' id='word_1_551' title='bbox 2680 3526 2980 3610; x_wconf 82' lang='lat' dir='ltr'><strong>quaqinta</strong></span> <span class='ocrx_word' id='word_1_552' title='bbox 2994 3576 3011 3605; x_wconf 95' lang='lat'><strong>,</strong></span> <span class='ocrx_word' id='word_1_553' title='bbox 3075 3545 3198 3605; x_wconf 77' lang='lat' dir='ltr'><strong>per</strong></span> <span class='ocrx_word' id='word_1_554' title='bbox 3268 3524 3573 3590; x_wconf 83' lang='lat' dir='ltr'><strong>exercitus</strong></span> <span class='ocrx_word' id='word_1_555' title='bbox 3639 3543 3818 3589; x_wconf 85' lang='lat' dir='ltr'><strong>suos.-</strong></span> <span class='ocrx_word' id='word_1_556' title='bbox 3892 3528 3948 3588; x_wconf 89' lang='lat' dir='ltr'><strong>et</strong></span> <span class='ocrx_word' id='word_1_557' title='bbox 4021 3525 4274 3589; x_wconf 78' lang='lat' dir='ltr'><strong>secundi</strong></span> <span class='ocrx_word' id='word_1_558' title='bbox 4320 3524 4610 3606; x_wconf 71' lang='lat' dir='ltr'><strong>proticis-</strong></span> 
     </span>
     <span class='ocr_line' id='line_1_84' title="bbox 2679 3608 4609 3691; baseline -0.002 -13"><span class='ocrx_word' id='word_1_559' title='bbox 2679 3617 2909 3678; x_wconf 81' lang='lat' dir='ltr'><strong>centur.</strong></span> <span class='ocrx_word' id='word_1_560' title='bbox 3016 3611 3114 3676; x_wconf 82' lang='lat'><strong>17.</strong></span> <span class='ocrx_word' id='word_1_561' title='bbox 3188 3610 3350 3676; x_wconf 84' lang='lat' dir='ltr'><strong>Tum</strong></span> <span class='ocrx_word' id='word_1_562' title='bbox 3425 3609 3849 3691; x_wconf 76' lang='lat' dir='ltr'><strong>proficiscetur</strong></span> <span class='ocrx_word' id='word_1_563' title='bbox 3924 3608 4382 3674; x_wconf 83' lang='lat' dir='ltr'><strong>tabernaculum</strong></span> <span class='ocrx_word' id='word_1_564' title='bbox 4468 3628 4609 3675; x_wconf 86' lang='lat' dir='ltr'><strong>con-</strong></span> 
     </span>
     <span class='ocr_line' id='line_1_85' title="bbox 2679 3694 4611 3773; baseline 0 -13"><span class='ocrx_word' id='word_1_565' title='bbox 2679 3696 2982 3762; x_wconf 83' lang='lat' dir='ltr'><strong>ventionis</strong></span> <span class='ocrx_word' id='word_1_566' title='bbox 3026 3698 3098 3761; x_wconf 89' lang='lat' dir='ltr'><strong>in</strong></span> <span class='ocrx_word' id='word_1_567' title='bbox 3140 3697 3370 3762; x_wconf 84' lang='lat' dir='ltr'><strong>eastris</strong></span> <span class='ocrx_word' id='word_1_568' title='bbox 3413 3696 3805 3773; x_wconf 55' lang='lat' dir='ltr'><strong>Lautam,</strong></span> <span class='ocrx_word' id='word_1_569' title='bbox 3860 3695 3931 3759; x_wconf 89' lang='lat' dir='ltr'><strong>in</strong></span> <span class='ocrx_word' id='word_1_570' title='bbox 3986 3694 4184 3759; x_wconf 82' lang='lat' dir='ltr'><strong>medio</strong></span> <span class='ocrx_word' id='word_1_571' title='bbox 4239 3699 4611 3760; x_wconf 81' lang='lat' dir='ltr'><strong>castrorum.-</strong></span> 
     </span>
     <span class='ocr_line' id='line_1_86' title="bbox 2681 3779 4613 3865; baseline -0.002 -17"><span class='ocrx_word' id='word_1_572' title='bbox 2681 3782 3187 3865; x_wconf 79' lang='lat' dir='ltr'><strong>quemadmodum</strong></span> <span class='ocrx_word' id='word_1_573' title='bbox 3282 3781 3904 3860; x_wconf 82' lang='lat' dir='ltr'><strong>castrametabuntur,</strong></span> <span class='ocrx_word' id='word_1_574' title='bbox 4004 3780 4098 3845; x_wconf 86' lang='lat' dir='ltr'><strong>sic</strong></span> <span class='ocrx_word' id='word_1_575' title='bbox 4176 3779 4613 3860; x_wconf 77' lang='lat' dir='ltr'><strong>proficiscetur</strong></span> 
     </span>
     <span class='ocr_line' id='line_1_87' title="bbox 2680 3864 4613 3952; baseline -0.002 -19"><span class='ocrx_word' id='word_1_576' title='bbox 2680 3869 2938 3952; x_wconf 84' lang='lat' dir='ltr'><strong>quisque</strong></span> <span class='ocrx_word' id='word_1_577' title='bbox 2978 3868 3050 3932; x_wconf 84' lang='lat' dir='ltr'><strong>in</strong></span> <span class='ocrx_word' id='word_1_578' title='bbox 3091 3867 3216 3932; x_wconf 87' lang='lat' dir='ltr'><strong>loco</strong></span> <span class='ocrx_word' id='word_1_579' title='bbox 3253 3886 3384 3946; x_wconf 88' lang='lat' dir='ltr'><strong>suo,</strong></span> <span class='ocrx_word' id='word_1_580' title='bbox 3418 3866 3601 3930; x_wconf 87' lang='lat' dir='ltr'><strong>iuxta</strong></span> <span class='ocrx_word' id='word_1_581' title='bbox 3640 3865 3871 3931; x_wconf 82' lang='lat' dir='ltr'><strong>vexilla</strong></span> <span class='ocrx_word' id='word_1_582' title='bbox 3910 3884 4048 3929; x_wconf 84' lang='lat' dir='ltr'><strong>sua.</strong></span> <span class='ocrx_word' id='word_1_583' title='bbox 4137 3864 4236 3929; x_wconf 88' lang='lat'><strong>18.</strong></span> <span class='ocrx_word' id='word_1_584' title='bbox 4297 3865 4613 3930; x_wconf 76' lang='lat' dir='ltr'><strong>Vexillum</strong></span> 
     </span>
     <span class='ocr_line' id='line_1_88' title="bbox 2682 3949 4613 4034; baseline -0.002 -16"><span class='ocrx_word' id='word_1_585' title='bbox 2682 3953 2989 4018; x_wconf 81' lang='lat' dir='ltr'><strong>exercitus</strong></span> <span class='ocrx_word' id='word_1_586' title='bbox 3034 3951 3345 4034; x_wconf 76' lang='lat' dir='ltr'><strong>Ephraim</strong></span> <span class='ocrx_word' id='word_1_587' title='bbox 3380 3971 3503 4033; x_wconf 76' lang='lat' dir='ltr'><strong>per</strong></span> <span class='ocrx_word' id='word_1_588' title='bbox 3541 3955 3787 4016; x_wconf 85' lang='lat' dir='ltr'><strong>turmas</strong></span> <span class='ocrx_word' id='word_1_589' title='bbox 3830 3970 3986 4015; x_wconf 89' lang='lat' dir='ltr'><strong>suas</strong></span> <span class='ocrx_word' id='word_1_590' title='bbox 4032 3950 4152 4015; x_wconf 84' lang='lat' dir='ltr'><strong>erit</strong></span> <span class='ocrx_word' id='word_1_591' title='bbox 4191 3951 4278 4015; x_wconf 81' lang='lat' dir='ltr'><strong>ad</strong></span> <span class='ocrx_word' id='word_1_592' title='bbox 4328 3949 4613 4015; x_wconf 83' lang='lat' dir='ltr'><strong>Occiden-</strong></span> 
     </span>
     <span class='ocr_line' id='line_1_89' title="bbox 2682 4034 4614 4120; baseline -0.002 -16"><span class='ocrx_word' id='word_1_593' title='bbox 2682 4044 2830 4104; x_wconf 88' lang='lat' dir='ltr'><strong>tem:</strong></span> <span class='ocrx_word' id='word_1_594' title='bbox 2906 4043 2961 4102; x_wconf 86' lang='lat' dir='ltr'><strong>et</strong></span> <span class='ocrx_word' id='word_1_595' title='bbox 3017 4039 3315 4120; x_wconf 74' lang='lat' dir='ltr'><strong>princeps</strong></span> <span class='ocrx_word' id='word_1_596' title='bbox 3385 4035 3665 4117; x_wconf 76' lang='lat' dir='ltr'><strong>filiorum</strong></span> <span class='ocrx_word' id='word_1_597' title='bbox 3742 4035 4056 4118; x_wconf 74' lang='lat' dir='ltr'><strong>Ephraim</strong></span> <span class='ocrx_word' id='word_1_598' title='bbox 4131 4037 4248 4101; x_wconf 81' lang='lat' dir='ltr'><strong>erit</strong></span> <span class='ocrx_word' id='word_1_599' title='bbox 4314 4034 4614 4101; x_wconf 80' lang='lat' dir='ltr'><strong>Elisama</strong></span> 
     </span>
     <span class='ocr_line' id='line_1_90' title="bbox 2680 4121 4621 4206; baseline -0.001 -17"><span class='ocrx_word' id='word_1_600' title='bbox 2680 4124 2858 4206; x_wconf 74' lang='lat' dir='ltr'><strong>filius</strong></span> <span class='ocrx_word' id='word_1_601' title='bbox 2901 4123 3265 4189; x_wconf 77' lang='lat' dir='ltr'><strong>Ammihud.</strong></span> <span class='ocrx_word' id='word_1_602' title='bbox 3355 4121 3457 4187; x_wconf 86' lang='lat'><strong>19.</strong></span> <span class='ocrx_word' id='word_1_603' title='bbox 3515 4121 3605 4187; x_wconf 85' lang='lat' dir='ltr'><strong>Et</strong></span> <span class='ocrx_word' id='word_1_604' title='bbox 3641 4122 3950 4188; x_wconf 84' lang='lat' dir='ltr'><strong>exercitus</strong></span> <span class='ocrx_word' id='word_1_605' title='bbox 3991 4122 4142 4201; x_wconf 81' lang='lat' dir='ltr'><strong>eius,</strong></span> <span class='ocrx_word' id='word_1_606' title='bbox 4186 4122 4621 4204; x_wconf 85' lang='lat' dir='ltr'><strong>numeratique</strong></span> 
     </span>
     <span class='ocr_line' id='line_1_91' title="bbox 2684 4206 4618 4292; baseline -0.003 -18"><span class='ocrx_word' id='word_1_607' title='bbox 2684 4229 2895 4275; x_wconf 83' lang='lat' dir='ltr'><strong>eorum</strong></span> <span class='ocrx_word' id='word_1_608' title='bbox 2913 4260 2928 4286; x_wconf 91' lang='lat'><strong>,</strong></span> <span class='ocrx_word' id='word_1_609' title='bbox 3005 4208 3424 4292; x_wconf 82' lang='lat' dir='ltr'><strong>quadraqinta</strong></span> <span class='ocrx_word' id='word_1_610' title='bbox 3506 4207 3712 4272; x_wconf 86' lang='lat' dir='ltr'><strong>millia</strong></span> <span class='ocrx_word' id='word_1_611' title='bbox 3793 4213 3848 4274; x_wconf 87' lang='lat' dir='ltr'><strong>et</strong></span> <span class='ocrx_word' id='word_1_612' title='bbox 3933 4207 4270 4290; x_wconf 83' lang='lat' dir='ltr'><strong>quinqenti.</strong></span> <span class='ocrx_word' id='word_1_613' title='bbox 4359 4207 4460 4271; x_wconf 90' lang='grc'><strong>20.</strong></span> <span class='ocrx_word' id='word_1_614' title='bbox 4527 4206 4618 4270; x_wconf 87' lang='lat' dir='ltr'><strong>Et</strong></span> 
     </span>
     <span class='ocr_line' id='line_1_92' title="bbox 2682 4291 4612 4374; baseline -0.002 -14"><span class='ocrx_word' id='word_1_615' title='bbox 2682 4295 2868 4360; x_wconf 76' lang='lat' dir='ltr'><strong>iuxta</strong></span> <span class='ocrx_word' id='word_1_616' title='bbox 2909 4315 3047 4359; x_wconf 80' lang='lat' dir='ltr'><strong>eum</strong></span> <span class='ocrx_word' id='word_1_617' title='bbox 3094 4294 3212 4358; x_wconf 82' lang='lat' dir='ltr'><strong>erit</strong></span> <span class='ocrx_word' id='word_1_618' title='bbox 3263 4293 3461 4358; x_wconf 75' lang='lat' dir='ltr'><strong>trihus</strong></span> <span class='ocrx_word' id='word_1_619' title='bbox 3517 4291 3851 4359; x_wconf 84' lang='lat' dir='ltr'><strong>Manasse:</strong></span> <span class='ocrx_word' id='word_1_620' title='bbox 3899 4297 3955 4357; x_wconf 89' lang='lat' dir='ltr'><strong>et</strong></span> <span class='ocrx_word' id='word_1_621' title='bbox 3996 4293 4289 4374; x_wconf 79' lang='lat' dir='ltr'><strong>princeps</strong></span> <span class='ocrx_word' id='word_1_622' title='bbox 4336 4292 4612 4368; x_wconf 73' lang='lat' dir='ltr'><strong>filiorum</strong></span> 
     </span>
     <span class='ocr_line' id='line_1_93' title="bbox 2686 4376 4616 4459; baseline -0.002 -14"><span class='ocrx_word' id='word_1_623' title='bbox 2686 4378 2988 4445; x_wconf 87' lang='lat' dir='ltr'><strong>Manasse</strong></span> <span class='ocrx_word' id='word_1_624' title='bbox 3081 4380 3203 4444; x_wconf 85' lang='lat' dir='ltr'><strong>erit</strong></span> <span class='ocrx_word' id='word_1_625' title='bbox 3301 4379 3573 4445; x_wconf 69' lang='lat' dir='ltr'><strong>Gandiel</strong></span> <span class='ocrx_word' id='word_1_626' title='bbox 3662 4377 3837 4459; x_wconf 71' lang='lat' dir='ltr'><strong>filius</strong></span> <span class='ocrx_word' id='word_1_627' title='bbox 3920 4377 4266 4444; x_wconf 73' lang='lat' dir='ltr'><strong>Pedahsur.</strong></span> <span class='ocrx_word' id='word_1_628' title='bbox 4354 4378 4456 4443; x_wconf 92' lang='grc'><strong>21.</strong></span> <span class='ocrx_word' id='word_1_629' title='bbox 4525 4376 4616 4442; x_wconf 81' lang='lat' dir='ltr'><strong>Et</strong></span> 
     </span>
     <span class='ocr_line' id='line_1_94' title="bbox 2684 4463 4614 4547; baseline -0.001 -16"><span class='ocrx_word' id='word_1_630' title='bbox 2684 4466 2988 4531; x_wconf 82' lang='lat' dir='ltr'><strong>exercitus</strong></span> <span class='ocrx_word' id='word_1_631' title='bbox 3050 4466 3215 4543; x_wconf 70' lang='lat' dir='ltr'><strong>eiua,</strong></span> <span class='ocrx_word' id='word_1_632' title='bbox 3272 4466 3705 4547; x_wconf 85' lang='lat' dir='ltr'><strong>numeratique</strong></span> <span class='ocrx_word' id='word_1_633' title='bbox 3764 4484 3973 4529; x_wconf 81' lang='lat' dir='ltr'><strong>eorum</strong></span> <span class='ocrx_word' id='word_1_634' title='bbox 3989 4515 4005 4543; x_wconf 88' lang='lat'>‚</span> <span class='ocrx_word' id='word_1_635' title='bbox 4070 4463 4195 4529; x_wconf 81' lang='lat' dir='ltr'><strong>duo</strong></span> <span class='ocrx_word' id='word_1_636' title='bbox 4245 4468 4302 4529; x_wconf 90' lang='lat' dir='ltr'><strong>et</strong></span> <span class='ocrx_word' id='word_1_637' title='bbox 4351 4463 4614 4547; x_wconf 85' lang='lat' dir='ltr'><strong>triqinta</strong></span> 
     </span>
     <span class='ocr_line' id='line_1_95' title="bbox 2683 4547 4612 4630; baseline -0.001 -14"><span class='ocrx_word' id='word_1_638' title='bbox 2683 4552 2893 4617; x_wconf 86' lang='lat' dir='ltr'><strong>millia</strong></span> <span class='ocrx_word' id='word_1_639' title='bbox 2973 4555 3153 4630; x_wconf 81' lang='lat' dir='ltr'><strong>atque</strong></span> <span class='ocrx_word' id='word_1_640' title='bbox 3228 4550 3485 4615; x_wconf 81' lang='lat' dir='ltr'><strong>ducenti.</strong></span> <span class='ocrx_word' id='word_1_641' title='bbox 3573 4552 3674 4614; x_wconf 88' lang='grc'><strong>22.</strong></span> <span class='ocrx_word' id='word_1_642' title='bbox 3745 4550 3972 4615; x_wconf 80' lang='lat' dir='ltr'><strong>Tribus</strong></span> <span class='ocrx_word' id='word_1_643' title='bbox 4044 4550 4184 4615; x_wconf 86' lang='lat' dir='ltr'><strong>item</strong></span> <span class='ocrx_word' id='word_1_644' title='bbox 4253 4547 4612 4628; x_wconf 78' lang='lat' dir='ltr'><strong>Beniamin,</strong></span> 
     </span>
     <span class='ocr_line' id='line_1_96' title="bbox 2684 4634 4616 4718; baseline -0.001 -16"><span class='ocrx_word' id='word_1_645' title='bbox 2684 4643 2740 4702; x_wconf 91' lang='lat' dir='ltr'><strong>et</strong></span> <span class='ocrx_word' id='word_1_646' title='bbox 2801 4636 3092 4718; x_wconf 76' lang='lat' dir='ltr'><strong>princeps</strong></span> <span class='ocrx_word' id='word_1_647' title='bbox 3162 4634 3442 4716; x_wconf 75' lang='lat' dir='ltr'><strong>filiorum</strong></span> <span class='ocrx_word' id='word_1_648' title='bbox 3514 4635 3855 4700; x_wconf 81' lang='lat' dir='ltr'><strong>Beniamin</strong></span> <span class='ocrx_word' id='word_1_649' title='bbox 3931 4637 4051 4699; x_wconf 86' lang='lat' dir='ltr'><strong>erit</strong></span> <span class='ocrx_word' id='word_1_650' title='bbox 4113 4635 4374 4700; x_wconf 82' lang='lat' dir='ltr'><strong>Abidan</strong></span> <span class='ocrx_word' id='word_1_651' title='bbox 4431 4634 4616 4716; x_wconf 79' lang='lat' dir='ltr'><strong>silius</strong></span> 
     </span>
     <span class='ocr_line' id='line_1_97' title="bbox 2691 4720 4613 4801; baseline -0.003 -13"><span class='ocrx_word' id='word_1_652' title='bbox 2691 4722 2943 4788; x_wconf 84' lang='lat' dir='ltr'><strong>Gidoni.</strong></span> <span class='ocrx_word' id='word_1_653' title='bbox 3032 4721 3132 4785; x_wconf 86' lang='grc'><strong>23.</strong></span> <span class='ocrx_word' id='word_1_654' title='bbox 3197 4720 3284 4785; x_wconf 83' lang='lat' dir='ltr'><strong>Et</strong></span> <span class='ocrx_word' id='word_1_655' title='bbox 3339 4722 3635 4787; x_wconf 74' lang='lat' dir='ltr'><strong>exercitus</strong></span> <span class='ocrx_word' id='word_1_656' title='bbox 3690 4721 3853 4797; x_wconf 86' lang='lat' dir='ltr'><strong>eius,</strong></span> <span class='ocrx_word' id='word_1_657' title='bbox 3910 4721 4334 4801; x_wconf 85' lang='lat' dir='ltr'><strong>numeratique</strong></span> <span class='ocrx_word' id='word_1_658' title='bbox 4381 4739 4613 4799; x_wconf 86' lang='lat' dir='ltr'><strong>eorum,</strong></span> 
     </span>
     <span class='ocr_line' id='line_1_98' title="bbox 2683 4804 4620 4890; baseline -0.002 -18"><span class='ocrx_word' id='word_1_659' title='bbox 2683 4807 2958 4890; x_wconf 86' lang='lat' dir='ltr'><strong>quinque</strong></span> <span class='ocrx_word' id='word_1_660' title='bbox 2977 4813 3035 4872; x_wconf 90' lang='lat' dir='ltr'><strong>et</strong></span> <span class='ocrx_word' id='word_1_661' title='bbox 3053 4806 3313 4889; x_wconf 85' lang='lat' dir='ltr'><strong>triqinta</strong></span> <span class='ocrx_word' id='word_1_662' title='bbox 3335 4806 3538 4871; x_wconf 87' lang='lat' dir='ltr'><strong>millia</strong></span> <span class='ocrx_word' id='word_1_663' title='bbox 3560 4811 3742 4888; x_wconf 86' lang='lat' dir='ltr'><strong>atque</strong></span> <span class='ocrx_word' id='word_1_664' title='bbox 3759 4805 4209 4889; x_wconf 68' lang='lat' dir='ltr'><strong>quadrinqenti.</strong></span> <span class='ocrx_word' id='word_1_665' title='bbox 4247 4805 4350 4870; x_wconf 82' lang='lat'><strong>24.</strong></span> <span class='ocrx_word' id='word_1_666' title='bbox 4393 4804 4620 4870; x_wconf 85' lang='lat' dir='ltr'><strong>Omnes</strong></span> 
     </span>
     <span class='ocr_line' id='line_1_99' title="bbox 2682 4889 4615 4974; baseline -0.001 -17"><span class='ocrx_word' id='word_1_667' title='bbox 2682 4893 2996 4958; x_wconf 86' lang='lat' dir='ltr'><strong>numerati</strong></span> <span class='ocrx_word' id='word_1_668' title='bbox 3038 4893 3107 4957; x_wconf 86' lang='lat' dir='ltr'><strong>in</strong></span> <span class='ocrx_word' id='word_1_669' title='bbox 3143 4893 3407 4957; x_wconf 79' lang='lat' dir='ltr'><strong>exercitu</strong></span> <span class='ocrx_word' id='word_1_670' title='bbox 3463 4891 3806 4974; x_wconf 75' lang='lat' dir='ltr'><strong>Ephraim.</strong></span> <span class='ocrx_word' id='word_1_671' title='bbox 3861 4894 4096 4956; x_wconf 67' lang='lat' dir='ltr'><strong>centiam</strong></span> <span class='ocrx_word' id='word_1_672' title='bbox 4148 4896 4206 4955; x_wconf 87' lang='lat' dir='ltr'><strong>et</strong></span> <span class='ocrx_word' id='word_1_673' title='bbox 4243 4896 4367 4955; x_wconf 80' lang='lat' dir='ltr'><strong>octo</strong></span> <span class='ocrx_word' id='word_1_674' title='bbox 4406 4889 4615 4955; x_wconf 83' lang='lat' dir='ltr'><strong>millia</strong></span> 
     </span>
     <span class='ocr_line' id='line_1_100' title="bbox 2683 4975 4617 5059; baseline -0.002 -15"><span class='ocrx_word' id='word_1_675' title='bbox 2683 4983 2862 5059; x_wconf 85' lang='lat' dir='ltr'><strong>atque</strong></span> <span class='ocrx_word' id='word_1_676' title='bbox 2902 4982 3139 5043; x_wconf 86' lang='lat' dir='ltr'><strong>centum</strong></span> <span class='ocrx_word' id='word_1_677' title='bbox 3154 5028 3170 5057; x_wconf 95' lang='lat'><strong>,</strong></span> <span class='ocrx_word' id='word_1_678' title='bbox 3201 4998 3326 5059; x_wconf 77' lang='lat' dir='ltr'><strong>per</strong></span> <span class='ocrx_word' id='word_1_679' title='bbox 3366 4979 3668 5042; x_wconf 81' lang='lat' dir='ltr'><strong>exercitus</strong></span> <span class='ocrx_word' id='word_1_680' title='bbox 3708 4996 3885 5041; x_wconf 82' lang='lat' dir='ltr'><strong>suos.-</strong></span> <span class='ocrx_word' id='word_1_681' title='bbox 3926 4979 3981 5040; x_wconf 87' lang='lat' dir='ltr'><strong>et</strong></span> <span class='ocrx_word' id='word_1_682' title='bbox 4030 4977 4194 5042; x_wconf 86' lang='lat' dir='ltr'><strong>tertii</strong></span> <span class='ocrx_word' id='word_1_683' title='bbox 4223 4975 4617 5057; x_wconf 71' lang='lat' dir='ltr'><strong>proficiscen-</strong></span> 
     </span>
     <span class='ocr_line' id='line_1_101' title="bbox 2683 5061 4613 5144; baseline -0.002 -16"><span class='ocrx_word' id='word_1_684' title='bbox 2683 5070 2804 5132; x_wconf 85' lang='lat' dir='ltr'><strong>tur.</strong></span> <span class='ocrx_word' id='word_1_685' title='bbox 2896 5063 2998 5129; x_wconf 83' lang='lat'><strong>25.</strong></span> <span class='ocrx_word' id='word_1_686' title='bbox 3075 5062 3387 5129; x_wconf 80' lang='lat' dir='ltr'><strong>Vexillum</strong></span> <span class='ocrx_word' id='word_1_687' title='bbox 3428 5067 3770 5131; x_wconf 84' lang='lat' dir='ltr'><strong>castrorum</strong></span> <span class='ocrx_word' id='word_1_688' title='bbox 3833 5061 3987 5128; x_wconf 88' lang='lat' dir='ltr'><strong>Dan</strong></span> <span class='ocrx_word' id='word_1_689' title='bbox 4029 5064 4147 5128; x_wconf 84' lang='lat' dir='ltr'><strong>erit</strong></span> <span class='ocrx_word' id='word_1_690' title='bbox 4206 5063 4293 5128; x_wconf 83' lang='lat' dir='ltr'><strong>acl</strong></span> <span class='ocrx_word' id='word_1_691' title='bbox 4347 5061 4613 5144; x_wconf 79' lang='lat' dir='ltr'><strong>Aquilo·</strong></span> 
     </span>
     <span class='ocr_line' id='line_1_102' title="bbox 2682 5146 4614 5231; baseline -0.003 -17"><span class='ocrx_word' id='word_1_692' title='bbox 2682 5170 2848 5228; x_wconf 84' lang='lat' dir='ltr'><strong>nem,</strong></span> <span class='ocrx_word' id='word_1_693' title='bbox 2900 5170 3024 5231; x_wconf 79' lang='lat' dir='ltr'><strong>per</strong></span> <span class='ocrx_word' id='word_1_694' title='bbox 3078 5150 3376 5214; x_wconf 82' lang='lat' dir='ltr'><strong>exercitus</strong></span> <span class='ocrx_word' id='word_1_695' title='bbox 3429 5169 3605 5214; x_wconf 81' lang='lat' dir='ltr'><strong>suos.-</strong></span> <span class='ocrx_word' id='word_1_696' title='bbox 3659 5152 3714 5212; x_wconf 83' lang='lat' dir='ltr'><strong>et</strong></span> <span class='ocrx_word' id='word_1_697' title='bbox 3759 5148 4056 5228; x_wconf 76' lang='lat' dir='ltr'><strong>princeps</strong></span> <span class='ocrx_word' id='word_1_698' title='bbox 4113 5146 4388 5227; x_wconf 72' lang='lat' dir='ltr'><strong>filiorum</strong></span> <span class='ocrx_word' id='word_1_699' title='bbox 4440 5146 4614 5227; x_wconf 90' lang='lat' dir='ltr'><strong>Dan,</strong></span> 
     </span>
     <span class='ocr_line' id='line_1_103' title="bbox 2684 5232 4618 5316; baseline -0.002 -17"><span class='ocrx_word' id='word_1_700' title='bbox 2684 5233 2956 5299; x_wconf 79' lang='lat' dir='ltr'><strong>Ahieecr</strong></span> <span class='ocrx_word' id='word_1_701' title='bbox 3003 5234 3178 5316; x_wconf 79' lang='lat' dir='ltr'><strong>filius</strong></span> <span class='ocrx_word' id='word_1_702' title='bbox 3230 5233 3697 5299; x_wconf 81' lang='lat' dir='ltr'><strong>Ammisaddai.</strong></span> <span class='ocrx_word' id='word_1_703' title='bbox 3786 5233 3887 5299; x_wconf 91' lang='grc'><strong>26.</strong></span> <span class='ocrx_word' id='word_1_704' title='bbox 3955 5233 4043 5300; x_wconf 85' lang='lat' dir='ltr'><strong>Et</strong></span> <span class='ocrx_word' id='word_1_705' title='bbox 4103 5232 4405 5297; x_wconf 82' lang='lat' dir='ltr'><strong>exercitus</strong></span> <span class='ocrx_word' id='word_1_706' title='bbox 4458 5232 4618 5311; x_wconf 69' lang='lat' dir='ltr'><strong>eiu-3,</strong></span> 
     </span>
     <span class='ocr_line' id='line_1_104' title="bbox 2682 5317 4617 5403; baseline -0.003 -18"><span class='ocrx_word' id='word_1_707' title='bbox 2682 5321 3111 5402; x_wconf 75' lang='lat' dir='ltr'><strong>numeratique</strong></span> <span class='ocrx_word' id='word_1_708' title='bbox 3152 5341 3376 5399; x_wconf 88' lang='lat' dir='ltr'><strong>eorum,</strong></span> <span class='ocrx_word' id='word_1_709' title='bbox 3420 5320 3542 5385; x_wconf 83' lang='lat' dir='ltr'><strong>duo</strong></span> <span class='ocrx_word' id='word_1_710' title='bbox 3576 5323 3631 5382; x_wconf 88' lang='lat' dir='ltr'><strong>et</strong></span> <span class='ocrx_word' id='word_1_711' title='bbox 3662 5321 3984 5403; x_wconf 83' lang='lat' dir='ltr'><strong>sexaqinta</strong></span> <span class='ocrx_word' id='word_1_712' title='bbox 4016 5317 4221 5383; x_wconf 83' lang='lat' dir='ltr'><strong>millia</strong></span> <span class='ocrx_word' id='word_1_713' title='bbox 4252 5321 4434 5398; x_wconf 87' lang='lat' dir='ltr'><strong>atque</strong></span> <span class='ocrx_word' id='word_1_714' title='bbox 4474 5336 4617 5398; x_wconf 76' lang='lat' dir='ltr'><strong>sep-</strong></span> 
     </span>
    </p>
   </div>
   <div class='ocr_carea' id='block_1_11' title="bbox 4980 5 4991 3249">
    <p class='ocr_par' dir='ltr' id='par_1_14' title="bbox 4980 5 4991 3249">
     <span class='ocr_line' id='line_1_105' title="bbox 4980 5 4991 3249; baseline 0 0"><span class='ocrx_word' id='word_1_715' title='bbox 4980 5 4991 3249; x_wconf 95' lang='lat' dir='ltr'><strong> </strong></span> 
     </span>
    </p>
   </div>
   <div class='ocr_carea' id='block_1_12' title="bbox 4984 5586 4987 6107">
    <p class='ocr_par' dir='ltr' id='par_1_15' title="bbox 4984 5586 4987 6107">
     <span class='ocr_line' id='line_1_106' title="bbox 4984 5586 4987 6107; baseline 0 0"><span class='ocrx_word' id='word_1_716' title='bbox 4984 5586 4987 6107; x_wconf 95' lang='lat' dir='ltr'><strong> </strong></span> 
     </span>
    </p>
   </div>
  </div>
 </body>
</html>
