5017 6142
519 458 649 527 229

516 648 954 715 damam
1029 650 2455 734 mummationcsfiliorumlsraelquibas

517 738 919 801 marmarum
956 734 1290 801 adversum
1328 757 1452 804 vos.
1539 737 1598 803 6.
2001 742 2090 803 est
2130 757 2272 822 erqo
2320 737 2455 803 Mo-

517 838 620 885 ses
658 819 746 885 ad
794 819 963 901 filios
1018 820 1260 901 Israel,
1319 827 1374 888 d
1413 823 1711 890 dederunt
1751 823 1855 889 illi
1893 823 2456 905 onmesprincipoe

516 924 728 972 eorum
778 906 1059 989 viryam:
1107 906 1348 991 sinyuli
1390 907 1721 990 principes
1774 908 2018 993 virgam
2063 928 2184 990 per
2240 908 2455 975 domos

506 996 773 1074 pamm
812 1010 1088 1070 suorum,
1127 992 1446 1060 duodecim
1476 994 1705 1060 scilicet
1738 994 1990 1077 virque.-
2029 995 2213 1077 vir-90.
2246 999 2456 1061 autem

517 1075 786 1142 Alimon
822 1076 1300 1146 eratinmedto
1338 1080 1662 1162 vio-qurum
1703 1099 1928 1145 coms.
2018 1079 2078 1145 7.
2123 1080 2458 1162 Etpamit

518 1160 732 1227 Moses
780 1163 998 1246 viryas
1035 1181 1245 1229 coram
1288 1162 1518 1230 Iehova
1558 1166 1632 1230 in
1669 1164 2060 1231 tabernaculo
2101 1165 2453 1232 testinwnii.

521 1246 1229 1331 8.Etfuit,posbridie
1266 1249 1433 1315 venit
1473 1248 1686 1317 Moses
1726 1250 2456 1317 adtabmamdumtae-

517 1333 764 1400 timonii
779 1382 794 1413 ,
856 1337 913 1399 et
978 1353 1106 1400 ecoe
1154 1335 1616 1419 qerminaverat
1666 1335 1847 1418 viv-qa
1902 1335 2166 1402 Aharon
2208 1358 2241 1402 e
2280 1335 2456 1403 domo

517 1418 694 1499 Levi,
735 1437 812 1486 ao
832 1419 1224 1500 produxerat
1249 1421 1775 1504 qen-minationem,
1798 1421 2228 1505 pomaeo-atque
2252 1423 2454 1503 flores,

520 1505 606 1572 ad
656 1505 1605 1588 naturitatenqnoeperdwerat
1645 1506 1995 1590 amyydala.
2082 1507 2144 1574 9.
2190 1507 2459 1590 Etpro-

518 1589 1143 1657 &Mese-somnes
1182 1590 2160 1676 viryasillasafaeielehovae
2201 1593 2287 1660 ad
2328 1613 2456 1659 om·

517 1696 629 1743 nes
666 1676 832 1758 filios
889 1676 1131 1743 Israel.-
1182 1677 1295 1760 qui
1348 1677 1655 1756 viderunt,
1711 1684 1767 1744 et
1821 1684 2182 1760 acceperam
2218 1679 2458 1763 sinyuli

517 1764 765 1847 virgam
818 1782 1019 1828 suam.
1112 1762 1211 1828 10.
1254 1760 1451 1829 Dixit
1506 1768 1711 1830 autem
1777 1762 2008 1830 10110υο
2063 1765 2150 1831 ad
2206 1764 2459 1831 Mosen.-

522 1847 718 1931 Refer
770 1847 1017 1931 viryam
1058 1848 1319 1915 Aharon
1359 1867 1571 1916 eoram
1611 1849 1951 1916 testimonio
1981 1850 2052 1914 in
2092 1851 2457 1930 custodias»,

520 1934 589 1999 in
644 1934 894 2018 01901101
943 1933 1102 2015 filiis
1155 1932 1512 2001 rebellibus.-
1564 1938 1621 2000 et
1659 1954 1904 2001 cessare
1939 1934 2141 2017 facies
2179 1955 2457 2002 marm

518 2019 796 2086 rationes
846 2038 1057 2086 mm
1113 2020 1287 2102 apud
1336 2040 1449 2101 me,
1490 2024 1563 2086 ut
1602 2040 1726 2086 mn
1766 2020 2133 2088 moriantur.
2224 2022 2326 2086 11.
2371 2021 2460 2087 Et

515 2105 665 2188 fecit
706 2103 916 2171 Moses
953 2106 1462 2188 qumnadmodum
1490 2111 1899 2187 praoeeperat
1939 2104 2186 2187 Iehova,
2230 2109 2325 2174 sic
2362 2106 2457 2189 fe·

520 2191 621 2257 cit.
726 2190 826 2256 12.
883 2190 973 2257 Et
1028 2192 1325 2259 dixeram
1359 2191 1483 2273 filii
1527 2191 1737 2258 Israel
1777 2193 1863 2258 ad
1897 2190 2139 2272 Mosen,
2172 2192 2455 2260 dicendo:

521 2274 683 2344 Ecce
729 2277 961 2343 mortui
1014 2296 1262 2357 summ,
1314 2277 1671 2359 per-iimcc,
1732 2279 2455 2360 mnnesnosporiims.

525 2363 626 2428 13.
678 2362 1045 2444 Quiqwnque
1106 2363 1452 2441 accessor-it,
1509 2363 1621 2444 qui
1660 2364 1995 2439 accesserit,
2037 2363 2327 2447 inquam,
2374 2365 2462 2431 aa

520 2447 983 2548 tabernaculum
1017 2446 1312 2528 Iehovae,
1353 2448 1671 2529 morietur,
1715 2450 2023 2532 nmquid
2064 2450 2462 2517 consumendi

697 2705 754 2770 1.
792 2703 882 2769 Et
912 2702 1201 2787 loquutus
1242 2709 1330 2771 est
1370 2704 1617 2772 Iehova.
1692 2704 2071 2789 Quamlibet
2111 2707 2463 2791 praefracti

520 2799 745 2858 000001
787 2789 1127 2855 1010011100
1143 2840 1160 2869 ,
1214 2790 1425 2857 fracta
1469 2790 1710 2858 duritie
1755 2799 1820 2857 et
1853 2800 2179 2874 prostrata
2234 2814 2464 2877 super-

516 2876 626 2942 bia
661 2874 1019 2942 debuerant
1053 2874 1356 2959 amplecti
1393 2876 1846 2954 sacerdotium,
1893 2878 2127 2962 piaque
2161 2896 2463 2945 reveren·

516 2964 611 3028 tia
652 2969 1031 3029 constanter
1064 2963 1387 3045 prosequi.
1461 2961 1595 3028 Sed
1631 2985 1714 3028 ex
1758 2964 2254 3030 confirmatione
2342 2985 2463 3031 uae

513 3066 694 3115 011110
750 3044 1013 3113 additur
1070 3056 1341 3131 apparet
1394 3047 1681 3114 nondum
1741 3048 1944 3134 probe
1985 3050 2185 3116 fuisse
2229 3071 2311 3116 su
2356 3071 2461 3117 ac-

517 3143 636 3200 tos.
724 3132 907 3198 Nihil
951 3132 1126 3198 euim
1164 3133 1414 3200 frustra
1448 3133 1634 3200 Deus
1676 3134 1985 3202 instituit.
2073 3135 2302 3203 Morbo
2344 3137 2462 3222 igi·

516 3230 626 3286 tur
683 3219 1085 3304 pervicaciae
1129 3239 1325 3302 quem
1371 3219 1632 3286 videbat
1676 3220 1892 3288 adhuc
1934 3220 2260 3288 occultum
2303 3224 2459 3289 resi-

514 3305 673 3372 dere
718 3306 791 3370 in
834 3325 1062 3371 eorum
1105 3303 1426 3385 cordibus,
1470 3306 1912 3372 necessarium
1947 3306 2309 3374 remedium
2345 3307 2459 3374 ad-

518 3390 748 3457 hibuit.
818 3390 900 3457 In
946 3410 1074 3475 quo
1117 3391 1314 3457 etiam
1359 3391 1751 3475 perspicitur
1791 3392 2286 3459 inaestimabilis
2319 3394 2460 3460 eius

516 3477 792 3557 bouitas,
833 3475 1092 3561 quando
1134 3496 1269 3542 non
1314 3476 1505 3544 modo
1547 3477 1862 3544 levandae
1913 3498 2138 3544 eorum
2179 3479 2457 3545 infirmi·

522 3563 673 3630 tatis
728 3562 1049 3633 rationem
1106 3561 1365 3642 habuit,
1423 3562 1538 3628 sed
1584 3564 1781 3630 etiam
1826 3584 1974 3632 cum
2026 3566 2349 3646 pravitate
2393 3576 2461 3632 01

517 3647 772 3715 1110111ἰο
824 3648 1116 3715 10010100
1160 3655 1291 3727 001,
1343 3657 1421 3714 ut
1463 3648 1544 3714 ad
1589 3669 1818 3715 sanam
1864 3660 2151 3715 mentem
2195 3672 2456 3718 revoca-

522 3743 640 3801 ret.
732 3734 823 3800 Et
879 3733 1106 3800 eodem
1152 3755 1329 3801 nunc
1373 3753 1632 3818 quoque
1674 3734 1867 3800 modo
1911 3735 2244 3803 nobiscum
2290 3736 2456 3820 agit:

518 3821 673 3906 quia
730 3842 860 3887 non
905 3819 1097 3886 modo
1138 3819 1293 3885 fidei
1333 3828 1601 3887 nostrae
1637 3819 2032 3887 debilitatem
2077 3821 2301 3888 multis
2345 3821 2457 3887 ad·

518 3905 851 3973 miniculis
919 3907 1260 3971 confirmat
1277 3956 1293 3986 ,
1350 3905 1467 3973 sed
1530 3905 1788 3972 levitati
1852 3914 1919 3973 et
1982 3908 2462 3975 inconstantiae

520 3994 817 4059 fraenum
850 3992 1081 4071 1011011,
1125 3999 1193 4057 01
1227 4013 1345 4058 000
1379 3999 1609 4059 000110
1651 3993 1939 4058 nitentes
1980 3993 2222 4059 retinet
2258 3994 2329 4058 in
2364 3994 2458 4059 of-

518 4079 696 4144 ficio:
731 4079 1013 4145 occurrit
1045 4077 1242 4143 etiam
1278 4088 1537 4144 nostrae
1572 4079 1959 4163 proterviae,
1994 4100 2078 4145 ne
2111 4078 2459 4146 insolesca-

521 4185 688 4243 mus,
731 4162 842 4230 vel
874 4162 1233 4230 socordiam
1276 4173 1570 4230 nostram
1614 4166 1872 4231 excitat.
1962 4163 2277 4232 Nostrum
2321 4166 2461 4250 qui-

522 4249 672 4316 dem
709 4259 806 4317 est
851 4248 944 4316 sic
987 4249 1056 4315 in
1091 4269 1283 4316 usum
1327 4258 1628 4316 nostrum
1672 4249 1996 4334 applicare
2038 4272 2462 4335 quaecunque

521 4334 673 4402 fidei
717 4342 783 4401 et
825 4335 1087 4420 pietatis
1130 4335 1422 4401 subsidia
1465 4335 1649 4402 nobis
1690 4336 2020 4421 proponit,
2067 4345 2138 4402 ut
2179 4336 2463 4404 sciamus

520 4421 791 4487 totidem
837 4441 980 4487 esse
1025 4420 1107 4486 ad
1151 4420 1631 4506 coarguendam
1673 4430 1961 4487 nostram
2006 4421 2460 4489 infidelitatem

519 4507 910 4573 testimonia.
1024 4506 1420 4591 Quanquam
1499 4527 1655 4592 ergo
1736 4506 2077 4574 sacerdotii
2153 4508 2460 4575 maiestas

514 4593 677 4659 satis
730 4612 1056 4676 superque
1117 4594 1248 4658 iam
1290 4592 1711 4676 comprobata
1753 4594 1986 4671 fuerat,
2031 4594 2195 4660 vidit
2238 4603 2460 4660 tamen

519 4679 701 4745 Deus
755 4678 829 4743 in
886 4687 1072 4744 tanta
1113 4679 1476 4763 pervicacia
1527 4679 1754 4764 populi
1797 4680 2053 4745 nullum
2094 4679 2235 4745 fore
2278 4700 2460 4745 mur·

517 4764 814 4831 muribus
857 4771 926 4830 01
967 4765 1200 4849 iurgiis
1243 4766 1444 4831 finem
1457 4814 1474 4844 ,
1522 4766 1650 4831 nisi
1694 4764 2031 4832 accederet
2073 4763 2304 4831 ultima
2346 4766 2459 4831 ob-

514 4850 831 4935 signatio,
892 4858 958 4916 01
1010 4852 1269 4934 quidem
1330 4851 1524 4916 rebus
1580 4853 1865 4934 pacatis:
1930 4851 2084 4933 quia
2141 4850 2461 4918 seditione

516 4944 701 5002 mota
733 4957 868 5003 non
904 4942 1042 5002 tam
1080 4944 1269 5002 erant
1311 4934 1391 5001 ad
1437 4935 1821 5002 discendum
1859 4936 2084 5003 faciles
2126 4948 2192 5003 et
2223 4938 2458 5021 parati.

517 5022 725 5088 Porro
778 5021 900 5088 hac
953 5024 1448 5088 confirmatione
1504 5022 1818 5105 quidquid
1874 5044 2162 5107 unquam
2205 5031 2463 5108 poterat

516 5108 675 5172 oriri
731 5106 1156 5174 dubitationis
1220 5108 1513 5189 sustulit,
1588 5107 1743 5173 dum
1803 5109 1987 5193 virga
2046 5109 2314 5175 Aharon
2376 5129 2460 5173 ex

515 5194 748 5259 arbore
805 5193 1064 5261 desecta
1119 5195 1291 5260 inter
1348 5193 1686 5261 duodecim
1730 5216 1862 5261 una
1900 5195 2146 5262 floruit.
2235 5194 2463 5279 Neque

516 5280 698 5345 00110
727 5279 1026 5345 naturale
1058 5280 1200 5359 fuit,
1235 5301 1512 5360 ramum,
1550 5281 1664 5364 qui
1699 5298 1962 5347 succum
2002 5304 2042 5347 a
2076 5280 2294 5348 radice
2330 5301 2458 5347 non

514 5362 804 5444 duceret,
842 5375 908 5430 et
943 5373 1207 5449 propter
1243 5368 1400 5432 anni
1436 5375 1693 5450 tempus
1727 5365 1949 5434 aridus
1984 5367 2216 5434 fuisset
2247 5367 2318 5432 in
2356 5388 2459 5432 ar-

1916 461 2321 533 REDI'PUS
2366 463 2494 531 AD
2537 462 3082 535 HISTORIAM.

4365 468 4510 539 230

2558 650 2738 730 1101-0,
2780 653 2894 720 ubi
2936 653 3261 738 proiectus
3295 660 3449 720 ante
3489 675 3709 722 aream
3753 653 4032 723 foederis
4074 656 4298 738 iacuit,
4341 678 4496 757 pro·

2559 738 2794 805 ducere
2831 739 3026 806 flores
3069 749 3146 804 et·
3175 740 3495 821 fructum,
3529 740 3693 806 alios
3736 749 3953 807 autem
3997 762 4268 826 prorsus
4311 743 4492 811 simi·-

2556 822 2653 890 les
2696 844 2960 891 manere
3003 826 3204 890 siccos
3245 834 3312 891 et
3354 836 3704 893 emortuos.

2729 910 3152 995 011ΠοΜο
3166 910 3335 992 filios
3356 911 3581 977 Israel.
3626 910 3983 977 Falluntur
4017 913 4126 996 qui
4149 920 4496 998 exponunt

2559 993 2896 1063 duodecim
2939 998 3144 1081 virgis
3185 1017 3386 1063 unam
3437 1017 3554 1080 pro
3597 996 3774 1063 tribu
3811 997 3979 1063 Levi
4019 997 4223 1066 fuisse
4265 1019 4494 1084 super*

2558 1079 2867 1147 additam.
2925 1081 3098 1147 Nam
3141 1082 3295 1165 quia
3336 1082 3445 1150 1110
3467 1081 3847 1167 disceptatio
3880 1102 4012 1148 non
4055 1092 4197 1150 erat
4237 1085 4319 1151 de
4361 1097 4492 1151 ter·-

2558 1187 2674 1232 rae
2709 1167 3134 1250 possessione,
3179 1167 3424 1233 tribum
3466 1166 3707 1252 Ioseph
3749 1169 3821 1233 in
3863 1167 3992 1234 duo
4032 1171 4246 1253 capita
4287 1170 4494 1237 dividi

2556 1251 2832 1317 minime
2872 1273 3034 1336 opus
3076 1252 3220 1319 fuit.
3302 1254 3393 1319 Et
3433 1253 3678 1320 scimus
3722 1253 3920 1337 dupla
3959 1255 4261 1337 portione
4292 1256 4498 1323 fuisse

2559 1336 2889 1417 donatam,
2926 1339 3078 1422 quia
3100 1338 3356 1405 Levitis
3395 1339 3575 1405 nulla
3603 1338 3724 1404 fuit
3760 1338 4145 1406 haereditas.
4194 1339 4277 1405 In
4297 1360 4496 1408 causa

2560 1429 2779 1488 autem
2813 1424 3141 1506 praesenti
3177 1423 3508 1491 dissimilis
3549 1425 3679 1490 fuit
3719 1425 3916 1489 ratio:
3961 1425 4114 1508 quia
4155 1425 4238 1492 de
4279 1445 4496 1493 saeer-

2562 1508 2742 1573 dotio
2797 1509 3133 1576 eontentio
3188 1519 3330 1576 erat
3384 1510 3532 1575 aliis
3589 1509 3893 1577 omnibus
3948 1530 4097 1575 cum
4140 1531 4277 1576 una
4321 1511 4495 1577 tribu

2560 1593 2747 1661 Levi.
2829 1594 3009 1661 Hinc
3066 1614 3221 1680 ergo
3264 1596 3508 1662 factum
3552 1604 3651 1661 est
3692 1606 3767 1660 111
3808 1594 4089 1679 singulis
4131 1594 4320 1662 datae
4363 1596 4497 1664 fue-

2562 1679 2697 1744 rint
2799 1680 2812 1694 “
2995 1728 3011 1756 ,
3067 1678 3426 1747 secundum
3482 1681 3763 1765 primam
3837 1682 4097 1766 generis
4152 1681 4492 1766 originem.

2533 1766 2822 1832 -Dicitur
2856 1774 3077 1831 autem
3114 1765 3303 1849 virga
3338 1766 3609 1832 Aharcn
3646 1766 3845 1832 fuisse
3879 1765 3950 1831 in
3984 1765 4197 1832 medio
4230 1767 4495 1833 illarum

2560 1872 2645 1916 ex
2690 1852 3023 1917 communi
3063 1850 3329 1936 linguae
3369 1851 3711 1918 hebraicae
3753 1872 3908 1931 usu,
3941 1852 4095 1935 quia
4126 1853 4322 1918 fuerit
4363 1853 4496 1920 illis

2560 1936 2915 2019 permixta,
2972 1945 3284 2020 tanquam
3342 1957 3426 2002 ex
3482 1957 3704 2003 earum
3749 1956 4040 2003 numero.
4117 1936 4310 2018 Quod
4351 1938 4498 2005 ideo

2561 2022 2974 2107 exprimitur,
3009 2032 3084 2087 ut
3126 2023 3408 2089 sciamus
3450 2021 3762 2106 improbis
3807 2022 4086 2088 ablatam
4125 2023 4326 2089 fuisse
4357 2043 4498 2089 om-

2561 2128 2713 2174 nem
2741 2105 3184 2174 calumniandi
3210 2107 3640 2174 occasionem:
3685 2127 3886 2191 quum
3914 2128 4138 2174 omnes
4168 2108 4395 2195 virgae
4428 2108 4502 2174 in

2564 2192 2849 2260 eundem
2891 2192 3259 2277 promiscue
3293 2213 3603 2259 acervum
3637 2193 3968 2258 coniectae
4000 2202 4174 2272 suut,
4211 2204 4286 2259 ut
4317 2192 4503 2258 nulla

2563 2276 2922 2363 quidquam
2964 2278 3237 2345 haberet
3275 2278 3588 2344 eximium
3632 2299 3672 2344 a
3705 2277 3989 2361 reliquis,
4028 2299 4070 2344 a
4138 2298 4226 2345 110
4264 2278 4359 2344 ita
4397 2278 4505 2345 ni·

2561 2364 2658 2430 1111
2703 2363 2981 2431 adscribi
3023 2373 3241 2448 posset
3271 2363 3615 2430 hominum
3647 2362 4028 2429 industriae.
4148 2363 4172 2427 i
4206 2364 4356 2447 quis
4387 2365 4502 2432 ob-

2563 2450 2749 2517 iiciat
2782 2470 2917 2516 000
2954 2450 3156 2516 fuisse
3190 2449 3314 2516 hoc
3345 2448 3539 2514 modo
3574 2449 3963 2517 exstinctam
3999 2448 4501 2516 aemulationem

2565 2555 2734 2620 quae
2777 2535 3047 2620 reliquis
3081 2535 3341 2602 Levitis
3375 2543 3518 2601 erat
3559 2556 3707 2601 cum
3752 2534 3945 2599 domo
3984 2532 4256 2600 Aharon
4298 2556 4502 2619 quum

2565 2641 2773 2688 unum
2828 2622 2973 2687 01110
3026 2641 3264 2687 nomen
3318 2620 3708 2703 inscriptum
3750 2627 3941 2698 esset,
3986 2626 4063 2684 ut
4104 2618 4287 2684 nulla
4329 2628 4502 2686 esset

2567 2707 2742 2774 inter
2794 2707 3076 2773 familias
3127 2706 3558 2790 comparatio:
3601 2703 3978 2788 respondeo,
4020 2724 4223 2788 quum
4266 2705 4340 2770 in
4384 2726 4501 2772 no-

2567 2794 2746 2859 mine
2801 2792 3075 2858 Aharon
3130 2791 3307 2857 01010
3359 2791 3599 2858 enituit
3642 2790 3770 2857 Dei
3812 2790 4027 2856 virtus
4042 2842 4060 2868 ‚
4117 2789 4264 2873 ipso
4300 2791 4503 2857 electo

2568 2880 2728 2944 satis
2782 2886 3115 2945 ostensam
3172 2878 3375 2944 fuisse
3433 2877 3711 2942 aliorum
3750 2875 4189 2942 reiectionem.
4275 2875 4501 2959 Neque

2567 2965 2744 3030 001111
2785 2964 2843 3029 01
2887 2963 3251 3030 communis
3284 2963 3516 3029 fuisset
3546 2963 3694 3027 aliis
3731 2962 3958 3039 honor,
3992 2981 4100 3027 000
4142 2960 4508 3027 fraudasset

2567 3050 2752 3117 Deus
2806 3069 3014 3115 unum
3065 3047 3389 3114 duntaxat
3430 3047 3740 3115 ornando.
3829 3047 4037 3113 Porro
4081 3046 4210 3112 alia
4250 3047 4503 3112 servari

2566 3135 2733 3202 ratio
2776 3155 2906 3200 uon
2949 3134 3166 3217 potuit
3197 3135 3269 3199 in
3314 3135 3438 3200 hac
3471 3133 3586 3199 lite
3630 3129 4021 3198 dirimenda:
4067 3151 4222 3196 nam
4265 3131 4323 3197 si
4354 3132 4504 3216 plu-

2565 3241 2675 3288 res
2729 3221 2797 3285 10
2858 3241 2994 3286 1100
3044 3217 3225 3286 tribu
3279 3220 3561 3285 fuissent
3600 3218 3846 3302 virgae.
3890 3224 4066 3283 totus
4101 3217 4379 3301 populus
4423 3215 4504 3282 de

2564 3306 3030 3391 inaequalitate
3073 3324 3197 3372 con
3240 3314 3461 3371 uestus
3504 3303 3691 3370 foret.
3778 3303 3985 3369 Pares
4026 3303 4230 3387 igitur
4276 3322 4503 3369 omnes

2566 3392 2649 3459 ad
2693 3401 3025 3458 certamen
3069 3413 3112 3475 p
3232 3390 3335 3456 1101
3378 3389 3684 3473 oportuit,
3728 3397 3803 3453 ut
3834 3387 4183 3455 discrimen
4209 3397 4385 3454 00001
4416 3409 4502 3454 ex

2564 3498 2747 3545 01010
2782 3478 2911 3543 Dei
2945 3477 3233 3543 arbitrio.
3300 3475 3446 3541 Iam
3479 3475 3537 3544 si
3570 3474 3961 3557 inscriptum
3996 3474 4230 3540 fuisset
4263 3493 4502 3541 000100

2564 3565 2752 3643 Levi,
2789 3563 3087 3648 singulae
3106 3561 3393 3628 familiae
3413 3561 3518 3626 ius
3537 3559 3960 3628 successionis
3993 3567 4305 3642 tanquam
4330 3579 4504 3626 com·

2564 3670 2764 3716 mune
2823 3646 2908 3713 ad
2961 3668 3034 3715 00
3093 3648 3466 3714 traxissent.
3554 3645 3705 3712 Nou
3745 3645 3952 3731 igitur
3993 3644 4124 3710 alia
4164 3645 4289 3710 fuit
4330 3644 4499 3711 ratio

2564 3756 2762 3819 quam
2817 3735 2873 3801 si
2931 3732 3117 3799 Deus
3176 3733 3513 3799 hominem
3566 3752 3773 3797 unum
3839 3751 3876 3795 0
3919 3732 4054 3796 0010
4096 3733 4390 3815 cognatis
4434 3737 4502 3796 et

2565 3820 2917 3887 tribulibus
2961 3817 3285 3884 delectum
3330 3818 3449 3884 toti
3491 3816 3729 3901 populo
3770 3818 4145 3901 praeferret.

2735 3906 2797 3971 4.
2836 3904 3238 3988 Ramnesque
3257 3923 3381 3970 eae.
3438 3901 3545 3970 Ad
3568 3912 3812 3970 certam
3845 3922 4079 3969 causae
4115 3900 4502 3968 decisionem

2568 4011 2700 4058 non
2724 4012 2961 4076 parum
2995 3990 3206 4056 valuit
3240 3989 3366 4055 loci
3387 3988 3898 4067 circumstantia,
3935 3987 4086 4070 quia
4119 3987 4334 4070 palam
4368 3987 4502 4052 fac-

2568 4086 2710 4143 tum
2766 4086 2866 4144 est
2906 4077 3122 4143 Deum
3187 4096 3327 4142 esse
3387 4074 3684 4141 miraculi
3742 4081 4066 4152 autorem,
4112 4094 4188 4138 ac
4230 4070 4503 4156 proinde

2568 4164 2650 4230 ab
2707 4163 2849 4248 ipso
2906 4163 3167 4246 prodire
3224 4160 3679 4227 sacerdotium.
3763 4158 4072 4224 Diximus
4127 4158 4304 4222 enim
4349 4156 4505 4223 alibi

2567 4257 2777 4315 totum
2814 4249 3124 4316 ecclesiae
3159 4249 3451 4331 regimen
3498 4246 3593 4313 sic
3613 4244 3895 4330 pendere
3932 4243 4014 4310 ab
4047 4243 4190 4310 01110
4227 4242 4505 4323 decretu,

2567 4342 2644 4400 ut
2710 4334 2879 4400 nihil
2936 4333 3312 4399 hominibus
3368 4340 3657 4399 statuere
3713 4331 3924 4397 liceat.
4015 4328 4239 4411 Quare
4283 4349 4503 4396 arcam

2564 4420 2846 4487 foederis
2900 4419 3101 4485 totius
3153 4417 3375 4502 populi
3431 4417 3761 4501 suffragiis
3817 4416 4142 4500 opposuit,
4187 4422 4264 4479 ut
4305 4422 4505 4481 testa·

2565 4515 2705 4573 tum
2765 4508 3007 4574 faceret
3062 4505 3143 4570 de
3185 4501 3553 4581 sacerdote,
3596 4522 3784 4587 quem
3832 4522 3950 4567 suo
3994 4499 4235 4566 iudicio
4278 4508 4346 4566 et
4389 4521 4504 4566 au·

2567 4593 2826 4659 toritate
2860 4598 3163 4669 creasset,
3206 4589 3385 4655 litem
3424 4610 3555 4655 non
3593 4609 3734 4657 esse
3768 4586 4050 4670 amplius
4093 4586 4504 4652 movendam.

2567 4678 2834 4744 Interea
2876 4677 3086 4742 valuit
3143 4677 3267 4741 1100
3325 4675 3406 4741 ad
3451 4674 3676 4759 populi
3723 4674 4029 4739 solatium
4077 4681 4142 4737 et
4184 4669 4504 4737 sedandas

2567 4763 3036 4847 querimonias,
3082 4760 3250 4845 quod
3296 4762 3519 4845 virgae
3554 4760 3846 4825 omnium
3893 4757 4180 4823 tribuum
4215 4777 4503 4822 commu-

2565 4850 2739 4915 niter
2779 4850 2848 4914 in
2892 4848 3333 4915 sanctuarium
3379 4848 3601 4912 illatae
3644 4853 3801 4911 suut
3844 4865 4061 4912 coram
4106 4844 4268 4908 Deo.
4355 4841 4505 4907 Etsi

2565 4936 2746 5002 enim'
2796 4938 3064 5019 propria
3113 4934 3238 4999 fuit
3294 4932 3582 5018 dignitas
3638 4929 3843 4997 solius
3887 4930 4186 5005 Aharou,
4225 4948 4357 4992 non
4393 4925 4506 4993 de·

2566 5022 2736 5087 stitit
2770 5030 2992 5086 tamen
3027 5020 3306 5105 populus
3340 5039 3484 5084 0000
3517 5038 3796 5102 regnum
3833 5013 4248 5082 sacerdotale.
4312 5012 4507 5079 Unde

2569 5106 2895 5191 sequitur,
2955 5106 3059 5172 ius
3095 5106 3360 5171 honoris
3411 5104 3836 5189 peculiariter
3890 5102 4006 5165 uni
4062 5099 4348 5164 familiae
4393 5098 4507 5164 da·

2567 5201 2708 5258 tum
2753 5193 3027 5260 cessisse
3068 5193 3138 5257 in
3183 5191 3508 5275 publicam
3544 5187 3835 5255 omnium
3879 5184 4188 5251 salutem:
4248 5194 4509 5252 tantum

2567 5280 2752 5345 abest
2810 5289 2884 5344 ut
2944 5279 3196 5345 iactura
3238 5277 3525 5343 dolorem
3569 5273 3677 5341 vel
3719 5270 4034 5337 invidiam
4080 5272 4352 5357 gignere
4395 5272 4514 5338 de-

2567 5366 2804 5432 buerit.

3998 5458 4098 5513 15*
