5017 6142
610 479 738 549 295

609 670 810 737 huius
884 668 1308 738 habitationis
1389 678 1709 757 aspectus.
1797 673 1932 739 Per
2002 671 2282 741 Cinaeos
2347 682 2568 739 autem

612 755 1016 823 Madianitas
1058 756 1382 842 intelligo,
1433 758 1549 842 qui
1590 757 1978 826 Amalecitis
2022 758 2314 844 contigui
2358 770 2568 842 erant,

613 863 769 908 nam
835 841 918 909 de
981 843 1294 927 progenie
1371 841 1549 910 Ietro
1610 844 1906 928 accipere
1975 865 2247 929 prorsus
2312 844 2567 912 ratione

614 935 828 1008 caret,
886 927 1181 994 nondum
1219 928 1397 994 enim
1441 928 1643 1014 elapsi
1701 940 1895 997 erant
1937 929 2373 1016 quadraginta
2407 930 2567 997 anni

612 1012 1158 1165 ffiassul’anffssm
1172 1035 1413 1166 3¹¹⁰}
1460 1014 1721 1168 &3122
1721 1015 1860 1167 ⁹32¹.
1896 1015 2565 1170 Ἓέῗίἲωηῗῖιῗέἳὲῗῑ

612 1184 727 1253 hic
791 1192 1011 1251 autem
1076 1122 1459 1252 mentigufit
1522 1187 1748 1287 populi
1805 1188 1936 1253 iam
2001 1186 2293 1255 celebris.
2380 1188 2563 1274 Ergo

614 1292 734 1355 per
828 1269 1283 1356 synecdochen
1366 1271 1768 1340 Madianitas
1869 1272 2172 1360 designat
2264 1273 2562 1356 Balaam,

613 1364 683 1423 et
725 1376 836 1422 cos
887 1376 1144 1440 quoque
1184 1356 1360 1425 iuste
1402 1378 1651 1443 poenae
1695 1356 1968 1426 addicit:
2027 1359 2211 1426 cuius
2260 1358 2563 1428 minister

615 1450 684 1508 et
748 1450 1145 1526 exsequutor
1207 1442 1427 1527 aliqua
1490 1465 1575 1510 ex
1639 1453 1826 1528 parte
1886 1444 2015 1511 fuit
2069 1444 2343 1512 Gedeon
2361 1497 2377 1524 ,
2445 1445 2560 1512 ubi

613 1546 767 1594 eum
847 1528 1157 1594 trecentis
1235 1528 1395 1594 viris
1478 1530 1493 1545 '
1591 1539 1809 1597 entem
1893 1530 2253 1598 exercitum
2341 1533 2561 1615 profli-

612 1612 830 1699 gavit:
886 1633 1054 1698 quae
1112 1613 1388 1681 victoria
1440 1551 1823 1683 iffisalmo
1875 1615 1979 1683 53.
2026 1627 2092 1683 et
2146 1616 2274 1683 Isa.
2318 1617 2379 1684 9.
2416 1638 2559 1700 cap.

614 1697 1019 1765 celebratur:
1095 1719 1170 1765 ac
1241 1709 1399 1768 tunc
1463 1702 1799 1785 probabile
1862 1710 1964 1769 est
2028 1702 2289 1770 attritas
2354 1704 2561 1770 fuisse

614 1804 842 1851 eorum
886 1805 1062 1868 opes.

785 1870 888 1937 22.
971 1870 1292 1954 Πεῃαεᾳαο
1335 1873 1568 1939 Assur.
1655 1871 1915 1940 Durum
1974 1883 2077 1941 est
2132 1895 2207 1941 ac
2265 1882 2560 1941 coactum

613 1955 696 2022 de
738 1955 1000 2022 Oinaeis
1046 1957 1356 2041 accipere.
1445 1958 1538 2024 Et
1580 1959 1788 2025 maior
1847 1980 1997 2043 pars
2041 1960 2237 2025 etiam
2286 1981 2562 2027 consen-

618 2041 702 2107 tit
790 2040 874 2106 ad
960 2041 1297 2109 Israelitas
1394 2045 1660 2111 referri:
1745 2066 2119 2130 quanquam
2203 2046 2275 2111 in
2362 2067 2563 2112 sensu

615 2126 912 2194 variant:
973 2128 1128 2211 quia
1170 2128 1562 2196 affirmative
1604 2129 1867 2213 quidam
1911 2131 2174 2216 legunt,
2228 2132 2564 2214 perituros

615 2232 759 2280 esse
818 2212 1096 2280 Oinaeos
1112 2265 1127 2294 ,
1189 2213 1392 2282 donee
1446 2215 1788 2283 Israelitae
1847 2215 1930 2282 ab
1973 2217 2266 2302 Assyriis
2320 2216 2564 2284 devicti

613 2297 1197 2469 amitat?
1265 2301 2136 2472 ῗὴῖῗωὲὲωέῑῗυέῖιῗῖἒ
2154 2304 2562 2455 θὲἑῗὲζὲῗίῗῖ

617 2468 809 2552 Quou
890 2491 974 2536 ue
1019 2473 1233 2537 Assur
1277 2484 1341 2536 te
1398 2473 1732 2557 captivum
1791 2472 2096 2539 habebit?
2184 2474 2292 2541 Ita
2337 2475 2564 2541 existi-

614 2564 802 2623 mant
893 2557 1235 2622 ‘uturnum
1278 2559 1503 2643 populi
1538 2559 1842 2625 exsilium
1879 2558 2111 2625 notari.
2179 2559 2377 2626 Certe
2412 2580 2563 2627 con-

614 2642 832 2709 silium
879 2641 1149 2725 spiritus
1192 2643 1340 2725 fuit,
1384 2665 1501 2728 per
1542 2644 1808 2711 modum
1851 2645 2271 2713 correctionis
2307 2645 2558 2727 docere,

613 2727 986 2795 felicitatem
1071 2725 1287 2814 (cuiue
1377 2740 1573 2797 antea
1643 2731 1766 2796 fuit
1842 2730 2012 2798 facta
2077 2730 2348 2819 mentio)
2409 2734 2610 2817 per-¹

613 2814 877 2879 mistam
919 2813 1058 2879 fore
1101 2814 1413 2899 gravibus
1454 2816 1766 2883 miseriis:
1814 2816 2047 2883 acerba
2089 2819 2264 2884 enim
2308 2838 2416 2884 res
2460 2826 2562 2885 est

613 2901 929 2977 servitus,
985 2900 1237 2966 tristius
1297 2901 1494 2967 etiam
1537 2901 1867 2968 exsilium.
1953 2902 2132 2970 Hinc
2174 2903 2560 2989 colligimus,

613 2984 954 3052 ecclesiam
975 2984 1073 3050 ita
1098 2985 1394 3054 benedici
1419 3007 1459 3052 a
1478 2988 1623 3055 Deo
1645 2996 1719 3055 ut
1746 2988 1948 3055 variis
1976 2998 2198 3055 tamen
2226 2990 2563 3056 aerumnis

610 3071 894 3138 obnoxia
951 3092 1095 3138 esse
1152 3093 1284 3137 non
1345 3071 1629 3141 desinat:
1688 3074 1781 3141 ita
1838 3074 2268 3162 interrogatio
2324 3075 2563 3143 melius

607 3156 976 3226 conveniet.

782 3242 886 3308 24.
943 3241 1032 3310 Et
1085 3263 1278 3310 naves
1339 3243 1417 3311 de
1478 3242 1680 3312 liuore
1746 3243 2015 3313 Chiam.
2105 3245 2385 3313 Minime
2442 3246 2562 3313 du-

613 3327 797 3395 bium
874 3337 973 3395 eet
1053 3328 1386 3396 interdum
1452 3329 1733 3398 Ohittim
1800 3331 2002 3416 accipi
2067 3353 2187 3417 pro
2253 3332 2559 3399 Graecis:

614 3415 846 3482 volunt
904 3413 1170 3499 quidam
1227 3415 1401 3483 solos
1458 3416 1858 3485 Macedonas
1914 3418 2177 3502 proprie
2234 3418 2564 3504 designari

614 3499 738 3568 hoc
781 3501 1077 3567 nomine:
1123 3500 1239 3568 sed
1283 3501 1367 3568 ad
1412 3509 1613 3569 totam
1652 3502 2003 3571 Graeciam
2046 3505 2315 3571 extendi
2356 3512 2561 3589 patet.

614 3584 944 3668 Quoniam
1001 3607 1156 3654 vero
1212 3587 1474 3655 Iudaeis
1524 3609 1658 3655 non
1713 3590 1809 3656 ita
1862 3597 2057 3658 notae
2116 3599 2306 3658 erant
2348 3599 2563 3657 trans·

611 3672 907 3739 marinae
961 3673 1291 3758 regiones,
1351 3681 1425 3739 ut
1481 3695 1592 3741 eas
1649 3673 2163 3761 distinguerent,
2228 3677 2562 3743 interdum

614 3757 699 3825 ad
762 3756 1029 3824 Italiam
1095 3758 1271 3824 idem
1338 3759 1461 3827 hoc
1528 3779 1771 3825 nomen
1837 3761 2167 3846 scriptura
2229 3763 2562 3829 transfert.

614 3845 812 3911 Certe
869 3844 1043 3927 apud
1100 3844 1447 3910 Danielem
1504 3845 1614 3933 (11
1633 3897 1649 3928 ,
1700 3845 1813 3934 30)
1857 3867 2062 3915 naves
2105 3848 2384 3914 Chittim
2487 3868 2564 3914 ro

612 3929 854 3997 italicis
920 3930 1025 3995 vel
1094 3931 1378 3997 romanis
1443 3931 1617 3998 sumi
1683 3954 1949 4000 necesse
2014 3942 2147 4011 est,
2212 3933 2365 4018 quia
2428 3935 2564 4001 ilic

610 4015 933 4101 praedicit
1012 4017 1288 4102 angelus
1353 4038 1558 4084 naves
1623 4017 1901 4084 Obittim
1974 4028 2315 4101 venturas,
2396 4039 2566 4103 quae

613 4100 933 4167 Antiochi
974 4111 1245 4169 conatus
1285 4102 1626 4188 frangant:
1672 4114 1740 4170 et
1772 4104 2053 4171 reddant
2096 4104 2349 4171 irritos:
2437 4105 2565 4171 uod

613 4186 855 4270 Popilii
897 4186 1223 4272 legatione
1266 4189 1511 4256 factum
1554 4210 1697 4257 esse
1740 4190 1899 4257 satis
1942 4191 2165 4273 liquet.
2249 4190 2401 4274 Quo
2481 4190 2564 4256 ad

611 4283 1024 4357 praesentem
1102 4274 1318 4340 locum
1397 4283 1680 4358 spectat,
1744 4275 2031 4361 primum
2098 4275 2337 4344 Graeci
2403 4276 2567 4343 duce

611 4355 997 4424 Alexandro
1043 4369 1175 4425 tam
1197 4359 1511 4426 Iudaeam
1556 4382 1750 4445 quam
1775 4362 2118 4447 Assyriam
2154 4361 2565 4430 afflixerunt:

615 4444 828 4511 altera
870 4443 1104 4511 deinde
1139 4447 1406 4514 afflictio
1442 4456 1720 4531 sequuta
1743 4455 1845 4513 est
1865 4468 1903 4512 a
1924 4447 2262 4515 Romanis.
2309 4448 2562 4514 Verum

613 4530 920 4616 quoniam
968 4531 1049 4597 de
1085 4528 1336 4601 Christi
1381 4553 1587 4617 regno
1630 4531 1982 4600 vaticinari
2024 4533 2234 4618 coepit
2268 4534 2564 4617 Balaam,

659 4615 950 4683 robabile
1008 4628 1109 4684 est
1164 4617 1501 4684 Romanos
1557 4637 1692 4683 una
1748 4639 1900 4685 cum
1932 4618 2220 4687 'Graecis
2272 4641 2564 4706 compre·

613 4637 835 4769 fiendi.
902 4702 1081 4771 Hinc
1125 4725 1283 4770 vero
1327 4702 1567 4770 clarius
1610 4703 1781 4788 quod
1824 4725 2038 4788 nuper
2080 4704 2385 4772 admonui
2420 4728 2567 4792 per-

614 4789 917 4874 spicitur,
975 4790 1145 4857 filios
1197 4790 1326 4856 Dei
1379 4788 1540 4855 adeo
1599 4809 1731 4856 non
1789 4790 1992 4855 eximi
2034 4812 2074 4856 a
2111 4795 2567 4861 communibus

615 4875 810 4941 malis
835 4884 912 4940 ut
938 4877 1304 4959 promiscue
1332 4873 1761 4941 involvantur
1789 4895 1985 4959 saepe
2010 4896 2160 4943 oum
2185 4877 2562 4960 incredulis,

617 4981 693 5028 ac
752 4960 810 5026 si
868 4960 1096 5027 eadem
1151 4967 1323 5027 esset
1378 4979 1649 5043 prorsus
1702 4960 2018 5029 conditio:
2077 4963 2232 5048 quia
2271 4964 2564 5031 Hebraei

614 5046 913 5131 Assyriis
951 5047 1121 5111 fiunt
1162 5065 1353 5129 pares
1417 5052 1484 5111 et
1543 5046 1992 5115 calamitatum
2045 5049 2238 5130 socii,
2301 5049 2567 5117 additur

612 5141 835 5199 tamen
889 5130 1228 5208 solatium,
1293 5129 1441 5197 illos
1493 5132 1693 5199 etiam
1749 5141 1826 5199 ut
1882 5133 2162 5201 Ohittim
2217 5137 2565 5222 perituros,

613 5217 726 5284 ubi
768 5218 841 5284 in
886 5214 1226 5283 ecclesiam
1270 5215 1643 5285 saevierint.
1732 5217 1926 5301 Quod
1982 5220 2246 5287 tandem
2303 5221 2566 5291 subiicit

612 5304 868 5371 Moses:
921 5300 1197 5368 Balaam
1253 5323 1593 5371 reversum
1651 5325 1796 5372 esse
1854 5306 1937 5373 ad
1992 5327 2148 5373 suos
2163 5357 2180 5386 ‚
2241 5316 2308 5375 et
2361 5309 2566 5375 Balac

612 5410 875 5476 quoque
900 5386 1172 5455 rediisse
1208 5389 1289 5456 ad
1316 5390 1529 5458 locum
1564 5411 1781 5473 suum,
1818 5390 1899 5458 ad
1932 5393 2562 5462 commendationem

2030 483 2436 553 REDI'I'US
2483 482 2612 549 AD
2657 479 3202 549 HISTORIAM.

4491 478 4618 547 296

2793 671 2924 739 tiae
2979 670 3109 738 Dei
3153 669 3316 738 facit
3329 721 3346 750 ,

2719 758 2733 772 ‘
2811 758 2939 824 utit
3000 757 3188 841 quasi
3250 756 3381 824 neb
3456 777 3560 838 as,
3622 763 3693 821 et
3755 754 4275 821 machinationes
4340 755 4611 820 evertit:

2666 844 2839 910 sicut
2894 842 3050 910 alibi
3103 843 3228 910 hoc
3285 843 3385 909 sin
3672 839 4061 909 beneficium
4114 841 4185 905 in
4232 840 4613 907 memoriam

2663 944 2929 996 revocat
2963 930 3201 996 Moses.
3269 929 3404 996 Mic
3647 927 3846 994 etiam
3888 926 4063 993 inter
4097 927 4229 993 alia
4248 926 4374 993 Dei
4418 926 4612 994 bene·

2663 1015 2812 1083 ficia
2856 1014 2981 1083 hoc
3038 1013 3296 1081 extollit
3337 1013 3566 1102 (Mich.
3610 1013 3680 1095 6,
3734 1012 3824 1165 52.
3912 1012 4164 1096 Popule
4213 1013 4303 1079 mi
4347 1012 4613 1101 (inquit)

2663 1100 3009 1168 recordare
3066 1100 3257 1184 quale
3312 1099 3538 1167 inierit
3593 1100 3772 1167 consi
3799 1100 3938 1166 ium
3979 1098 4183 1167 Balac
4237 1119 4354 1165 rex
4391 1100 4609 1182 Moab,

2664 1197 2731 1253 et
2777 1186 2931 1272 quid
2984 1186 3398 1271 responderit
3454 1187 3515 1252 ei
3559 1185 3854 1252 Balaam.
3947 1182 4225 1253 Summa
4279 1206 4438 1273 ergo
4493 1194 4611 1268 est,

2661 1274 2944 1358 turpiter
2979 1272 3218 1339 abiisse
3258 1271 3483 1357 populi
3526 1272 3715 1338 electi
3757 1271 3980 1339 hostes
4023 1292 4096 1337 re
4139 1271 4415 1340 infecta:
4461 1292 4611 1357 quo-

2660 1359 2839 1426 niam
2884 1357 3069 1425 Deus
3111 1379 3223 1426 eos
3265 1356 3626 1442 dissipavit.

3447 669 3518 736 ui
3574 688 3884 755 perversa
3937 666 4290 751 impiorum
4343 668 4614 735 consilia

3321 1699 3673 1768 NUMER.
3718 1699 3947 1767 XXV.

2837 1873 2894 1939 1.
2966 1870 3307 1954 Postquam
3381 1878 3586 1939 autem
3661 1873 3896 1939 mansit
3951 1870 4162 1940 Israel
4240 1874 4311 1941 in
4378 1872 4607 1955 sittim,

2662 1957 3183 2041 coepitpopulus
3245 1959 3512 2025 scortari
3576 1977 3715 2024 cum
3778 1957 4034 2040 filiabus
4101 1957 4307 2025 Moab.
4398 1960 4458 2026 2.
4525 1961 4612 2028 Et

2661 2048 3031 2111 vocaverunt
3091 2043 3405 2127 populum
3479 2044 3567 2110 ad
3638 2044 3957 2125 sacrificia
4020 2044 4274 2111 deorum
4334 2065 4608 2129 auorum,

2662 2130 3039 2213 comeditque
3113 2129 3392 2211 popum
3407 2182 3423 2209 ,
3510 2134 3566 2196 et
3638 2130 4059 2196 adoraverunt
4142 2131 4285 2198 deos
4369 2152 4607 2200 earum.

2664 2215 2725 2281 3.
2792 2214 2881 2282 Et
2921 2214 3221 2281 adiunxit
3261 2235 3392 2283 sese
3433 2214 3648 2282 Israel
3690 2216 3821 2297 ipsi
3865 2214 4241 2299 Baaz-peor,
4283 2237 4610 2286 accensus-

2662 2306 2921 2454 m
2964 2299 3731 2454 {mmm
3754 2299 4116 2452 <ssm-
4187 2303 4249 2405 4·
4316 2302 4612 2473 ‘m‘

3226 2407 3262 2454 s
3348 2412 3367 2453 .·
3853 2408 3961 2453 nes
4000 2408 4325 2473 pnncupcs
4566 2412 4606 2470 ι,

2664 2478 2812 2540 tunc
2863 2472 3166 2556 &awende
3224 2493 3324 2539 eos
3378 2472 3675 2553 Ichovae,
3732 2492 3939 2539 coram
3993 2474 4146 2540 sole:
4203 2480 4261 2542 ct
4301 2482 4610 2543 avertetur

2663 2560 2771 2625 ira
2841 2558 3376 2626 excandescentiae
3452 2557 3713 2624 Iehovae
3788 2559 3866 2625 ab
3944 2559 4203 2626 Israelc.
4292 2562 4351 2627 5.
4418 2561 4611 2630 Dixit

2664 2664 2807 2729 erqo
2858 2644 3072 2710 Moses
3112 2644 3201 2710 ad
3239 2644 3478 2710 iudices
3520 2644 3759 2711 Israel.-
3820 2643 4089 2712 ooeidioe
4140 2647 4400 2730 quisquc
4441 2649 4610 2716 viros

2664 2750 2815 2797 suos
2861 2731 2975 2814 qui
3014 2729 3440 2796 adiunxerant
3477 2749 3544 2796 se
3583 2731 3717 2812 ipsi
3759 2728 4121 2813 Baaz-poor.
4212 2733 4271 2799 6.
4337 2733 4427 2799 Et
4468 2755 4608 2814 ecce,

2664 2815 2927 2900 quidam
2991 2816 3067 2883 de
3124 2814 3285 2897 filiis
3344 2815 3558 2882 Israel
3606 2816 3800 2897 venit,
3864 2822 3924 2882 et
3976 2817 4247 2885 adduxit
4302 2819 4611 2903 fratribus

2664 2902 2805 2969 suis
2861 2900 3351 2968 Madianitidem
3405 2901 3477 2968 in
3526 2901 3725 2968 oculis
3780 2901 3989 2969 Mosis
4047 2908 4231 2988 atque
4289 2906 4363 2972 in
4416 2907 4612 2973 oculis

2665 2988 2855 3055 totius
2939 2988 3425 3073 oonyreqationis
3510 2986 3795 3069 filiorum
3876 2988 4115 3056 Israel.-
4203 2991 4333 3074 ipsi
4408 2996 4611 3059 aedem

2662 3073 2889 3157 flebant
2942 3074 3029 3140 ad
3072 3073 3297 3140 ostium
3349 3073 3731 3141 tabernaculi
3784 3075 4222 3144 conventionis.
4313 3077 4370 3144 7.
4436 3078 4613 3160 Quod

2667 3179 2862 3245 quum
2931 3158 3192 3227 vidisset
3262 3158 3529 3226 Phimes
3584 3159 3767 3241 filius
3831 3159 4112 3228 Eleazar
4169 3163 4298 3245 filii
4351 3163 4613 3231 Aharon

2666 3246 3025 3326 sacerdotis,
3066 3247 3346 3312 surrexit
3386 3246 3461 3311 dc
3501 3245 3703 3312 medio
3743 3248 4244 3331 confimationi-5,
4288 3254 4346 3315 et
4385 3251 4615 3332 accepit

2669 3332 2949 3398 lanceam
3021 3332 3096 3397 in
3171 3351 3366 3398 mama
3439 3352 3577 3398 sua.
3667 3330 3728 3397 8.
3796 3331 4252 3418 Inyreseuequc
4329 3340 4419 3402 eet

2665 3422 2878 3484 virum
2941 3415 3155 3483 Israel
3212 3418 3287 3483 in
3349 3417 3844 3500 tabernaculum,
3907 3422 3966 3483 ct
4025 3421 4344 3504 transfluit
4404 3423 4613 3489 ambos

2667 3505 2858 3588 ipsae,
2901 3503 3114 3569 virum
3158 3501 3367 3569 Israel
3407 3508 3463 3569 et
3502 3503 3826 3570 mulierem
3865 3503 4049 3570 inum
4090 3507 4162 3572 in
4201 3512 4410 3574 ventre
4448 3509 4616 3575 eius:

2665 3595 2722 3656 ct
2751 3608 3035 3673 repressa
3071 3589 3200 3671 fuit
3231 3588 3426 3674 playa
3466 3588 3629 3671 filiis
3672 3590 3915 3656 Israel.-
3957 3590 4017 3657 9.
4078 3590 4167 3658 Et
4206 3594 4435 3661 mortui
4466 3599 4612 3660 sunt

2652 3676 2854 3761 playa
2893 3674 3011 3744 illa
3051 3679 3323 3758 quatuor
3361 3679 3417 3740 et
3454 3675 3681 3760 viyinti
3717 3675 3943 3741 malda.

2839 3848 2897 3914 1.
2969 3844 3311 3930 Postquam
3379 3851 3583 3912 autem
3649 3847 3903 3914 mansit.
3987 3848 4092 3913 Ex
4170 3847 4295 3917 hac
4350 3849 4606 3918 demum

2667 3932 2943 3999 historia
3000 3931 3311 4034 discimus
3365 3932 3675 4016 populum
3721 3932 3931 4000 nihilo
3976 3934 4187 4019 magis
4230 3956 4610 4021 prosperam

2664 4019 2997 4085 fortunam
3050 4019 3276 4085 tulisse
3330 4037 3527 4102 quam
3571 4017 3934 4085 adversam.
4025 4019 4242 4087 Antea
4290 4023 4396 4088 vel
4439 4024 4609 4090 labo-

2667 4105 2760 4207 ris
2812 4105 3130 4189 pertaesi,
3189 4103 3299 4206 vel
3340 4103 3595 4171 inediae
3638 4112 3704 4169 et
3746 4104 3937 4172 famis
3977 4106 4428 4190 impatientes,
4471 4131 4608 4210 sae:

2667 4190 3883 4362 geffionteffullizlbffiittzabiflz‘t'nmiiigigtslstia
3895 4191 4243 4344 coggffifit
4266 4196 4610 4368 ῃξῃῃοαέτξὲ

2667 4364 3046 4442 fructuosis,
3091 4360 3427 4429 commoda
3471 4360 3869 4430 habitatione
3914 4374 3980 4428 et
4023 4366 4393 4433 amoeniore
4435 4370 4609 4435 victu

2666 4449 3028 4517 incitantur
3071 4448 3153 4515 ad
3197 4447 3565 4529 lasciviam,
3626 4461 3695 4513 ut
3738 4447 3944 4514 foedis
4002 4448 4468 4534 cupiditatibus
4513 4456 4606 4519 in-

2668 4534 3001 4620 dulgeant.
3088 4532 3335 4599 Narrat
3392 4541 3612 4600 autem
3653 4534 3907 4614 Moses,
3958 4546 4303 4619 postquam
4357 4537 4610 4605 libidini

2667 4640 2824 4688 suae
2881 4619 3112 4686 fraena
3165 4619 3506 4699 laxarunt,
3563 4619 3645 4687 ad
3703 4620 4122 4687 scortandum
4164 4622 4360 4689 simul
4419 4635 4488 4690 et
4528 4623 4609 4691 ad

2665 4705 3102 4806 idololatriam
3188 4705 3391 4806 fuisse
3476 4706 3830 4806 prolapsos.
3918 4705 4310 4775 Videbimus
4360 4721 4610 4812 ‘postea

2665 4791 2894 4944 ἴίῃῃῗιει
2897 4790 3103 4977 os1113assl
3105 4790 3639 4978 agssstiguefrfflgze
3653 4792 3977 4945 Igaffiffig
3990 4929 4008 4960 ,
4026 4794 4610 4968 Πεῖιιὲοῗιέιιξὲθρξῖ

2664 4964 2939 5030 licerent
2981 4985 3118 5030 suis
3160 4963 3495 5031 blanditiis
3549 4964 3631 5029 ad
3678 4963 3915 5048 impios
3957 4965 4193 5031 cultus.
4341 4979 4610 5052 xpertus

2667 5057 2810 5116 erat
2865 5048 3171 5128 Balaam,
3230 5050 3358 5115 Dei
3415 5050 3704 5117 favorem
3762 5049 4087 5117 invictum
4144 5072 4285 5118 esse
4326 5073 4608 5140 propug-

2667 5135 2978 5202 naculum
3043 5135 3346 5203 omnibus
3413 5136 3609 5203 noxis
3662 5156 3702 5201 a
3758 5135 4003 5219 populo
4068 5136 4384 5206 arcendis.
4473 5140 4608 5207 Ra-

2666 5222 2910 5288 tionem
2968 5241 3125 5307 ergo
3183 5222 3440 5289 invenit
3481 5243 3609 5306 qua
3653 5241 3725 5288 se
3768 5222 3944 5306 ipsos
4034 5221 4300 5305 erdant,
4366 5226 4422 5292 si
4478 5245 4604 5292 non

2666 5315 2925 5374 tantum
2993 5328 3065 5374 se
3128 5307 3461 5375 denudent
3590 5308 3943 5374 rotectione
4076 5308 4169 5389 ei,
4441 5311 4604 5377 iram

2666 5394 2809 5460 eius
2843 5394 2912 5458 in
2959 5413 3030 5462 se
3072 5402 3442 5479 provocent.
3575 5414 3650 5461 oc
3690 5394 3893 5480 igitur
3934 5393 4195 5461 flabello
4234 5395 4604 5465 incendium
