5017 6142
530 447 660 515 231

715 634 775 701 5.
830 632 922 699 Et
975 633 1103 701 erit
1152 633 1259 699 vir
1317 650 1494 716 quem
1557 629 1799 715 eleyero.
1893 631 2162 698 Electus
2218 630 2480 714 quidem

548 728 700 787 ante
752 719 969 785 fuerat
1021 718 1325 784 Aharon:
1383 717 1499 784 sed
1564 715 1686 783 hoc
1748 715 1833 782 ad
1889 716 2478 782 manifestationem

539 806 856 872 refertur:
901 806 1053 888 quia
1095 805 1278 870 Deus
1314 824 1474 887 quos
1513 822 1753 869 arcano
1791 821 1910 869 suo
1953 801 2223 868 consilio
2262 800 2481 887 elegit,

544 890 779 958 dicitur
821 912 1053 957 rursus
1093 890 1351 974 eligere,
1397 886 1553 953 dum
1597 908 1707 953 eos
1742 909 1894 954 cum
1936 889 2071 953 suis
2113 886 2481 972 insignibus

541 976 849 1062 producit
888 977 963 1041 in
1020 984 1438 1058 conspectum
1495 973 1864 1039 hominum:
1925 994 2134 1057 neque
2175 971 2242 1037 id
2278 972 2477 1039 semel

544 1070 807 1128 tantum
825 1112 841 1139 ,
901 1057 1016 1128 sed
1074 1063 1322 1144 quoties
1379 1059 1572 1125 novis
1617 1058 1823 1142 signis
1866 1057 2249 1125 electionem
2291 1077 2478 1124 suam

545 1148 907 1215 confirmat.
993 1149 1209 1230 Atque
1263 1145 1387 1212 hcc
1442 1165 1561 1229 per
1605 1144 1868 1209 modum
1909 1144 2340 1211 concessionis
2384 1144 2480 1208 vi·

544 1231 739 1299 detur
781 1231 1025 1299 dictum
1068 1250 1243 1297 esse:
1287 1253 1363 1298 ac
1405 1232 1462 1296 si
1504 1229 1687 1296 Deus
1731 1230 1989 1296 omissis
2032 1228 2480 1313 superioribus

550 1319 844 1398 decretis,
868 1316 1179 1401 populum
1202 1326 1469 1383 vocaret
1491 1315 1572 1382 de
1595 1316 1847 1400 integro
1870 1314 1953 1380 ad
1990 1334 2221 1380 causae
2256 1314 2478 1399 cogni-

546 1405 813 1470 tionem.
901 1403 1079 1468 Dicit
1137 1411 1356 1468 autem
1390 1401 1514 1468 hac
1558 1403 1814 1467 ratione
1856 1422 1927 1467 se
1968 1402 2167 1466 finem
2212 1400 2478 1484 imposi-

549 1498 773 1556 turum
816 1489 1097 1555 sinistris
1140 1498 1206 1553 et
1263 1486 1660 1570 obstreperis
1714 1485 1937 1570 populi
1993 1485 2477 1552 obtrectationi·

545 1574 689 1655 bus,
730 1582 809 1640 ut
850 1574 1121 1640 Aharon
1176 1572 1447 1656 posthac
1503 1572 1646 1638 sine
1690 1571 2139 1638 controversia
2179 1577 2479 1637 exerceat

543 1680 788 1726 munus
844 1677 1071 1725 suum:
1121 1660 1275 1742 quia
1330 1659 1453 1724 etsi
1511 1678 1595 1722 ne
1638 1659 1729 1723 ita
1773 1656 2032 1741 quidem
2074 1658 2337 1740 penitus
2382 1677 2480 1722 sa-

545 1752 702 1812 nata
747 1744 872 1810 fuit
913 1745 1326 1829 perversitas,
1370 1744 1643 1809 audacia
1684 1753 1905 1808 tamen
1947 1742 2233 1810 cohibita
2272 1742 2420 1807 fuit.

718 1832 778 1897 8.
819 1829 1133 1896 Postridie
1168 1831 1332 1895 venit
1365 1828 1593 1895 Moses,
1649 1828 1800 1894 Non
1837 1829 1952 1895 abs
1986 1848 2058 1893 re
2078 1837 2341 1912 tempus
2366 1847 2477 1892 no-

549 1924 758 1983 tatur:
795 1918 950 1999 quia
1005 1935 1133 1979 una
1196 1924 1453 1979 tantum
1490 1923 1682 1980 nocte
1725 1915 2126 1996 interposita,
2170 1924 2245 1978 ut
2288 1913 2478 1997 virga

538 2004 804 2068 floreret
845 1998 1028 2065 nulla
1071 1999 1333 2066 solertia
1373 1999 1518 2064 fieri
1562 2001 1783 2082 potuit.
1852 1998 2044 2081 Quod
2090 1999 2285 2064 etiam
2329 1998 2474 2063 Mo-

542 2107 650 2154 ses
687 2085 889 2170 virgis
923 2087 990 2149 in
1026 2084 1387 2151 sanctuario
1408 2084 1636 2150 locatis
1671 2084 1986 2163 discessit,
2024 2104 2098 2149 ac
2131 2082 2478 2167 prestridie

544 2191 852 2238 reversus
904 2170 1281 2236 fasciculum
1339 2170 1674 2254 virgarum
1732 2170 2005 2253 protulit
2052 2189 2269 2236 coram
2340 2190 2476 2234 om-

546 2257 758 2334 nibus,
804 2257 958 2322 hinc
1000 2254 1256 2321 sublata
1290 2256 1413 2320 fuit
1455 2255 1702 2321 fraudis
1744 2256 2043 2338 suspicio.
2110 2253 2243 2321 Sed
2289 2255 2360 2319 in
2404 2274 2479 2320 eo

543 2342 888 2427 praecipue
921 2341 1248 2406 illustrata
1278 2341 1404 2406 fuit
1437 2339 1567 2406 Dei
1602 2341 1908 2424 potentia,
1953 2339 2121 2423 quod
2168 2352 2300 2405 tam
2337 2339 2479 2406 exi-

547 2450 677 2514 guo
731 2428 1041 2511 temporis
1098 2426 1308 2509 spatio
1379 2447 1509 2492 non
1574 2435 1831 2491 tantum
1891 2427 2082 2492 flores
2153 2446 2235 2491 ex
2296 2425 2479 2490 arido

546 2534 730 2580 ramo
748 2563 764 2591 ,
822 2511 932 2578 sed
987 2512 1233 2578 fructus
1288 2531 1539 2595 quoque
1598 2511 1860 2577 formati
1902 2518 2089 2577 sunt:
2135 2508 2305 2595 quod
2350 2510 2482 2577 nisi

545 2618 860 2666 converso
914 2606 1190 2663 naturae
1240 2596 1465 2662 ordine
1519 2596 1809 2663 accidere
1852 2617 1983 2662 non
2028 2598 2259 2681 potuit.
2349 2599 2471 2663 Ac·

544 2684 739 2750 cessit
791 2683 945 2748 anni
990 2691 1264 2765 tempus,
1323 2680 1488 2765 quod
1535 2691 1755 2748 tantae
1798 2683 2165 2748 maturitati
2207 2681 2480 2748 minime

544 2777 773 2854 aptum
835 2776 995 2834 erat.
1082 2768 1298 2850 Atque
1353 2767 1475 2833 hcc
1529 2768 1793 2851 quidem
1848 2768 2165 2833 miraculo
2228 2767 2480 2833 sancita

544 2854 673 2921 fuit
731 2853 1101 2919 umbratilis
1159 2851 1503 2918 sacerdotii
1549 2853 1838 2937 dignitas
1880 2854 1953 2917 in
1989 2853 2228 2937 populo
2274 2853 2478 2918 veteri

541 2939 664 3007 sub
700 2940 863 3023 lege.
929 2936 1066 3005 Sed
1098 2947 1343 3021 quant-o
1378 2939 1809 3023 praestantior
1842 2948 1947 3005 est
1980 2939 2227 3005 veritas
2271 2940 2482 3023 figura

542 3024 650 3093 vel
693 3024 996 3108 imagine,
1053 3023 1395 3090 consilium
1449 3022 1575 3089 Dei
1620 3022 1796 3090 haud
1838 3021 2032 3089 dubie
2074 3024 2216 3103 fuit,
2271 3045 2482 3091 sacer-

542 3109 792 3176 dotium
838 3107 1161 3194 unigeniti
1205 3109 1321 3174 filii
1364 3112 1466 3175 sui
1504 3110 1713 3194 magis
1758 3129 1954 3193 quam
2008 3108 2341 3177 Aharonis
2383 3131 2482 3176 as-

542 3215 778 3262 serere.
864 3195 1099 3281 Itaque
1157 3193 1239 3261 ad
1297 3215 1416 3260 nos
1459 3197 1744 3261 maxime
1786 3194 2074 3279 pertinet
2118 3195 2314 3261 huius
2357 3196 2478 3260 mi-

543 3280 749 3347 raculi
791 3279 1058 3359 utilitas,
1102 3288 1179 3344 ut
1220 3300 1349 3363 qua
1391 3278 1574 3346 decet
1618 3281 2036 3346 veneratione
2078 3280 2481 3349 sacerdotem

545 3366 732 3432 nobis
775 3364 1093 3432 divinitus
1148 3365 1437 3431 oblatum
1492 3366 1981 3450 amplectamur.
2048 3366 2343 3434 Frivolas
2389 3367 2481 3431 al-

542 3450 827 3536 legorias
880 3452 1116 3534 quibus
1177 3451 1288 3517 alii
1334 3450 1598 3531 ludunt,
1664 3453 1912 3533 omitto.
2000 3452 2091 3518 Et
2149 3461 2322 3519 certe
2367 3452 2479 3518 ab·

542 3536 720 3602 unde
754 3537 1050 3602 sufficere
1084 3536 1270 3602 nobis
1306 3536 1513 3615 debet,
1551 3537 1705 3602 olim
1741 3538 1862 3603 sub
1901 3537 2141 3603 visibili
2185 3537 2479 3622 symbolo

543 3622 920 3705 apparuisse
959 3621 1085 3686 Dei
1127 3623 1506 3704 potentiam,
1544 3644 1708 3706 quae
1748 3622 2058 3706 populum
2105 3623 2187 3688 ad
2234 3624 2476 3689 media·

539 3716 749 3772 torem
808 3705 1156 3790 dirigeret:
1204 3708 1315 3772 ubi
1363 3718 1580 3772 autem
1625 3707 1890 3774 advenit
1937 3709 2111 3775 filius
2154 3709 2300 3790 Dei,
2345 3710 2476 3793 spi-

539 3791 871 3858 ritualiter
925 3793 994 3856 in
1052 3793 1193 3875 ipso
1250 3793 1447 3858 fuisse
1519 3794 1882 3860 exhibitum
1944 3793 2258 3878 quidquid
2316 3804 2476 3862 tunc

538 3877 742 3945 oculis
769 3876 1322 3961 repraesentabat.
1387 3878 1613 3962 Neque
1649 3880 1823 3945 enim
1860 3888 2117 3945 tantum
2163 3881 2288 3945 fuit
2330 3902 2472 3947 sur-

539 3964 726 4030 culus
762 3984 846 4029 ex
881 3972 1113 4029 trunco
1133 3962 1285 4042 Isai,
1323 3975 1397 4029 ut
1431 3972 1700 4030 vocatur
1737 3964 1908 4048 apud
1933 3966 2171 4031 Isaiam
2218 3965 2349 4052 (11,
2390 3965 2474 4054 1),

540 4058 607 4115 et
647 4050 814 4132 lapis
874 4049 1057 4114 nulla
1098 4048 1438 4115 hominum
1483 4063 1625 4116 arte
1669 4050 1772 4116 vel
1806 4071 2005 4135 opera
2047 4051 2307 4134 politus,
2352 4054 2473 4119 sub

540 4155 667 4218 qua
724 4135 934 4200 forma
967 4132 1231 4200 Danieli
1276 4133 1361 4221 (2,
1405 4133 1519 4222 45)
1553 4144 1852 4202 ostensus
1894 4136 2050 4201 fuit:
2095 4136 2209 4203 sed
2250 4158 2471 4204 resur-

541 4221 826 4286 rectione
884 4241 1002 4286 sua
1057 4240 1097 4285 a
1140 4228 1276 4286 toto
1318 4219 1607 4286 humano
1695 4242 1892 4288 enere
1936 4229 2283 4306 separatus
2327 4224 2468 4290 fuit.

538 4306 709 4371 Nam
768 4314 836 4371 et
878 4305 1001 4372 hoc
1043 4305 1391 4390 diligenter
1435 4316 1628 4373 notan
1678 4329 1790 4372 um
1836 4315 1951 4387 est,
1998 4327 2132 4374 non
2175 4309 2471 4375 sufficere

539 4393 594 4458 si
654 4387 827 4474 apud
880 4411 1001 4457 nos
1055 4391 1158 4458 ius
1200 4401 1267 4457 et
1305 4412 1546 4458 nomen
1590 4393 1943 4460 sacerdotis
1986 4394 2298 4474 obtineat,
2342 4395 2472 4462 nisi

538 4478 627 4544 sit
664 4477 841 4544 solus
884 4488 950 4541 et
992 4478 1061 4542 in
1105 4477 1405 4545 solidum.
1491 4477 1686 4545 Unde
1727 4488 1996 4563 apparet
2039 4479 2225 4547 foedo
2267 4488 2334 4546 et
2371 4482 2472 4545 in-

534 4562 861 4630 tolerabili
896 4563 1235 4649 sacrilegio
1271 4564 1410 4631 eius
1447 4565 1758 4631 honorem
1797 4565 2068 4631 lacerari
2102 4566 2172 4631 in
2210 4576 2470 4650 papatu,

537 4648 651 4714 ubi
692 4648 1022 4713 innumeri
1066 4651 1404 4733 finguntur
1451 4650 1858 4716 mediatores.

709 4734 812 4801 10.
858 4733 1054 4801 Dixit
1107 4733 1336 4801 Iehova
1379 4736 1466 4802 ad
1509 4736 1749 4801 Mosen.
1854 4735 2044 4818 Quod
2107 4736 2188 4803 de
2233 4738 2474 4804 acerris

533 4829 957 4905 praeceperat
993 4821 1177 4886 Deus
1211 4841 1387 4886 nunc
1419 4821 1487 4885 in
1532 4822 1723 4905 virga
1757 4821 1952 4887 etiam
1989 4824 2239 4889 servari
2273 4822 2471 4904 iubet,

536 4917 611 4973 ut
647 4906 735 4973 sit
778 4906 923 4971 aliis
957 4906 1237 4973 saeculis
1272 4917 1786 4986 monumentum,
1831 4908 1980 4990 quia
2023 4909 2272 4976 scilicet
2314 4908 2471 4974 obli·

535 4992 701 5059 viosi
748 5000 903 5057 sunt
945 4999 1013 5057 et
1068 4992 1291 5076 ignavi
1337 4992 1637 5059 homines
1686 4993 1756 5056 in
1806 4994 2294 5062 considerandis
2336 4995 2474 5061 eius

534 5077 868 5161 operibus:
945 5098 1155 5161 neque
1227 5077 1292 5142 id
1353 5077 1544 5143 modo
1563 5129 1578 5155 ‚
1637 5077 1752 5143 sed
1807 5097 2032 5144 eorum
2091 5082 2474 5146 memoriam

534 5164 718 5248 quasi
755 5161 907 5227 data
941 5183 1140 5246 opera
1175 5163 1462 5248 maligne
1497 5161 1837 5247 sepeliunt.
1902 5164 2131 5247 Itaque
2164 5187 2294 5232 non
2332 5167 2476 5232 sine

534 5248 1035 5333 exprobratione
1099 5249 1325 5332 reponi
1397 5248 1578 5315 iubet
1640 5251 1711 5314 in
1776 5249 2139 5317 custodiam
2214 5252 2475 5337 signum

532 5333 716 5415 illud,
751 5335 1198 5401 contumaciae
1243 5356 1465 5401 eorum
1511 5355 1706 5401 causa
1748 5335 1815 5400 id
1853 5337 1992 5401 fieri
2041 5335 2280 5403 dicens.
2374 5336 2477 5405 Si-

1942 440 2348 511 REDI'PUS
2393 441 2525 508 AD
2566 440 3112 511 HISTORIAM.

4388 437 4521 506 232

2586 629 2727 694 mul
2782 638 3000 696 tamen
3049 638 3396 714 paternum
3462 651 3653 696 suum
3715 649 3997 696 amorem
4045 636 4110 695 et
4152 628 4518 695 misericor-

2587 714 2763 781 diam
2798 714 3230 795 commendat,
3267 714 3439 799 quod
3475 736 3699 783 eorum
3747 714 4118 799 superbiam
4140 714 4301 780 casti
4386 711 4520 779 ndo

2585 800 2782 868 saluti
2823 802 3138 868 consulat.

2584 887 2779 953 novis
2834 887 3109 954 subinde
3153 887 3389 972 iurgiis
3432 895 3896 971 provocassent
3937 887 4080 953 eius
4120 887 4306 951 iram,

2586 972 2675 1038 cit
2734 992 2889 1058 ergo
2934 994 3006 1038 se
3049 991 3415 1053 occurrere,
3476 982 3543 1040 et
3585 973 3904 1040 furiosum
3948 973 4038 1037 im
4125 979 4264 1037 tum
4307 971 4520 1055 repri-

2584 1078 2763 1123 mere
2806 1079 2891 1124 ne
2935 1058 3313 1124 moriantur.
3402 1058 3508 1123 Ita
3543 1080 3663 1124 nos
3700 1058 4020 1123 humilian
4067 1078 4105 1122 o
4148 1077 4283 1123 non
4323 1054 4519 1122 modo

2585 1163 2863 1227 poenam
2922 1144 3126 1210 sumit
3184 1143 3264 1209 de
3319 1144 3562 1210 nostris
3621 1144 3875 1210 delictis
3898 1194 3914 1223 ,
3973 1142 4086 1208 sed
4136 1140 4289 1225 quid
4333 1140 4520 1208 nobis

2585 1229 2745 1294 utile
2805 1229 2892 1295 sit
2935 1229 3305 1312 respiciens,
3342 1250 3565 1296 curam
3599 1231 3806 1296 nostri
3850 1249 3920 1295 se
3966 1227 4209 1293 habere
4253 1226 4517 1294 demon-

2583 1319 2771 1380 strat.

2760 1400 2857 1465 12.
2916 1397 3007 1464 Et
3045 1399 3343 1466 dixerunt
3385 1400 3512 1482 fini
3571 1400 3798 1466 Israel.
3876 1398 4023 1465 Hoc
4079 1398 4339 1483 quidem
4399 1398 4518 1463 ali-

2582 1495 2826 1569 quanto
2860 1484 3100 1550 melius
3134 1484 3277 1565 fuit,
3314 1485 3743 1552 admiratione
3778 1485 4104 1569 potentiae
4125 1484 4253 1549 Dei
4285 1482 4520 1549 terreri

2582 1590 2773 1655 quam
2812 1572 2867 1636 si
2906 1571 3098 1636 bruto
3142 1580 3408 1655 stupore
3449 1591 3592 1637 eam
3636 1570 4070 1655 sprevissent:
4114 1569 4227 1636 sed
4272 1568 4524 1654 aliquid

2583 1657 2757 1722 inter
2813 1664 3144 1739 torporem
3199 1657 3300 1722 vel
3361 1657 3866 1742 contumaciam,
3908 1665 3976 1722 et
4013 1657 4189 1721 inter
4230 1664 4519 1722 conster-

2584 1742 2912 1809 nationem
2967 1741 3253 1807 medium
3323 1751 3439 1809 est.
3524 1742 4060 1809 Contremiscunt
4116 1739 4373 1825 quidem
4440 1741 4519 1805 fi-

2585 1827 2760 1893 deles
2812 1826 2894 1891 ad
2953 1826 3194 1894 iudicia
3236 1825 3383 1910 Dei,
3428 1837 3491 1893 et
3535 1849 3661 1912 quo
3704 1828 3976 1912 quisque
4019 1826 4229 1912 magis
4271 1827 4343 1891 in
4378 1826 4518 1909 pie-

2583 1920 2719 1979 tate
2752 1912 3042 1997 profecit,
3087 1932 3284 1979 sensu
3322 1914 3460 1978 irae
3494 1915 3705 2000 magis
3748 1913 4141 1997 percellitur.
4209 1910 4345 1977 Sed
4390 1932 4519 1977 me·

2585 2007 2693 2064 tus
2751 1999 2863 2063 ille
2914 1997 3007 2064 sic
3060 1998 3288 2064 fideles
3346 1998 3652 2065 humiliat
3700 2010 3776 2065 ut
3819 1999 4032 2065 Deum
4091 1996 4521 2063 nihilominus

2583 2092 2932 2168 quaerant:
2970 2083 3230 2168 reprobi
3254 2091 3472 2151 autem
3493 2086 3585 2152 sic
3607 2094 4054 2169 expavescunt
4075 2092 4149 2149 ut
4180 2082 4521 2149 fremendo

2584 2170 2855 2254 cupiant
2907 2167 3128 2235 Deum
3187 2170 3412 2255 procul
3468 2191 3509 2236 a
3571 2193 3643 2237 se
3695 2171 3976 2256 abigere.
4053 2169 4231 2236 Hinc
4274 2169 4520 2236 factum

2583 2263 2687 2322 est
2737 2263 2809 2320 ut
2850 2254 3207 2336 Israelitae,
3251 2256 3435 2339 quasi
3469 2256 3672 2322 nimio
3716 2255 3843 2322 Dei
3883 2256 4101 2341 rigore
4144 2253 4518 2331 exanimati,

2584 2342 2890 2406 miseram
2948 2362 3135 2409 suam
3177 2351 3417 2408 sortem
3477 2340 3893 2409 defleverint:
3951 2343 4104 2427 quia
4145 2361 4345 2424 quum
4390 2340 4521 2405 Dei

2584 2427 2942 2492 bonitatem
2989 2447 3119 2492 non
3163 2436 3527 2512 gustarent,
3585 2428 3928 2513 castigatio
3971 2427 4102 2493 illis
4135 2446 4265 2492 non
4311 2424 4518 2491 medi·

2584 2513 2767 2597 cina,
2822 2510 2935 2579 sed
2993 2513 3370 2580 carnificina
3412 2513 3556 2579 fuit.
3645 2513 4039 2580 Exclamant
4081 2514 4282 2598 igitur
4325 2511 4406 2577 de
4448 2532 4522 2577 se

2586 2604 2803 2664 actum
2863 2617 3038 2678 csse,
3087 2601 3240 2680 quia
3281 2597 3469 2665 Deus
3511 2606 3648 2664 tam
3694 2619 3964 2666 severus
4006 2598 4094 2665 sit
4181 2597 4371 2664 olluti
4414 2597 4520 2663 sui

2585 2684 2797 2749 cultus
2833 2683 3113 2750 vindex:
3157 2685 3339 2767 quasi
3383 2705 3539 2751 vero
3582 2685 3803 2750 omnia
3845 2684 4082 2769 rigoris
4171 2691 4521 2750 ocumenta

2584 2790 2715 2834 non
2773 2770 2952 2854 ipsos
2997 2769 3246 2836 utiliter
3288 2769 3369 2835 ad
3414 2770 3777 2837 cavendum
3821 2780 4103 2836 attentos
4146 2767 4516 2835 redderent.

2582 2853 2685 2922 Ac
2733 2855 2988 2921 servilis
3042 2854 3303 2939 quidem
3360 2856 3484 2923 iste
3536 2859 3733 2922 tim0r
3802 2854 4150 2939 aliquando
4219 2855 4521 2920 homines

2580 2949 2930 3025 praeparat
2982 2940 3064 3005 ad
3125 2942 3623 3024 poenitentiam:
3687 2940 3802 3008 sed
3860 2941 4026 3007 nihil
4094 2940 4520 3024 periculosius

2584 3047 2782 3110 quam
2838 3026 2907 3091 in
2965 3047 3042 3093 eo
3089 3026 3476 3093 subsistere:
3531 3027 3685 3112 quia
3744 3029 3957 3110 primo
4016 3025 4519 3091 amarulentiam

2585 3120 2861 3197 generat
2912 3121 2978 3177 et
3021 3112 3554 3197 indignationem,
3599 3111 3865 3178 tandem
3908 3130 4066 3179 vero
4102 3111 4183 3177 ad
4221 3111 4521 3195 despera-

2585 3198 2829 3264 tionem
2883 3198 3284 3281 praecipitat.
3371 3198 3720 3282 Utcunque
3776 3218 3932 3283 ergo
3969 3197 4390 3264 formidabilis
4432 3199 4523 3263 sit

2584 3283 2711 3348 Dei
2752 3283 2961 3369 rigor,
3019 3283 3343 3350 discamus
3385 3284 3578 3351 simul
3629 3282 4117 3368 apprehendere
4154 3283 4295 3349 eius
4329 3282 4522 3348 mise·

2584 3368 2932 3435 ricordiam
2991 3379 3066 3434 ut
3119 3370 3481 3436 mansuetis
3533 3389 3608 3436 ac
3650 3369 3922 3454 placidis
3971 3370 4207 3435 animis
4239 3367 4523 3435 libenter

2584 3455 2667 3520 ad
2726 3454 3028 3522 ferendas
3086 3476 3247 3539 quas
3305 3456 3520 3521 meriti
3569 3476 3795 3522 sumus
3837 3476 4083 3539 poenas
4126 3455 4353 3520 simus.
4437 3453 4520 3520 In

2583 3561 2877 3621 summa,
2923 3540 3111 3606 docet
3154 3542 3262 3608 hic
3306 3542 3486 3608 locus
3537 3562 3731 3625 quam
3768 3541 3939 3608 male
3982 3539 4380 3624 profecerint
4421 3540 4523 3605 Is-

2582 3625 2868 3706 raelitae‚
2917 3647 3079 3710 quos
3124 3626 3265 3694 Dei,
3308 3627 3553 3693 ferulae
3607 3628 3701 3694 sic
3756 3636 4233 3710 exasperarunt
4281 3634 4359 3691 ut
4399 3626 4522 3691 sibi

2581 3732 2765 3796 spem
2800 3712 3030 3779 salutis
3073 3712 3538 3796 praeciderent.
3597 3713 3789 3778 Acin
3837 3715 3967 3778 fine
3992 3732 4221 3778 versus
4264 3712 4526 3777 obmur-

2580 3807 2865 3879 murant,
2908 3798 3031 3863 sibi
3078 3797 3244 3863 nihil
3277 3798 3423 3864 fieri
3466 3797 3821 3866 residuum.
3883 3797 4032 3864 Hoc
4074 3798 4249 3862 enim
4285 3804 4523 3862 sonant

2580 3884 2812 3950 verba:
2857 3884 2967 3950 An
3004 3884 3337 3950 moriendo
3371 3882 3874 3950 consumemur?
3917 3885 4102 3967 quasi
4134 3903 4292 3950 vero
4336 3881 4524 3947 Deus

2578 3990 2706 4035 non
2766 3970 3185 4036 retraherent
3221 3971 3397 4054 ipsos
3439 3990 3479 4034 a
3520 3978 3750 4050 morte,
3794 3989 3998 4053 quum
4040 3988 4164 4052 pro
4206 3968 4522 4035 sollicitu-

2578 4055 2729 4122 dine
2771 4064 3046 4140 paterna
3089 4054 3168 4121 de
3211 4055 3496 4139 periculo
3540 4076 3647 4123 eos
3689 4064 4001 4121 moneret.
4265 4078 4272 4087 ·

3231 801 3324 869 Ut
3368 803 3542 867 enim
3586 811 3774 867 erant
3818 801 4261 867 contumaciae
4339 798 4518 949 edssti,

4465 907 4516 949 ι-

3146 4393 3496 4463 ΝΠΜΕΒ.
3542 4395 3739 4462 ΟΑΡ.
3785 4395 3944 4462 XX.

2752 4568 2809 4633 1.
2870 4566 3293 4633 Perveneram
3344 4571 3550 4633 autem
3586 4565 3718 4648 filii
3765 4565 3997 4646 Israel,
4041 4567 4341 4633 universa
4380 4586 4519 4633 eon·

2573 4654 2867 4738 qreyatio,
2911 4654 2982 4719 in
3024 4653 3334 4719 desertum
3359 4652 3495 4732 Sin,
3538 4672 3743 4719 mense
3761 4653 3998 4735 prime,
4042 4658 4098 4718 et
4138 4653 4376 4717 mansit
4403 4672 4521 4734 po-

2566 4739 2768 4821 pulus
2817 4739 2888 4804 in
2958 4738 3187 4805 Gades.-
3228 4737 3337 4803 ubi
3377 4744 3624 4805 mortua
3666 4744 3759 4805 est
3802 4737 4028 4803 Maria
4069 4742 4126 4804 et
4162 4737 4407 4820 sepulta
4444 4738 4523 4802 il·

2581 4826 2662 4892 lic
2679 4825 2824 4908 fuit.
2880 4825 2940 4891 2.
2973 4825 3294 4907 Quamne
3313 4844 3433 4890 non
3475 4830 3629 4891 esset
3663 4843 3835 4907 aqua
3870 4825 4344 4908 conyreyationi,
4390 4842 4523 4889 con-

2579 4916 2875 4977 venerunt
2924 4910 3226 4976 adversus
3271 4909 3490 4976 Mosen
3531 4916 3585 4977 et
3629 4910 3912 4976 Ahoeron.
4002 4909 4062 4975 3.
4103 4909 4193 4975 Et
4233 4911 4523 4994 iuryatus

2581 5002 2672 5063 est
2706 4997 2988 5080 populus
3035 5015 3175 5062 oum
3219 4995 3422 5076 Mose,
3473 5016 3547 5062 ac
3587 4997 3883 5062 dixerunt
3921 4996 3993 5061 in
4033 4995 4198 5061 hunc
4237 4996 4489 5061 modum
4502 5021 4522 5060 .-

2583 5081 2673 5146 Et
2723 5084 2970 5148 utinam
3023 5082 3385 5148 obiissemus
3440 5082 3688 5164 quando
3728 5082 4006 5147 obierunt
4043 5081 4280 5154 fratres
4322 5083 4522 5148 nostri

2581 5187 2790 5234 coram
2812 5168 3057 5234 Iehova.
3124 5168 3185 5233 4.
3229 5167 3319 5233 Ec
3359 5188 3550 5250 quare
3591 5168 3799 5233 venire
3834 5167 4073 5250 fecistis
4113 5168 4523 5252 conyreyatio-

2583 5273 2723 5319 nem
2767 5252 3032 5321 Iehovae
3087 5255 3156 5320 in
3197 5254 3507 5320 desertum
3539 5253 3749 5319 istud.-
3795 5257 3865 5318 ut
3897 5253 4243 5318 moriamur
4274 5253 4375 5319 hic
4407 5272 4523 5320 nos

2585 5344 2641 5404 et
2679 5340 2956 5406 iumenta
2998 5345 3231 5408 nostra.
3313 5338 3372 5405 5.
3419 5337 3509 5404 Et
3539 5359 3734 5422 quare
3766 5339 4091 5405 ascendere
4110 5338 4369 5429 fecistis
4407 5358 4523 5405 nos
