5017 6142
656 393 789 461 303

659 585 927 652 Aharon
964 583 1037 648 in
1078 582 1534 667 conqreqatione
1581 579 1763 661 Gore,
1819 601 2014 665 quum
2067 582 2438 647 rixarentur
2480 580 2614 662 ipsi

660 675 873 738 contra
915 667 1226 734 Iehovam.
1320 667 1420 733 10.
1477 665 1568 732 Et
1623 670 1872 748 aperuit
1925 673 2096 733 terra
2151 687 2219 732 os
2275 686 2496 747 suum,
2556 670 2614 732 et

658 755 981 842 deqlutivit
1024 773 1124 819 eos
1167 759 1224 818 et
1272 750 1442 833 Cere,
1494 752 1743 837 quando
1784 758 2031 820 mortua
2073 758 2167 817 est
2204 751 2609 837 conqreqatio,

661 844 811 909 dum
868 839 1252 922 consumpsit
1308 839 1477 923 iqnis
1536 840 1822 906 ducentos
1886 839 2344 922 quinquaqinta
2406 839 2611 903 viros.-

661 930 774 1012 qui
815 927 1069 1009 fuerunt
1112 926 1183 991 in
1223 925 1489 1008 siqnum.
1561 925 1661 989 11.
1709 923 1877 990 Filii
1920 944 2061 989 vero
2102 922 2255 990 Oore
2297 944 2421 988 non
2462 927 2612 989 sunt

660 1014 910 1081 mortui.
1024 1011 1121 1077 12.
1191 1008 1358 1076 Filii
1426 1009 1674 1075 Simeon
1725 1031 1848 1093 per
1922 1010 2213 1092 familias
2276 1029 2461 1074 suas.-
2533 1008 2610 1074 de

666 1098 929 1165 Nemuel
983 1095 1242 1180 familia
1313 1095 1846 1162 Nemuelitarum:
1909 1096 1984 1162 de
2039 1095 2285 1173 Iamin,
2351 1094 2611 1177 familia

664 1184 1146 1254 Iaminitarum:
1180 1182 1257 1246 de
1282 1180 1525 1258 Iachin,
1555 1182 1815 1264 familia
1841 1181 2320 1247 Iachinitarum.
2370 1179 2470 1245 13.
2505 1178 2610 1246 De

665 1272 848 1351 Zare,
889 1269 1147 1353 familia
1192 1266 1631 1334 Zareitarum:
1672 1268 1747 1333 de
1792 1266 1954 1333 Saul
1974 1319 1989 1348 ,
2027 1267 2287 1349 familia
2334 1265 2610 1332 Saulita-

662 1379 825 1425 rum.
918 1355 1017 1420 14.
1068 1353 1238 1420 Istae
1293 1358 1438 1419 sunt
1489 1353 1781 1435 familiae
1827 1352 2338 1418 Simeonitarum:
2389 1353 2512 1417 duo
2556 1356 2612 1415 et

662 1445 887 1529 viqinti
928 1440 1138 1508 millia
1182 1443 1238 1504 et
1278 1439 1542 1505 ducenti.
1615 1438 1714 1504 15.
1762 1437 1929 1504 Filii
1977 1437 2124 1504 Gad
2157 1458 2274 1520 per
2315 1436 2609 1521 familias

661 1550 849 1596 suas.-
904 1528 977 1593 de
1036 1524 1309 1608 Sephon,
1366 1525 1628 1607 familia
1685 1524 2198 1607 Sephonitarum:
2264 1524 2340 1589 de
2394 1522 2610 1607 Haqqi

657 1615 919 1701 familia
979 1611 1435 1696 Haqqitarum:
1498 1610 1573 1676 de
1636 1609 1800 1675 Sani
1813 1658 1829 1689 ,
1897 1610 2153 1692 familia
2214 1608 2604 1674 Sunitarum.

667 1702 766 1768 16.
827 1700 928 1767 De
978 1697 1173 1774 Ocni,
1229 1696 1488 1780 familia
1550 1694 1954 1762 oznitarum.-
2006 1697 2082 1764 de
2134 1691 2293 1775 Eri,
2348 1694 2609 1777 familia

664 1787 1020 1853 Eritarum.
1126 1782 1226 1848 17.
1287 1781 1389 1847 De
1449 1782 1633 1846 Arod
1650 1831 1666 1862 ,
1722 1782 1978 1865 familia
2032 1780 2484 1846 Aroditarum:
2534 1780 2609 1845 de

662 1872 850 1940 Areli
865 1922 881 1953 ,
935 1869 1193 1952 familia
1240 1867 1646 1933 Arelitarnm.
1740 1868 1837 1933 18.
1895 1868 2067 1933 Istae
2119 1871 2267 1931 sunt
2318 1865 2609 1948 familiae

659 1959 941 2041 filiorum
970 1954 1116 2020 Gad
1148 1955 1331 2019 iuxta
1363 1958 1720 2019 nwmeratos
1757 1972 1919 2028 suos,
1956 1953 2378 2037 quadraqinta
2402 1951 2608 2017 millia

663 2052 721 2111 et
783 2040 1118 2126 quinqenti.
1210 2039 1307 2105 19.
1370 2037 1536 2106 Filii
1593 2038 1915 2105 Iehudah:
1981 2038 2082 2102 Er
2143 2043 2200 2103 et
2262 2037 2494 2104 Onam.-
2555 2042 2610 2101 et

661 2133 946 2196 mortuus
983 2131 1074 2192 est
1105 2125 1222 2200 Er,
1259 2131 1313 2189 et
1355 2124 1558 2190 Onam
1591 2126 1660 2189 in
1701 2129 1872 2190 terra
1913 2123 2236 2190 Ghanaan.
2303 2124 2405 2190 20.
2445 2121 2609 2188 Fue-

663 2220 810 2281 runt
853 2215 1115 2295 inquam
1153 2211 1281 2293 filii
1325 2209 1610 2278 Iehudah
1638 2231 1761 2293 per
1808 2210 2101 2293 familias
2141 2229 2332 2275 suas.-
2382 2209 2460 2274 de
2507 2206 2610 2273 Se-

667 2301 791 2377 lah,
834 2298 1091 2383 familia
1137 2296 1596 2362 Selanitarum:
1639 2297 1714 2361 de
1760 2295 2021 2376 Phaffes,
2060 2295 2318 2378 familia
2368 2293 2608 2360 Pharc-

664 2388 961 2454 sitarum:
1004 2384 1078 2450 de
1123 2381 1308 2463 Zare‚
1347 2382 1606 2466 familia
1651 2380 2072 2448 Zareitarum.
2162 2380 2264 2445 21.
2327 2379 2611 2445 Fuerunt

664 2476 868 2539 autem
904 2470 1028 2551 filii
1068 2467 1325 2542 Phares.
1371 2468 1447 2534 de
1491 2466 1758 2544 Hesron,
1799 2468 2060 2552 familia
2098 2464 2574 2532 Hesronitarum
2590 2490 2610 2530 .-

664 2560 741 2625 de
805 2555 1078 2635 Hamul,
1137 2553 1396 2635 familia
1461 2552 1959 2619 Hamulitarnm.
2056 2552 2159 2617 22.
2231 2552 2402 2617 Istae
2464 2556 2610 2617 sunt

661 2642 950 2729 familiae
996 2638 1279 2706 Iehudah
1310 2658 1433 2720 per
1472 2644 1830 2706 numeratos
1885 2660 2033 2704 suos
2049 2687 2063 2714 ,
2123 2659 2233 2703 sex
2267 2643 2322 2703 et
2363 2642 2606 2719 septua-

660 2731 840 2814 qinta
902 2726 1110 2792 millia
1174 2731 1230 2790 et
1291 2725 1628 2809 quinqenti.
1733 2723 1833 2789 23.
1905 2723 2068 2789 Filii
2131 2723 2433 2789 Issachar
2482 2743 2610 2805 per

660 2812 951 2898 familias
984 2831 1156 2889 suas,
1189 2811 1266 2877 de
1294 2809 1492 2875 Thala
1520 2809 1780 2892 familia
1809 2808 2263 2886 Tholailarum,
2299 2809 2374 2874 de
2400 2807 2606 2888 Phua,

660 2899 923 2984 familia
969 2896 1376 2962 Phuitarum:
1445 2895 1547 2961 24.
1591 2896 1693 2963 De
1735 2895 1952 2975 Iasub‚
1994 2895 2249 2979 familia
2293 2894 2610 2960 Iasubita-

663 3006 841 3052 rum.-
893 2984 968 3049 de
1026 2981 1308 3063 Simron,
1359 2980 1617 3064 familia
1677 2979 2180 3047 Simronitarum.
2268 2981 2371 3046 25.
2436 2981 2610 3046 Istae

663 3076 811 3136 sunt
846 3067 1137 3154 familiae
1172 3066 1474 3133 Issachar
1515 3068 1696 3133 iuxta
1736 3073 2089 3133 numeratos
2131 3087 2295 3147 suos,
2341 3073 2608 3150 quatuor

666 3163 724 3224 et
759 3155 1088 3240 sexaqinta
1129 3152 1337 3219 millia
1380 3174 1453 3219 ac
1495 3154 1760 3219 timenti.
1824 3153 1929 3219 26.
1976 3151 2142 3218 Filii
2186 3151 2466 3218 Zabulon
2490 3173 2610 3236 per

662 3242 955 3325 familias
1018 3259 1206 3306 suas.-
1266 3241 1344 3306 de
1415 3239 1630 3314 Sered,
1693 3239 1949 3321 familia
2016 3237 2469 3304 Sereditarum:
2532 3239 2610 3305 de

666 3326 835 3394 Elon
875 3325 1133 3410 familia
1174 3324 1617 3391 Elonitmrum:
1657 3326 1733 3391 de
1775 3324 2028 3406 Iahleel,
2067 3325 2329 3408 familia
2373 3323 2612 3390 Iahlee-

663 3414 943 3479 litarum.
1009 3410 1112 3476 27.
1160 3412 1330 3477 Istae
1369 3416 1518 3476 sunt
1551 3410 1840 3493 familiae
1863 3409 2384 3476 Zabulonitarum
2425 3411 2613 3475 iuxta

666 3502 1021 3564 numeratos
1050 3517 1213 3576 suos,
1254 3497 1583 3581 seaeaqinta
1604 3495 1812 3562 millia
1845 3501 1900 3561 et
1932 3497 2265 3581 quinqenti.
2315 3496 2418 3561 28.
2448 3494 2615 3562 Filii

668 3583 895 3667 Ioseph
952 3603 1069 3664 per
1138 3582 1433 3664 familias
1510 3603 1695 3647 suas:
1775 3580 2078 3648 Manasse
2151 3588 2207 3647 et
2272 3581 2609 3663 Ephraim.

667 3670 771 3737 29.
820 3667 988 3734 Filii
1025 3667 1346 3747 Manasse,
1381 3668 1457 3733 de
1492 3666 1764 3746 Machir‚
1797 3667 2056 3750 familia
2093 3666 2613 3733 Machiritarum:

664 3762 720 3822 et
765 3753 1022 3821 Machir
1059 3754 1274 3837 qenuit
1321 3753 1604 3820 Galaad:
1645 3753 1722 3819 de
1763 3752 2035 3834 Galaad,
2074 3753 2331 3837 familia
2370 3753 2612 3820 Galaa-

663 3843 979 3908 ditarum:
1036 3839 1139 3905 30.
1179 3838 1302 3904 Isti
1333 3844 1478 3904 sunt
1507 3840 1635 3921 filii
1675 3839 1966 3906 Galaad:
2006 3839 2083 3906 de
2117 3839 2311 3919 Iezer,
2352 3840 2612 3923 familia

668 3928 1082 3994 Iezeritarum
1096 3951 1115 3990 .·
1155 3925 1233 3991 de
1275 3923 1462 3992 Helec
1476 3975 1493 4004 ,
1535 3925 1799 4009 famelia
1841 3922 2264 3991 Helecitarum
2278 3949 2298 3990 .·
2380 3926 2483 3990 31.
2523 3925 2614 3991 Et

664 4015 743 4079 de
788 4012 1006 4078 Asriel
1020 4062 1036 4090 ,
1088 4010 1347 4094 familia
1390 4011 1872 4078 Asrielitarum:
1914 4011 1990 4077 de
2037 4009 2282 4077 Sechem
2296 4061 2313 4091 ,
2352 4011 2612 4095 familia

670 4098 1151 4164 Sechemitarum
1164 4122 1183 4161 .·
1203 4096 1308 4163 32.
1333 4097 1420 4161 Et
1440 4098 1514 4163 de
1539 4096 1815 4175 Semida,
1836 4097 2096 4179 familia
2122 4096 2613 4164 Semidatarum:

665 4189 723 4250 et
743 4184 820 4249 de
844 4181 1111 4264 Hepher‚
1149 4181 1408 4264 familia
1427 4181 1952 4265 Hepheritarum:
2012 4183 2113 4248 33.
2156 4183 2245 4248 Et
2289 4182 2614 4265 Sahihaad

660 4269 799 4352 filio
838 4268 1090 4351 Hepher
1129 4288 1253 4335 non
1290 4271 1550 4353 fuerunt
1585 4268 1732 4351 filii,
1767 4268 1875 4334 sed
1911 4268 2110 4349 filiae.-
2151 4288 2424 4352 quarum
2465 4268 2612 4337 haec

665 4355 922 4421 nomina
944 4353 1214 4420 Malhad
1233 4360 1290 4421 et
1313 4354 1515 4436 Noah,
1550 4353 1800 4438 Hoqlah
1820 4358 1877 4419 et
1896 4352 2195 4435 Milchah‚
2231 4360 2284 4418 et
2316 4353 2609 4421 Thirsah.

667 4441 772 4508 34.
843 4439 1018 4506 Istae
1079 4444 1227 4505 sunt
1284 4440 1574 4524 familiae
1630 4439 1969 4507 Manasse:
2029 4441 2344 4505 numerati
2406 4445 2613 4506 autem

666 4546 879 4592 eorum
894 4576 910 4603 ‚
989 4525 1113 4591 duo
1177 4531 1230 4591 et
1306 4527 1760 4611 quinquaqinta
1824 4525 2030 4591 miaia
2095 4530 2150 4592 et
2226 4527 2609 4610 septinqenti.

667 4613 771 4679 35.
839 4611 963 4676 Isti
1025 4616 1171 4678 sunt
1220 4613 1346 4694 filii
1396 4610 1714 4696 Ephraim
1759 4631 1883 4692 per
1932 4610 2223 4693 familias
2284 4632 2472 4678 suas.-
2536 4613 2613 4678 de

670 4696 971 4764 Suthelah
985 4748 1000 4777 ‚
1065 4696 1323 4780 familia
1381 4697 1830 4764 Suthelitarum
1845 4748 1860 4777 ,
1919 4698 1995 4763 de
2038 4695 2278 4762 Becher
2291 4747 2307 4774 ,
2353 4697 2614 4781 familia

665 4783 1115 4850 Bechritarum
1130 4808 1151 4851 .·
1224 4785 1299 4850 de
1381 4783 1673 4862 Thaban‚
1748 4782 2006 4865 familia
2091 4782 2607 4850 ssabanitarum.

666 4871 770 4936 36.
830 4868 921 4935 Et
974 4870 1085 4935 isti
1155 4876 1304 4936 sunt
1361 4870 1489 4951 filii
1550 4866 1876 4934 Suthelah:
1941 4869 2016 4933 de
2072 4867 2260 4933 Eran
2276 4916 2292 4947 ,
2386 4870 2614 4936 amilia

667 4956 1108 5022 Eranitarum.
1176 4957 1279 5023 37.
1308 4955 1480 5020 Istae
1500 4960 1645 5019 sunt
1674 4954 1961 5037 familiae
1989 4953 2272 5035 filiorum
2400 4955 2612 5021 braim

668 5044 850 5108 iuxta
892 5047 1250 5108 numeratos
1282 5061 1446 5119 suos,
1488 5040 1749 5124 triqinta
1783 5039 1907 5105 duo
1940 5039 2147 5105 millia
2182 5046 2239 5106 et
2270 5043 2609 5127 quinqenti,

667 5128 777 5195 isti
834 5133 980 5192 sunt
1036 5126 1163 5209 filii
1216 5126 1441 5209 Ioseph
1494 5146 1613 5208 per
1670 5125 1962 5208 familias
2016 5146 2188 5193 suas.
2288 5127 2390 5193 38.
2449 5127 2613 5194 Filii

668 5213 1015 5279 Beniamin
1048 5234 1171 5296 per
1209 5213 1501 5297 familias
1542 5231 1725 5278 suas:
1765 5211 1842 5278 de
1885 5210 2079 5291 Bela,
2132 5213 2393 5295 familia
2437 5213 2611 5282 Beli-

668 5305 908 5363 tarum:
955 5299 1030 5363 de
1084 5299 1278 5365 Asbel
1291 5351 1305 5380 ‚
1360 5297 1619 5383 famelia
1681 5296 2134 5364 Asbebitoerum:
2184 5300 2258 5365 de
2315 5301 2607 5382 Ahiram,

2073 387 2482 460 REDITUS
2528 392 2659 458 AD
2707 390 3251 461 HISTORIAM.

4533 389 4652 458 304

2708 580 2969 662 familia
3013 581 3540 647 Ahiramitarum.
3628 580 3731 647 39.
3786 579 3889 647 De
3936 578 4317 661 Sephuphan
4334 630 4349 655 ‚
4403 577 4654 662 familia

2717 664 3270 751 Saphamitarum:
3314 667 3391 733 de
3433 664 3754 748 Hupham,
3793 666 4053 748 familia
4097 664 4650 747 Huphamitarum.

2711 752 2815 819 40.
2864 753 3149 820 Fuerunt
3190 757 3398 819 autem
3435 751 3564 833 filii
3607 752 3801 818 Bela:
3842 751 4022 819 Arde
4063 755 4120 816 et
4166 748 4543 817 Nahaman:
4583 751 4653 819 dc

2711 839 2909 920 Arde,
2947 840 3207 922 familia
3241 837 3621 903 Arditarum
3636 863 3655 902 .·
3694 838 3771 904 de
3817 837 4135 917 Naaman,
4175 836 4434 918 familia
4481 835 4653 902 Naa-

2710 926 3116 990 manitarum.
3203 925 3307 990 41.
3356 925 3480 989 Isti
3520 929 3666 990 sunt
3701 922 3832 1005 filii
3866 922 4216 990 Beniamin
4257 923 4441 988 iuxta
4467 921 4654 1005 fami-

2710 1010 2835 1075 lias
2889 1031 3075 1092 suas,
3145 1016 3202 1077 et
3255 1015 3609 1076 numeratos
3659 1029 3838 1087 suos,
3904 1009 4326 1093 quadraqinta
4387 1009 4654 1090 quinque

2708 1096 2917 1163 millia
2952 1101 3009 1163 et
3038 1098 3324 1163 sexcenti.
3384 1096 3490 1161 42.
3538 1096 3661 1161 Isti
3702 1099 3846 1161 sunt
3873 1094 3999 1177 filii
4020 1093 4178 1160 Dan
4208 1114 4329 1175 per
4364 1093 4653 1176 familias

2709 1202 2897 1248 suas:
2958 1184 3035 1249 de
3095 1181 3336 1247 Suham
3352 1233 3367 1261 ‚
3422 1181 3681 1264 familia
3728 1180 4235 1247 Suhamitarum:
4296 1180 4457 1246 istae
4513 1185 4654 1245 sunt

2705 1268 2997 1350 familiae
3020 1267 3173 1334 Dan
3207 1289 3326 1350 per
3365 1268 3660 1350 familias
3701 1286 3875 1333 suas.
3941 1265 4045 1333 43.
4100 1265 4326 1332 Omnes
4362 1265 4652 1349 familiae

2713 1353 3193 1420 Suhamitarum
3227 1355 3407 1419 itata
3440 1357 3795 1418 numeratos
3829 1372 3991 1432 suos,
4029 1352 4358 1436 sexaqinta
4390 1356 4651 1433 quatuor

2708 1439 2915 1506 millia
2957 1445 3012 1505 et
3052 1439 3520 1524 quadrinqenti:
3605 1438 3710 1503 44.
3759 1437 3924 1503 Filii
3964 1436 4170 1504 Asser
4199 1457 4323 1519 per
4360 1437 4651 1519 familias

2709 1546 2895 1592 suas:
2936 1527 3014 1592 de
3060 1525 3320 1605 Imnah,
3372 1525 3633 1609 familia
3674 1522 4174 1589 Imnahiiarum:
4214 1523 4290 1589 de
4333 1523 4512 1603 Isui,
4553 1522 4651 1604 fa-

2707 1613 2895 1678 milia
2959 1611 3343 1677 Isuitarum:
3419 1612 3494 1677 de
3566 1610 3806 1676 Beriah
3821 1660 3838 1688 ,
3913 1608 4171 1692 familia
4236 1608 4650 1674 Beriitarum.

2710 1697 2813 1765 45.
2857 1697 2959 1762 De
2996 1697 3156 1780 filiis
3201 1696 3469 1776 Beriah,
3511 1697 3587 1762 de
3630 1696 3868 1775 Heber,
3908 1693 4167 1777 familia
4210 1694 4652 1760 Hebritarum:

2710 1786 2785 1851 de
2851 1782 3185 1862 Malchiel‚
3259 1783 3517 1865 familia
3581 1780 4133 1848 Malchielitarum.
4244 1780 4348 1846 46.
4415 1779 4654 1846 Nomen

2710 1875 2915 1935 autem
2952 1870 3126 1952 filiae
3145 1872 3314 1935 Aser
3351 1873 3486 1934 erat
3525 1867 3750 1933 Sarah.
3818 1866 3921 1932 47.
3971 1862 4136 1933 Illae
4175 1873 4325 1933 sunt
4362 1865 4654 1948 familiae

2703 1957 2981 2038 filiorum
3001 1955 3170 2021 Aser
3210 1957 3394 2021 iuxta
3434 1958 3787 2019 numeratos
3829 1973 3997 2029 suos,
4040 1952 4496 2036 quinquaqinta
4527 1951 4655 2016 tria

2707 2041 2916 2108 millia
2970 2047 3027 2107 et
3081 2041 3535 2124 quadrinqenti.
3622 2040 3727 2104 48.
3786 2036 3955 2104 Filii
4001 2038 4342 2120 Nephthali
4384 2058 4506 2120 per
4557 2037 4655 2119 fa-

2707 2128 2926 2194 milias
2960 2147 3145 2194 suas.-
3187 2127 3264 2192 de
3300 2125 3505 2204 Iesiel‚
3544 2125 3802 2207 familia
3837 2124 4301 2190 Iesielitarum:
4342 2124 4419 2189 de
4458 2122 4651 2201 Guni,

2706 2213 2966 2295 familia
3014 2213 3429 2278 Gunitarum:
3515 2210 3616 2277 49.
3663 2210 3764 2275 De
3809 2209 4017 2287 Ieser,
4056 2209 4289 2293 famlia
4335 2207 4656 2274 Iesrilita-

2707 2320 2882 2364 rum:
2925 2299 3002 2364 de
3048 2296 3266 2365 Sillem
3302 2297 3560 2379 familia
3607 2295 4037 2362 Silenitarum.
4126 2295 4229 2361 50.
4289 2295 4461 2361 Istae
4512 2296 4656 2359 sunt

2705 2384 2997 2468 familiae
3023 2383 3360 2483 Nephthali
3392 2404 3511 2466 per
3549 2382 3841 2483 familias
3872 2401 4057 2481 suas.-
4098 2382 4427 2479 numerati·
4453 2384 4657 2478 autem

2711 2556 2815 2622 51.
2856 2522 2980 2623 [sii
3015 2467 4390 2655 Ξααῗνηᾚπῗαῄῗέἔωηῖῗνᾞιξεωωπα
4423 2470 4656 2629 22⁹5an

2710 2647 2767 2708 et
2830 2643 3000 2709 mille
3065 2643 3429 2726 septinqenti
3485 2660 3560 2706 ac
3621 2644 3898 2724 triqinta.
3998 2639 4101 2706 52.
4171 2639 4503 2721 Loquutus
4569 2640 4658 2702 est

2711 2733 2916 2799 autem
2953 2727 3187 2795 Iehova
3226 2727 3313 2794 ad
3349 2726 3602 2805 Mosen,
3646 2726 3934 2791 dicendo.-
3996 2724 4099 2790 53.
4146 2724 4304 2790 Istis
4343 2723 4659 2789 dividetur

2710 2819 2881 2880 terra
2928 2814 3043 2880 illa
3086 2815 3157 2880 in
3202 2813 3655 2896 possessionem
3709 2813 4050 2879 seeundum
4089 2830 4422 2877 numerum
4461 2808 4658 2874 nomi-

2710 2921 2877 2966 num.
2966 2900 3070 2965 54.
3120 2899 3565 2966 Numerosiori
3604 2897 3786 2965 dabis
3831 2899 4282 2980 possessionem
4321 2895 4656 2961 maiorem:

2711 2991 2768 3052 et
2807 2987 3107 3067 pauciori
3162 2985 3475 3051 diminues
3528 2984 3981 3067 possessionem
4042 3001 4257 3049 suam.-
4319 2979 4659 3062 unicuique

2709 3073 3047 3139 secundum
3105 3074 3463 3138 numeratos
3531 3090 3682 3136 suos
3758 3069 4011 3135 dabitur
4083 3068 4437 3135 haereditas
4511 3085 4654 3131 sua.

2712 3157 2816 3224 55.
2891 3158 3319 3224 Verumtamen
3361 3160 3524 3222 sorte
3585 3156 3898 3222 dividetur
3958 3160 4159 3239 terra,
4214 3174 4336 3238 per
4398 3153 4658 3217 nomina

2710 3244 2984 3310 tribuum
3008 3248 3265 3327 patrum
3300 3262 3561 3308 suorum
3594 3241 4034 3308 haereditatem
4052 3241 4369 3322 accipient.
4415 3237 4519 3304 56.
4547 3236 4658 3303 Se-

2709 3332 2980 3398 cundum
3020 3333 3213 3395 sortes
3253 3327 3564 3394 dividetur
3604 3327 3956 3394 haereditas
4010 3328 4149 3393 eius
4189 3327 4351 3391 inter
4388 3323 4658 3389 multum

2710 3420 2766 3482 et
2793 3434 3093 3499 paucum.
3178 3413 3282 3480 57.
3331 3409 3456 3480 Isti
3496 3417 3703 3480 autem
3743 3419 3893 3479 sunt
3930 3413 4244 3480 numerati
4285 3411 4656 3476 Levitarum

2697 3523 2821 3585 per
2891 3502 3151 3569 amilias
3190 3519 3345 3566 suas
3359 3549 3375 3580 ,
3415 3500 3494 3567 de
3545 3499 3803 3579 Gerson,
3842 3499 4102 3581 familia
4150 3497 4659 3564 Gersonitarum:

2708 3591 2786 3656 de
3019 3587 3061 3651 h
3097 3585 3355 3669 familia
3402 3584 3900 3652 Gehathitarum:
3953 3585 4030 3650 de
4074 3583 4353 3663 Merari,
4393 3581 4656 3666 familia

2712 3673 3190 3740 Meraritarum.
3300 3670 3403 3738 58.
3471 3672 3645 3736 Istae
3704 3676 3852 3736 sunt
3910 3669 4202 3754 familiae
4266 3669 4655 3744 Levitamum

2705 3759 2961 3842 familia
3026 3757 3457 3838 Libnitarum,
3517 3756 3776 3839 familia
3817 3755 4331 3836 Hebronitarum,
4391 3753 4657 3837 familia

2714 3845 3155 3922 Mamitarmn,
3196 3843 3456 3925 familia
3491 3841 3904 3921 Musitarum‚
3945 3842 4203 3924 familia
4239 3840 4658 3908 Gorhitarum.

2716 3930 2944 3997 Cehath
2986 3934 3193 3996 autem
3229 3929 3445 4014 qenuit
3464 3928 3756 3993 Amram.
3822 3927 3926 3995 59.
3977 3927 4220 3994 Nomen
4251 3948 4392 3994 vero
4431 3925 4658 3992 uxoris

2714 4018 2982 4084 Amram
3027 4014 3317 4082 Iochebed
3363 4013 3509 4096 filia
3550 4014 3738 4094 Levi,
3790 4034 3983 4097 quam
4232 4014 4246 4028 ⁶
4320 4013 4452 4096 ipsi
4498 4010 4660 4077 Levi

2710 4104 2783 4169 in
2825 4103 3132 4186 AeqyptO,
3184 4105 3239 4167 et
3276 4120 3439 4183 quae
3483 4100 3729 4184 peperit
3767 4100 3898 4183 ipsi
3940 4100 4241 4176 Ammon,
4288 4098 4560 4164 Aharon
4603 4101 4659 4162 et

2714 4187 2949 4268 Mosen,
2991 4192 3050 4253 et
3093 4185 3381 4252 Mariam
3418 4205 3694 4251 sororem
3733 4206 3962 4252 eorum.
4050 4186 4154 4252 60.
4204 4186 4478 4267 Natique
4509 4185 4660 4250 sunt

2709 4275 2841 4355 ipsi
2882 4276 3127 4352 Aaron,
3177 4272 3409 4339 Nadab
3449 4277 3507 4336 et
3547 4271 3786 4349 Abike,
3828 4278 3885 4337 et
3926 4271 4206 4338 Eleazar
4244 4276 4300 4337 et
4344 4268 4653 4336 Rhamar.

2710 4363 2813 4426 61.
2864 4359 3064 4426 Porro
3103 4358 3338 4423 mortui
3377 4362 3524 4424 sunt
3561 4354 3791 4425 Nadab
3834 4362 3890 4422 et
3922 4357 4137 4423 Abihu
4177 4358 4328 4425 dum
4368 4357 4660 4439 offerrent

2711 4447 2914 4531 iqnem
2955 4445 3233 4510 alienum
3270 4463 3482 4511 coram
3528 4443 3776 4511 Iohova.
3864 4444 3968 4510 62.
4015 4442 4104 4510 Et
4140 4444 4400 4528 fuerunt
4437 4462 4656 4509 nume-

2710 4533 2841 4597 rati
2881 4550 3120 4609 εοηιηι,
3178 4529 3416 4614 viqinta
3458 4531 3588 4596 tria
3644 4529 3885 4595 millia.-
3940 4550 4149 4597 omnes
4189 4549 4396 4595 mares
4438 4551 4481 4594 a
4519 4528 4657 4610 filio

2710 4617 2944 4683 mensis
2996 4621 3056 4681 et
3107 4635 3337 4697 supra:
3402 4635 3525 4682 non
3587 4617 3756 4681 enim
3807 4618 4123 4682 numevati
4181 4616 4438 4700 fnerant
4491 4615 4658 4680 inter

2705 4703 2874 4785 filios
2918 4702 3156 4781 Israel,
3222 4702 3386 4783 quod
3438 4701 3589 4767 data
3630 4721 3752 4767 non
3793 4701 3881 4767 sit
3921 4702 4056 4768 illis
4096 4702 4450 4768 haereditas
4492 4700 4658 4766 inter

2704 4788 2876 4871 filios
2901 4786 3122 4852 Israel.
3190 4788 3293 4853 63.
3340 4786 3466 4854 Isti
3506 4791 3654 4853 sunt
3688 4789 4004 4854 numerati
4037 4787 4244 4855 Masis
4284 4793 4342 4852 et
4375 4785 4661 4853 Elea-ear

2708 4873 3063 4954 sacerdotis,
3106 4875 3218 4955 qui
3251 4878 3731 4939 numeraverunt
3758 4872 3928 4955 filios
3949 4871 4160 4941 Israel
4193 4875 4262 4941 in
4293 4872 4658 4956 campestri·

2710 4959 2823 5025 bus
2879 4958 3069 5024 Moab
3124 4961 3306 5024 iuxta
3362 4960 3697 5026 Iordanem
3756 4958 4015 5026 Iericho.
4104 4959 4208 5026 64.
4270 4957 4449 5025 Inter
4504 4960 4660 5024 istos

2709 5050 2917 5112 autem
2959 5065 3082 5109 non
3121 5044 3248 5126 fuit
3288 5046 3623 5128 quisquam
3664 5046 3742 5112 de
3783 5046 4129 5111 numeratis
4166 5044 4367 5111 Mosis
4399 5050 4457 5111 et
4480 5044 4659 5110 Aha-

2707 5152 2821 5197 ron
2856 5130 3192 5197 sacerdotis
3223 5132 3335 5214 qui
3366 5136 3842 5198 numeraverant
3877 5131 4046 5213 filios
4069 5131 4277 5198 Israel
4309 5132 4382 5198 in
4416 5130 4659 5197 deserto

2717 5216 2918 5283 Sinai.
3010 5215 3113 5281 65.
3161 5216 3434 5282 Dixerat
3489 5218 3655 5282 enim
3699 5216 3928 5283 Iehova
3981 5218 4058 5285 de
4113 5217 4279 5283 illis.-
4324 5215 4658 5283 Mor-iendo

2710 5303 3049 5369 morientur
3115 5304 3182 5367 in
3244 5302 3511 5382 deserta,
3574 5307 3629 5369 et
3690 5321 3819 5368 non
3878 5302 4007 5386 fuit
4064 5307 4376 5388 superstes
4426 5325 4503 5370 ex
4557 5303 4656 5369 eis
