5017 6142
427 452 558 520 565

426 642 615 710 Deus
671 662 790 710 suo
856 640 1114 708 decreto
1172 663 1317 710 eam
1382 650 1599 711 terrae
1645 645 1983 713 Chanaam
2051 645 2376 728 adiunxit,

427 737 741 813 tanquam
797 726 1092 795 beneficii
1137 730 1238 795 sui
1299 732 1663 810 cumulum,
1730 753 1862 798 non
1907 733 2022 798 abs
2066 753 2140 798 re
2182 732 2377 799 Iosue

428 835 575 881 eam
619 814 816 881 simul
859 815 1147 898 copulat,
1189 821 1266 881 ut
1308 816 1434 882 Dei
1477 816 1927 884 liberalitatem
1974 838 2129 902 erga
2173 839 2378 902 popu-

425 902 567 967 lum
603 899 1043 968 commendet:
1111 922 1230 968 nec
1274 909 1531 968 tantum
1578 901 1911 987 praedicat
1954 904 2204 970 virtute
2246 903 2378 969 Dei

424 988 630 1055 fretos
670 989 868 1057 fuisse
911 990 1112 1056 armis
1155 999 1223 1055 et
1262 989 1512 1056 viribus
1554 990 1956 1072 superiores:
2013 988 2126 1056 sed
2181 989 2376 1055 etiam

427 1076 728 1144 defensos
793 1087 1020 1144 contra
1085 1075 1383 1142 exitiales
1444 1074 1745 1157 insidias,
1815 1077 2049 1160 quibus
2108 1075 2379 1142 adortus

427 1187 539 1233 eos
580 1166 795 1232 fuerat
837 1164 1059 1229 Balac.
1132 1163 1275 1227 Etsi
1321 1162 1496 1228 enim
1543 1161 1709 1226 nihil
1750 1161 2069 1246 impostor
2100 1161 2378 1228 Balaam

429 1252 591 1318 diris
612 1258 680 1317 et
714 1248 1270 1316 exsecrationibus
1305 1247 1579 1333 magicis
1613 1256 1899 1331 poterat:
1935 1247 2125 1314 valde
2158 1256 2377 1313 tamen

427 1336 677 1422 profuit
730 1337 804 1400 in
859 1333 1219 1402 evertenda
1260 1333 1403 1399 eius
1460 1333 1712 1399 malitia
1755 1333 2203 1401 admirabilem
2252 1333 2376 1399 Dei

425 1423 785 1509 potentiam
822 1443 1106 1489 cernere.
1196 1419 1369 1485 Nam
1414 1418 1686 1504 perinde
1729 1419 1854 1484 fuit
1898 1440 1973 1486 ac
2016 1420 2075 1485 si
2116 1437 2376 1484 conser-

425 1511 518 1575 tis
581 1508 885 1574 manibus
932 1529 1080 1574 cum
1145 1507 1337 1572 noxis
1394 1504 1695 1571 omnibus
1746 1505 2142 1590 confligeret.
2230 1502 2375 1569 Iam

430 1616 560 1681 quo
603 1596 843 1662 certius
898 1592 1286 1678 persuadeat
1328 1612 1460 1657 non
1503 1597 1763 1655 tantum
1807 1591 1951 1656 Deo
1995 1590 2156 1656 duce
2200 1590 2377 1674 ipsos

429 1683 697 1760 vicisse,
743 1678 855 1746 sed
890 1680 1028 1746 sola
1069 1678 1210 1744 eius
1252 1677 1575 1764 potentia:
1644 1677 1879 1760 repetit
1920 1676 2088 1760 quod
2132 1675 2380 1761 legitur

431 1767 606 1853 apud
652 1767 884 1833 Mosen
930 1763 1156 1851 (Dent.
1203 1765 1275 1845 7,
1320 1762 1462 1849 20),
1507 1762 1837 1829 immissos
1879 1763 2083 1829 fuisse
2125 1762 2380 1829 crabro-

428 1876 582 1933 nes,
629 1852 742 1938 qui
785 1853 928 1917 sine
972 1850 1313 1916 hominum
1357 1869 1557 1914 manu
1596 1848 1820 1914 hostes
1864 1855 2376 1933 prosternerent.

428 1939 578 2007 Hoc
614 1947 829 2006 autem
887 1937 1209 2004 illustrius
1251 1935 1378 2002 fuit
1420 1934 1842 2014 miraculum,
1907 1954 2100 2020 quam
2150 1936 2206 2000 si
2251 1934 2379 1999 alio

427 2026 624 2091 modo
679 2024 838 2104 fusi,
905 2022 1150 2108 fugati,
1219 2031 1285 2087 et
1333 2021 1665 2105 profligati
1721 2028 1960 2087 essent.
2046 2019 2221 2086 Nam
2265 2018 2380 2102 qui

427 2119 691 2196 praeter
752 2109 1129 2193 opinionem
1187 2107 1368 2172 nullo
1434 2107 1698 2191 negotio
1753 2106 2026 2172 fuerunt
2079 2107 2381 2184 victores,

477 2197 732 2264 uamvis
800 2197 1133 2262 fateantur
1204 2213 1585 2277 prosperum
1649 2192 1805 2258 belli
1870 2199 2183 2259 eventum
2249 2190 2381 2257 Dei

431 2219 676 2350 donum
754 2300 929 2348 esse:
1017 2300 1172 2346 mox
1247 2286 1472 2345 tamen
1537 2279 1678 2344 eius
1744 2276 2005 2343 laudem
2077 2276 2381 2360 superbia

429 2369 758 2437 excaecati
801 2367 881 2433 ad
927 2388 1121 2432 suum
1156 2365 1518 2444 consilium,
1560 2363 1972 2443 industriam,
2017 2370 2085 2429 et
2118 2364 2379 2429 fortitu·

432 2455 655 2522 dinem
702 2451 1199 2520 transscribunt.
1280 2451 1533 2517 Verum
1574 2450 1686 2516 ubi
1724 2471 1841 2536 per
1883 2450 2230 2517 crabrones
2273 2469 2380 2514 res

428 2541 745 2621 efficitur,
789 2538 1057 2605 indubie
1101 2537 1420 2604 asseritur
1462 2535 1590 2602 Dei
1633 2535 1862 2602 virtus.
1951 2536 2184 2620 Itaque
2227 2555 2380 2601 con-

429 2628 748 2708 cluditur,
815 2624 1129 2710 populum
1183 2641 1317 2689 non
1377 2644 1497 2688 suo
1554 2619 1772 2707 gladio
1828 2642 2040 2706 neque
2084 2641 2236 2686 arcu
2276 2640 2380 2687 ac·

430 2712 732 2799 quisiisse
776 2720 1051 2791 terram,
1096 2708 1269 2794 quod
1314 2706 1606 2795 (Psalmo
1648 2707 1753 2788 44,
1798 2708 1871 2794 4)
1913 2709 2269 2791 repetitur,
2316 2713 2383 2772 et

428 2800 693 2867 videtur
744 2799 900 2865 hinc
958 2815 1099 2863 esse
1155 2803 1514 2879 sumptum.
1599 2794 1942 2860 Postremo
1986 2792 2101 2859 ubi
2156 2792 2379 2859 admo-

429 2887 595 2966 nuit,
637 2884 949 2970 populum
994 2884 1245 2949 fructus
1288 2882 1518 2947 alienis
1549 2880 1878 2947 laboribus
1910 2886 2131 2966 partos
2166 2899 2380 2946 come·

430 2970 615 3053 dere,
691 2971 992 3037 hortatur
1062 2977 1138 3035 ut
1202 2969 1450 3048 Deum,
1523 2966 1695 3033 sicut
1749 2968 1889 3033 eius
1951 2966 2381 3032 beneficentia

429 3067 739 3139 meretur,
783 3055 1033 3141 diligat.

606 3226 705 3294 15.
779 3226 957 3309 Quod
1008 3227 1070 3292 si
1111 3225 1433 3292 molestum
1474 3229 1561 3291 est
1599 3223 1773 3291 vobis
1813 3223 2050 3290 servire
2095 3223 2378 3306 Iehovae,

427 3315 637 3399 eliyite
677 3313 848 3380 vobis
888 3312 1069 3378 hodie
1110 3331 1263 3396 quos
1301 3311 1549 3380 colatis.-
1610 3311 1742 3377 sive
1777 3311 1938 3392 deos,
1978 3308 2207 3392 quibus
2247 3330 2379 3375 ser-

426 3402 673 3468 vierunt
707 3405 926 3481 patres
966 3399 1188 3477 vestri,
1255 3398 1368 3481 qui
1416 3397 1677 3481 fuerunt
1709 3401 1890 3463 &aas
1920 3396 2187 3477 flumen,
2249 3397 2380 3462 sive

425 3488 575 3555 cleos
619 3484 999 3551 Emorrhaei
1016 3531 1036 3565 ,
1078 3484 1148 3549 in
1181 3503 1446 3565 quomm
1487 3482 1787 3549 habitatis
1831 3489 2033 3548 terra.-
2085 3500 2191 3566 eqo
2232 3502 2377 3548 vero

425 3577 484 3638 et
534 3573 759 3638 domus
806 3591 947 3637 mea
1001 3569 1268 3635 colemus
1312 3569 1626 3635 Iehovam.
1717 3569 1816 3634 16.
1887 3567 2011 3636 Oui
2061 3567 2378 3650 respoudit

411 3658 711 3743 populus,
753 3657 997 3724 dicens.-
1039 3655 1227 3721 Absit
1267 3676 1310 3719 a
1343 3654 1519 3721 nobis
1560 3660 1631 3720 ut
1662 3655 2170 3737 derelinquamus
2198 3653 2376 3720 Ieho-

423 3764 607 3824 vam,
670 3742 992 3810 serviendo
1034 3740 1165 3808 diis
1215 3739 1461 3807 alienis.
1553 3741 1656 3807 17.
1703 3739 1933 3807 Iehova
1985 3741 2151 3805 euim
2192 3739 2375 3808 Deus

424 3834 637 3897 noster
660 3831 795 3912 ipse
837 3833 931 3894 est
966 3828 1078 3910 qui
1119 3828 1335 3894 eduxit
1351 3846 1465 3893 uos
1505 3831 1563 3893 et
1593 3831 1817 3909 patres
1858 3830 2099 3893 nostros
2131 3846 2164 3892 e
2202 3831 2375 3892 terra

425 3916 722 4001 Aeqypti,
768 3935 800 3979 e
821 3916 1000 3981 domo
1021 3933 1358 3993 servorum,
1402 3918 1460 3980 et
1481 3913 1593 3994 qui
1609 3913 1758 3996 feeit
1798 3913 1871 3978 iu
1902 3912 2101 3978 oeulis
2141 3912 2376 3978 uostris

423 4004 612 4087 siqua
665 4002 794 4067 ista
845 4019 1112 4083 maana.-
1172 3999 1566 4082 servavitque
1619 4018 1734 4065 uos
1774 3998 1846 4064 in
1901 3998 2070 4064 omui
2111 3998 2220 4063 via
2254 4017 2376 4080 per

423 4108 618 4172 quam
650 4086 1126 4165 ambulavimus,
1168 4086 1320 4150 etin
1356 4084 1642 4152 omuibus
1663 4085 1933 4166 populis
1954 4105 2079 4168 per
2108 4104 2374 4168 quorum

422 4174 839 4241 transivimus
885 4171 1179 4238 medium.
1270 4170 1370 4237 18.
1440 4167 1830 4253 Expulitque
1879 4170 2109 4237 Iehova
2165 4189 2376 4237 omnes

412 4260 703 4343 populos,
746 4263 927 4341 atque
959 4257 1112 4323 adeo
1145 4255 1606 4323 Emorrhaewn
1638 4256 2042 4323 habitatorem
2084 4262 2290 4323 terrae
2329 4275 2375 4321 a

418 4346 584 4430 faeie
622 4349 866 4412 nostra.-
924 4345 1110 4409 etiam
1152 4362 1267 4409 uos
1305 4345 1647 4409 serviemus
1687 4342 1956 4409 Iehovae
1971 4393 1986 4421 ,
2042 4343 2198 4425 quia
2238 4343 2376 4423 ipse

421 4438 515 4499 est
567 4430 749 4497 Deus
811 4434 1032 4497 noster.
1122 4429 1224 4495 19.
1288 4428 1595 4512 Dixitque
1650 4429 1838 4495 Iosue
1902 4430 1988 4496 ad
2039 4428 2371 4513 populum,

425 4518 577 4585 Non
604 4516 896 4601 poteritis
931 4514 1166 4582 servire
1208 4514 1498 4595 Iskome,
1553 4516 1710 4597 quia
1747 4512 1929 4581 Deus
1969 4520 2224 4582 sanctus
2263 4520 2370 4595 est,

422 4604 609 4670 Deus
669 4602 1015 4669 aemulator
1077 4605 1202 4665 est:
1267 4621 1392 4667 nou
1442 4605 1664 4684 parcet
1733 4600 2069 4667 sceleribus
2129 4601 2369 4683 vestris,

418 4695 608 4771 atque
654 4689 929 4772 peccatis
987 4686 1227 4752 vestris.
1335 4687 1439 4753 20.
1533 4686 1610 4753 Si
1670 4687 2127 4771 dereliqueritis
2191 4685 2373 4751 Ieko-

422 4795 587 4854 vam,
632 4780 690 4840 et
727 4774 1036 4841 sevieritis
1075 4772 1191 4838 deo
1233 4772 1455 4853 alieno,
1491 4777 1785 4839 convertet
1823 4794 1892 4839 se
1931 4779 1988 4840 et
2025 4773 2373 4857 malefaciet

420 4862 596 4929 vobis
610 4912 624 4938 ‚
702 4864 1125 4940 oonsunaetque
1186 4878 1320 4937 vos,
1380 4864 1715 4942 postquam
1766 4859 2122 4943 benefecerit
2179 4860 2366 4926 vobis.

420 4949 528 5013 21.
599 4945 721 5014 Oui
760 4946 1080 5028 respondit
1110 4945 1417 5028 populus.-
1462 4945 1909 5028 Nequaquam.-
1950 4946 2061 5012 sed
2103 4944 2370 5012 Iehovae

420 5032 784 5100 serviemus.
871 5032 977 5098 22.
1041 5031 1348 5115 Dixitque
1390 5032 1583 5097 Iosue
1638 5033 1724 5099 ad
1756 5031 2095 5116 populum:
2159 5032 2368 5098 Testes

421 5120 576 5187 estis
626 5122 841 5184 eontra
870 5138 979 5185 vos
1025 5119 1190 5201 quod
1234 5137 1342 5186 vos
1392 5117 1700 5203 ekyeritis
1748 5118 1919 5185 vobis
1960 5118 2258 5185 Iehovam
2299 5121 2370 5182 ut

419 5206 525 5273 illi
586 5205 897 5271 serviatis.
984 5204 1075 5270 Et
1124 5205 1450 5271 dixerunt:
1513 5203 1738 5270 Testes.
1822 5205 1925 5270 23.
1974 5204 2164 5271 Nune
2227 5224 2368 5289 erqo

420 5292 662 5376 auferte
723 5289 867 5357 cleos
929 5290 1198 5369 alienos,
1260 5291 1373 5374 qui
1426 5294 1574 5356 suut
1626 5290 1697 5355 in
1760 5292 1960 5358 medio
2022 5292 2214 5357 vestri
2230 5341 2245 5372 ,
2310 5295 2368 5356 et

420 5377 717 5444 inclinate
796 5396 901 5443 eor
978 5381 1247 5443 vestrum
1325 5377 1413 5444 acl
1488 5375 1784 5446 Iehovam
1848 5377 2058 5444 Deum
2135 5375 2360 5443 Israel.

1541 453 2285 526 COMMENTARIUS
2331 458 2430 525 IN
2474 457 2758 527 IOSUE
2803 461 3002 529 cAP.
3048 462 3313 530 XXIV.

4303 467 4434 534 566

2478 648 2581 714 24.
2653 647 2777 716 Oui
2824 652 3143 733 respondit
3183 653 3492 735 populus,
3558 652 3819 722 Iehovae
3861 652 4000 722 Deo
4052 659 4263 723 nostro
4298 676 4432 723 ser·

2478 736 2741 817 viemus,
2774 741 2830 801 et
2869 739 3003 803 voci
3043 739 3181 804 eius
3222 738 3589 806 obediemus.

2657 907 2757 973 15.
2831 907 3002 989 Quod
3052 908 3114 975 si
3170 910 3494 975 molestum
3529 915 3634 976 est.
3722 909 4006 978 Videtur
4044 912 4154 979 hic
4196 932 4430 996 parum

2482 991 2807 1075 respicere
2861 992 3057 1061 Iosue
3122 994 3277 1078 quid
3343 994 3569 1061 deceat
3625 997 3903 1080 probum
3958 1006 4026 1064 et
4089 998 4431 1067 cordatum

2483 1077 2732 1144 ducem.
2823 1077 2899 1145 Si
2944 1080 3223 1165 populus
3265 1080 3494 1147 relicto
3538 1078 3681 1147 Deo
3723 1090 3872 1165 post
3904 1081 4080 1150 idola
4122 1083 4432 1169 abreptus

2480 1165 2744 1244 fuisset,
2808 1164 2992 1233 illius
3051 1180 3193 1232 erat
3248 1166 3329 1232 de
3371 1166 3573 1250 impia
3627 1179 3695 1231 et
3744 1169 4017 1235 scelesta
4072 1170 4432 1239 defectione

2481 1270 2759 1333 poenam
2819 1254 3100 1337 exigere.
3186 1251 3382 1319 Nunc
3424 1273 3580 1319 vero
3627 1253 3891 1336 optione
3936 1254 4121 1336 data,
4184 1259 4432 1325 servire

2481 1336 2626 1401 Deo
2669 1335 2883 1402 velint
2925 1357 3157 1415 necne,
3205 1337 3493 1404 habenas
3533 1338 3744 1417 laxat,
3842 1361 3925 1404 uo
3968 1340 4278 1409 audacius
4322 1365 4432 1409 ru-

2481 1429 2600 1486 ant
2642 1420 2725 1486 ad
2778 1421 3087 1506 peccandi
3140 1422 3493 1490 licentiam.
3579 1423 3799 1491 Absur
3842 1427 3945 1490 ius
4004 1429 4199 1493 etiam
4259 1428 4433 1512 quod

2480 1508 2804 1656 sequitur,
2873 1508 2988 1575 ubi
3045 1517 3244 1594 negat
3286 1509 3429 1574 Deo
3474 1529 3660 1593 posse
3710 1512 3995 1577 servire:
4060 1533 4136 1581 ac
4179 1514 4236 1580 si
4279 1536 4434 1582 con·

2481 1614 2557 1659 su
2588 1602 2654 1658 to
2700 1592 3040 1678 impellere
3081 1593 3259 1678 ipsos
3305 1595 3506 1661 vellet
3546 1595 3630 1660 ad
3674 1596 4136 1664 excutiendum
4180 1600 4432 1686 iugum.

2481 1678 2692 1763 Atqui
2758 1678 3026 1746 dubium
3106 1701 3241 1746 non
3306 1690 3436 1759 est,
3526 1681 3683 1765 quin
3765 1682 4039 1766 spiritus
4114 1685 4436 1753 instinctu

2481 1765 2848 1849 gubernata
2881 1766 3078 1831 fuerit
3119 1767 3261 1831 eius
3303 1765 3532 1851 lingua
3575 1767 3658 1832 ad
3704 1768 4130 1836 excutiendos
4169 1772 4435 1838 illorum

2482 1870 2733 1916 sensus.
2823 1850 2996 1916 Nam
3065 1851 3181 1917 ubi
3259 1852 3441 1918 Deus
3513 1852 3810 1919 homines
3888 1855 4009 1922 sub
4086 1856 4434 1940 imperium

2482 1957 2677 2001 suum
2723 1937 2913 2023 cogit,
2950 1937 3337 2021 plerumque
3381 1937 3540 2004 satis
3584 1937 3942 2005 voluntarii
3987 1949 4144 2007 sunt
4176 1942 4259 2007 ad
4285 1965 4436 2027 pro-

2482 2021 2802 2087 fitendum
2847 2023 3136 2088 studium
3180 2023 3472 2107 pietatis,
3541 2045 3580 2089 a
3663 2045 3746 2090 uo
3788 2032 4011 2091 tamen
4056 2028 4278 2093 statim
4326 2027 4437 2095 de-

2482 2109 2733 2174 fluunt:
2787 2108 2882 2173 ita
2925 2108 3275 2176 aedificant
3317 2109 3461 2175 sine
3504 2107 3621 2174 fun
3670 2119 3949 2177 amento.
4037 2112 4118 2178 Id
4165 2115 4241 2178 fit
4284 2116 4438 2199 quia

2481 2215 2604 2260 nec
2649 2193 2730 2260 de
2773 2215 2894 2260 sua
2936 2195 3381 2262 imbecillitate
3424 2194 3602 2276 satis,
3648 2205 3722 2260 ut
3748 2215 3867 2278 par
3901 2204 4060 2278 erat,
4107 2198 4436 2281 diffidunt,

2483 2298 2607 2346 nec
2664 2288 2976 2364 reputant
3034 2300 3228 2364 quam
3283 2280 3545 2347 difficile
3587 2280 3673 2346 sit
3732 2290 3902 2347 totos
3945 2305 4015 2349 se
4056 2283 4204 2350 Deo
4254 2284 4438 2351 addi-

2483 2385 2652 2432 cere.
2740 2365 2966 2448 Quare
3011 2366 3182 2433 serio
3227 2367 3531 2432 examine
3573 2387 3735 2450 opus
3780 2375 3912 2447 est,
3959 2390 4042 2434 ne
4075 2368 4210 2437 levi
4252 2380 4439 2438 motu

2484 2451 2554 2516 in
2601 2451 2879 2518 arduum
2923 2452 3241 2533 feramur,
3287 2461 3485 2537 atque
3527 2452 3617 2516 ita
3661 2452 3837 2517 inter
3879 2454 4126 2537 primos
4166 2468 4440 2524 conatus

2483 2558 2606 2604 nos
2662 2558 3000 2604 successus
3052 2537 3381 2604 destituat.
3470 2537 3615 2603 Hoc
3657 2538 3924 2604 consilio
3966 2539 4160 2605 Iosue
4204 2544 4439 2625 proba·

2482 2624 2683 2690 tionis
2725 2644 2922 2690 causa
2965 2623 3245 2690 Iudaeos
3291 2624 3691 2708 emancipat,
3752 2631 3830 2689 ut
3886 2632 4197 2709 tanquam
4242 2629 4439 2695 soluti

2483 2717 2553 2774 et
2593 2709 2695 2776 sui
2737 2709 2904 2775 iuris
2947 2709 3028 2777 de
3083 2711 3344 2795 integro
3400 2709 3485 2775 eli
3535 2718 3651 2775 ant
3712 2730 3906 2793 quem
3952 2711 4168 2777 Deum
4230 2713 4439 2781 velint

2482 2795 2726 2873 colere,
2801 2815 2936 2861 non
2993 2803 3071 2861 ut
3126 2816 3168 2862 a
3224 2814 3384 2863 vera
3434 2816 3509 2860 re
3537 2796 3750 2880 igione
3814 2796 4069 2882 abigat,
4135 2800 4247 2882 qui
4305 2799 4436 2865 iam

2482 2882 2633 2966 plus
2696 2882 2854 2948 satis
2917 2890 3108 2948 erant
3171 2882 3523 2966 proclives:
3604 2880 3721 2948 sed
3797 2902 3883 2948 ne
3953 2883 4436 2952 inconsiderate

2531 2967 2873 3033 remittant
2925 2967 3095 3053 quod
3154 2968 3353 3050 paulo
3402 2976 3550 3050 post
3604 2967 3872 3035 violent.
3965 2967 4217 3054 Scopus
4258 2972 4437 3037 enim

2522 3074 2681 3120 osus
2744 3054 2872 3120 fuit
2943 3074 3264 3121 renovare
3326 3053 3554 3120 foedus
3616 3073 3692 3120 ac
3758 3053 4015 3120 sancire
4073 3076 4223 3122 cum
4290 3057 4434 3123 Deo

2480 3140 2616 3205 iam
2719 3160 3092 3219 ercussum,
3162 3147 3235 3204 ut
3294 3138 3676 3206 videbimus.
3766 3139 3915 3205 Non
3962 3140 4080 3207 abs
4121 3162 4193 3207 re
4229 3142 4436 3228 igitur

2479 3225 2614 3292 illis
2703 3232 2853 3291 atur
2896 3223 3180 3311 eligendi
3215 3225 3518 3305 libertas,
3583 3246 3666 3290 ne
3710 3232 3935 3309 postea
3976 3227 4465 3295 necessitatem-

2481 3310 2870 3392 obtendant,
2953 3311 3064 3377 ubi
3129 3332 3200 3376 se
3263 3311 3526 3394 proprio
3590 3331 3913 3378 consensu
3975 3312 4430 3397 obligaverint.

2478 3398 2745 3465 Interea
2784 3403 2862 3463 ut
2905 3396 3225 3481 pudorem
3267 3396 3427 3481 ipsis
3474 3395 3782 3477 incutiat,
3848 3417 3919 3463 se
3960 3396 4033 3462 in
4076 3397 4206 3467 Dei
4250 3400 4434 3467 cultu

2477 3505 2628 3554 cum
2674 3482 2866 3549 domo
2910 3503 3031 3549 sua
3066 3490 3644 3567 perseveraturum
3680 3491 3980 3549 testatur.

2654 3569 2755 3635 16.
2829 3568 2951 3636 Oui
3002 3569 3320 3651 respoudit
3364 3568 3662 3652 populus.
3751 3568 3882 3634 Hic
3923 3569 4057 3635 iam
4103 3589 4234 3635 non
4279 3592 4432 3654 poe-

2476 3654 2791 3721 nitendus
2847 3655 2972 3720 fuit
3026 3656 3279 3722 fructus
3343 3655 3626 3739 optionis
3677 3653 3894 3735 datae,
3972 3655 4088 3721 ubi
4153 3657 4433 3740 populus

2476 3762 2611 3806 non
2653 3741 2833 3807 iurat
2874 3741 2947 3806 in
2990 3740 3259 3808 alterius
3302 3741 3546 3819 verba,
3610 3761 3732 3808 nec
3766 3740 3939 3824 quod
3983 3740 4250 3808 aliunde
4295 3742 4432 3810 dic-

2476 3834 2690 3892 tatum
2749 3828 2876 3892 fuit
2928 3826 3116 3911 quasi
3173 3847 3292 3911 pro
3361 3826 3671 3910 obsequio
3728 3836 3945 3892 ratum
4002 3825 4235 3893 habet:
4315 3828 4433 3895 sed

2474 3913 2660 3979 nefas
2700 3932 2844 3979 esse
2886 3915 3282 3997 pronunciat
3324 3933 3364 3979 a
3408 3912 3551 3978 Deo
3608 3910 3984 3978 desciscere.
4070 3913 4293 3997 Atque
4335 3914 4432 3981 ita

2475 3996 2558 4064 ad
2602 3998 2881 4066 foederis
2924 3998 3483 4066 confirmationem
3526 4018 3658 4063 non
3702 4019 3936 4082 parum
3982 3997 4188 4079 valet,
4253 4000 4431 4084 quod

2474 4084 2601 4151 sibi
2681 4085 2855 4151 ultro
2917 4084 3135 4171 legem
3220 4084 3516 4168 imponit.
3605 4080 3886 4150 Summa
3949 4085 4244 4168 responsi
4310 4095 4428 4167 est,

2474 4191 2677 4254 quum
2713 4170 2898 4238 Deus
2952 4171 3131 4255 ipsos
3186 4168 3471 4236 mirabili
3528 4168 3977 4254 redemptione
4036 4168 4162 4236 sibi
4204 4172 4426 4255 acqui-

2473 4255 2658 4322 sierit
2699 4256 2770 4322 in
2828 4256 3147 4342 populum
3205 4257 3631 4340 peculiarem,
3697 4264 4014 4341 perpetuo
4072 4256 4426 4325 auxiliatus

2474 4343 2595 4426 sit,
2661 4350 2856 4427 atque
2899 4342 3260 4409 ostenderit
3301 4363 3372 4408 se
3417 4343 3579 4427 ipsis
3623 4361 3766 4408 esse
3808 4343 3880 4407 in
3924 4342 4162 4421 Deum,
4208 4342 4423 4410 detes-

2472 4428 2740 4496 tabilem
2800 4430 2940 4494 fore
2993 4428 3534 4514 ingratitudinem
3553 4478 3568 4508 ,
3635 4427 3693 4493 si
3750 4447 3826 4494 eo
3883 4426 4256 4513 repudiate,
4339 4428 4421 4494 ad

2473 4514 2628 4581 deos
2670 4514 2915 4581 alienos
2960 4513 3339 4581 desciscant.

2648 4601 2748 4667 19.
2793 4599 3104 4685 Dixitque
3146 4601 3353 4667 Iosue.
3441 4599 3571 4666 Hic
3615 4618 3774 4666 vero
3830 4618 4099 4682 prorsus
4141 4599 4422 4668 absurde

2469 4687 2683 4754 facere
2743 4685 3002 4753 videtur
3043 4685 3268 4766 Iosue,
3335 4686 3448 4769 qui
3505 4692 3881 4769 promptum
3926 4693 3995 4749 et
4050 4684 4262 4751 alacre
4307 4706 4422 4770 po-

2469 4773 2611 4858 puli
2653 4770 2947 4839 studium
2992 4782 3239 4839 terrore
3282 4770 3545 4856 frangit.
3633 4770 3963 4853 Quorsum
3999 4771 4178 4835 enim
4221 4781 4423 4857 negat

2466 4880 2658 4943 posse
2702 4859 2952 4925 servire
2992 4860 3156 4938 Dec,
3201 4857 3331 4925 nisi
3374 4866 3448 4922 ut
3489 4858 3632 4942 ipsa
3674 4855 4001 4936 ἀδυνᾰμεια
4043 4876 4154 4922 eos
4195 4857 4266 4922 in
4313 4858 4423 4924 de-

2470 4947 2908 5030 sperationem
2971 4945 3289 5023 coniiciat,
3371 4964 3500 5027 qua
3555 4964 3595 5007 a
3658 4943 3890 5007 timore
3952 4940 4081 5006 Dei
4146 4941 4420 5009 alienari

2469 5049 2737 5098 necesse
2777 5029 2945 5096 fuit?
3032 5031 3285 5096 Verum
3324 5030 3449 5096 hac
3483 5028 3783 5113 quamvis
3824 5046 4057 5110 aspera
4097 5034 4420 5095 contesta-

2468 5117 2648 5184 tione
2712 5115 3048 5184 socordem
3126 5116 3444 5200 populum
3466 5163 3482 5192 ‚
3568 5122 3634 5179 et
3705 5114 4053 5179 securitate
4114 5112 4418 5180 hebetem

2468 5203 2897 5288 expergefieri
2943 5222 3207 5269 necesse
3248 5200 3404 5268 fuit:
3463 5198 3633 5284 quod
3671 5196 3969 5265 videmus
4014 5197 4245 5264 saltem
4279 5220 4418 5266 mo-

2466 5296 2817 5356 mentaneo
2861 5309 3164 5356 successu
3209 5308 3343 5353 non
3386 5286 3694 5354 caruisse.
3783 5283 4010 5366 Neque
4053 5286 4230 5350 enim
4275 5287 4417 5352 ani-

2465 5396 2608 5443 mos
2644 5372 3081 5459 despondent,
3147 5374 3255 5441 vel
3300 5372 3637 5459 segniores
3676 5369 4072 5437 redduntur:
4142 5369 4260 5436 sed
4294 5372 4418 5440 hoc

3903 5472 4005 5527 36*
