5017 6142
418 468 544 536 325

419 666 496 724 ut
550 657 632 724 de
690 678 762 724 re
804 656 1026 723 minus
1078 657 1278 741 probe
1333 660 1668 741 comperta
1723 657 2047 742 proferret
2098 666 2367 724 senten-

418 746 596 810 tiam.
688 742 907 811 Scivit
961 762 1120 829 ergo
1171 742 1327 827 quid
1384 750 1685 829 peterent
1740 743 1862 809 filii
1907 741 2057 810 Gad
2115 754 2181 809 et
2225 744 2368 809 Ru-

415 829 575 896 ben:
634 829 908 912 ideoque
961 837 1095 894 tam
1154 829 1586 896 vehementer
1627 829 1699 894 in
1744 850 1853 895 eos
1907 829 2213 896 invectus
2268 837 2370 896 est

462 915 587 982 uod
645 914 956 981 scelerato
1001 914 1282 980 divortio
1337 935 1573 999 eorpus
1618 914 1927 982 ecclesiae
1985 917 2367 982 lacerarent.

414 937 752 1085 {rincipio
808 998 1070 1084 quidem
1128 999 1209 1065 de
1265 1000 1490 1086 iniqua
1548 1008 1616 1066 et
1665 1011 2082 1085 praepostera
2139 1021 2365 1065 eorum

417 1085 772 1171 cupiditate
873 1086 1272 1169 expostulat,
1371 1088 1525 1171 quia
1625 1085 1911 1153 desidiae
2024 1086 2365 1153 materiam

417 1183 699 1257 captent,
745 1171 1056 1238 fratribus
1098 1193 1216 1257 per
1258 1181 1504 1239 terram
1548 1172 1849 1238 hostilem
1894 1172 2020 1238 iter
2060 1172 2363 1238 facturis:

417 1280 631 1344 neque
682 1259 859 1324 enim
911 1258 1058 1323 iure
1117 1259 1398 1342 potiores
1456 1267 1679 1337 erant,
1741 1264 1815 1323 ut
1863 1258 1932 1323 in
1988 1257 2137 1325 illos
2187 1257 2363 1324 labo-

416 1367 556 1425 res,
642 1344 934 1429 pericula
997 1351 1064 1410 et
1126 1345 1344 1410 omnia
1410 1343 1682 1409 militiae
1743 1363 1944 1409 onera
2000 1345 2363 1410 reiicerent.

418 1430 645 1512 Quum
721 1449 877 1514 ergo
947 1430 1172 1496 eadem
1252 1428 1687 1496 communiter
1764 1430 2068 1496 omnibus
2126 1451 2165 1496 a
2220 1430 2364 1497 Deo

416 1517 727 1601 imposita
805 1524 976 1582 esset
1039 1514 1356 1597 conditio,
1433 1524 1687 1599 partem
1764 1515 1952 1598 quasi
2023 1515 2365 1601 privilegio

415 1605 618 1669 eximi
695 1608 947 1668 rectum
1029 1622 1161 1667 non
1226 1601 1370 1667 fuit.
1459 1601 1714 1666 Verum
1792 1602 2085 1667 severius
2162 1601 2366 1685 impia

419 1687 733 1755 adversus
761 1688 978 1753 Deum
1015 1686 1417 1772 ingratitudo
1455 1694 1523 1753 et
1564 1686 1964 1771 perversitas
2008 1706 2198 1770 quam
2241 1688 2365 1752 ini-

417 1777 634 1858 quitas
690 1775 760 1839 in
821 1772 1060 1839 fratres
1126 1774 1516 1857 castigatur,
1580 1771 1736 1838 dum
1802 1772 1933 1839 illis
1995 1772 2364 1857 exprobrat,

420 1862 543 1928 hoc
587 1859 778 1925 modo
822 1858 1035 1944 frangi
1078 1859 1276 1925 corda
1332 1860 1612 1925 filiorum
1655 1858 1896 1939 Israel,
1952 1880 2038 1924 ne
2094 1867 2367 1943 pareant

419 1946 685 2015 vocanti
727 1947 890 2012 Deo,

592 2033 652 2099 8.
728 2029 836 2096 Sic
874 2031 1166 2114 fecerunt.
1254 2029 1523 2096 Crimen
1583 2029 1942 2114 amplificat
1984 2051 2022 2094 a
2058 2031 2370 2096 continua

417 2117 885 2185 obstinatione:
925 2115 1085 2182 adeo
1119 2116 1288 2182 filios
1326 2137 1459 2181 non
1494 2115 1795 2183 sublevat
1826 2125 2091 2200 patrum
2127 2116 2368 2198 impro-

416 2203 649 2271 borum
694 2203 1007 2283 imitatio,
1063 2210 1141 2268 ut
1181 2201 1440 2286 culpam
1489 2205 1709 2286 potius
1752 2200 2056 2286 duplicet.
2144 2199 2259 2268 Sic
2303 2208 2371 2265 et

419 2289 802 2373 Stephanus
836 2286 1098 2354 Iudaeis
1133 2309 1290 2353 suae
1325 2289 1559 2354 aetatis
1602 2286 1823 2354 obiicit
1865 2287 2186 2355 scelerum
2224 2308 2374 2353 con-

419 2376 875 2454 tinuationem,
899 2374 969 2438 in
991 2395 1119 2458 qua
1141 2373 1386 2440 similes
1409 2382 1599 2439 crant
1618 2373 1912 2458 patribus
1936 2372 2112 2460 (Act.
2141 2373 2200 2454 7,
2224 2373 2369 2460 51):

420 2483 496 2530 ac
539 2461 596 2527 si
640 2468 936 2541 vocaret,
998 2459 1317 2525 malorum
1373 2479 1723 2527 corvorum
1766 2459 1940 2524 mala
1982 2479 2122 2525 ova.
2211 2458 2368 2538 Vos,

418 2548 659 2632 inquit,
725 2546 1162 2613 incircumcisi
1219 2544 1442 2626 corde,
1512 2565 1771 2629 semper
1833 2544 2050 2612 fuistis
2093 2544 2370 2611 rebelles

419 2633 681 2718 spiritui
724 2640 981 2709 sancte,
1049 2631 1222 2697 sicut
1264 2639 1333 2696 et
1373 2643 1593 2716 patres
1637 2632 1861 2698 vestri.
1953 2629 2066 2697 Sic
2110 2639 2178 2697 et
2218 2651 2368 2714 pro-

418 2721 620 2804 pheta
682 2718 840 2784 dum
903 2725 1200 2802 posteros
1267 2717 1569 2783 hortatur
1623 2717 1705 2783 ab
1762 2717 2178 2800 obsequium,
2244 2716 2368 2784 hoc

419 2804 592 2872 idem
648 2804 1027 2888 exemplum
1084 2803 1157 2868 in
1211 2804 1594 2869 memoriam
1639 2812 1943 2869 revocat:
2001 2802 2104 2868 Ne
2164 2801 2367 2869 obdu-

420 2893 579 2957 retis
622 2889 819 2957 corda
862 2899 1084 2956 vestra
1126 2889 1298 2954 sicut
1341 2890 1410 2954 in
1455 2889 1904 2969 contentione,
1960 2889 2030 2953 in
2076 2886 2183 2953 die
2223 2897 2367 2953 ten-

420 2976 684 3043 tationis
728 2977 796 3041 in
844 2974 1128 3055 deserte,
1188 2975 1300 3041 ubi
1356 2995 1464 3041 me
1507 2982 1849 3041 tentarunt
1903 2983 2122 3058 patres
2158 2975 2366 3041 vestri

416 3062 852 3148 quadraginta
907 3061 1132 3129 annis:
1191 3058 1557 3127 molestiam
1618 3080 1849 3146 passus
1893 3080 2040 3125 sum
2086 3080 2125 3126 a
2167 3081 2369 3145 gene-

420 3149 675 3217 ratione
732 3148 890 3228 hac,
951 3155 1071 3213 etc.
1119 3145 1318 3232 (Psal.
1368 3147 1486 3228 95,
1545 3146 1633 3234 9).
1722 3147 1873 3212 Non
1931 3146 2048 3212 abs
2097 3167 2167 3211 re
2210 3166 2367 3230 ergo

412 3234 837 3318 conqueritur
902 3254 1076 3299 nunc
1139 3232 1390 3310 Moses,
1472 3233 1726 3298 nullum
1793 3252 1934 3298 esse
2013 3231 2367 3315 impietatis

419 3320 685 3386 modum
730 3339 807 3385 ac
848 3320 1082 3400 finem,
1128 3316 1286 3384 dum
1329 3318 1470 3396 filii,
1523 3327 1838 3401 paternae
1880 3317 2171 3383 malitiae
2216 3317 2365 3382 hae-

420 3405 638 3487 redes,
683 3406 825 3471 Deo
870 3406 1173 3471 resistere
1216 3425 1349 3469 non
1408 3403 1733 3470 desinunt.
1822 3405 1912 3469 Et
1954 3424 2080 3487 quo
2130 3402 2366 3469 melius

420 3500 734 3578 appareat
790 3491 1085 3558 criminis
1143 3488 1505 3556 similitudo
1548 3500 1615 3556 et
1659 3490 1979 3566 affinitas,
2026 3489 2365 3555 historiam

419 3579 682 3663 longius
746 3586 1062 3644 recenset.
1150 3576 1505 3661 Comparat
1579 3585 1799 3641 autem
1864 3575 2235 3641 Rubenitas
2300 3585 2369 3640 et

417 3664 701 3731 Gaditas
744 3685 874 3728 non
921 3664 1037 3728 toti
1075 3663 1347 3746 populo,
1407 3660 1520 3727 sed
1577 3661 1795 3728 decem
1845 3660 2367 3745 exploratoribus

415 3758 635 3816 terrae
678 3770 717 3813 a
760 3749 994 3832 quibus
1037 3758 1254 3815 coorta
1293 3749 1506 3814 fuerat
1551 3746 1815 3813 seditio:
1860 3750 2013 3831 quia
2056 3747 2366 3830 populum

415 3846 733 3921 quantum
776 3837 844 3900 in
892 3856 961 3901 se
1005 3846 1104 3900 est
1149 3856 1187 3900 a
1229 3842 1406 3900 recto
1458 3834 1789 3918 proposito
1835 3842 2155 3899 avertant.
2249 3831 2367 3899 Se-

412 3921 633 3991 cundo
676 3941 956 4006 poenam
1003 3940 1167 4003 quae
1211 3930 1490 4004 sequuta
1524 3930 1626 3985 est
1669 3920 1980 3997 annectit,
2023 3926 2100 3984 ut
2134 3917 2365 3984 saltem

417 4017 672 4074 terrore
717 4027 826 4073 eos
871 4014 1276 4090 permoveat:
1323 4007 1477 4089 quia
1505 4006 1619 4070 vix
1662 4004 2062 4089 sperandum
2106 4013 2247 4071 erat
2290 4014 2368 4069 ut

417 4102 652 4179 sponte
716 4092 1192 4176 resipiscerent.
1283 4091 1614 4157 Admonet
1677 4112 1867 4175 ergo,
1947 4111 2146 4175 quum
2230 4104 2364 4156 tam

420 4179 673 4246 duriter
730 4177 1268 4244 animadverterit
1309 4178 1492 4243 Deus
1535 4177 1605 4242 in
1650 4184 1870 4261 patres
1891 4227 1905 4253 ,
1963 4175 2206 4260 insigni
2252 4175 2366 4241 do-

420 4274 720 4332 cumento
754 4272 1062 4331 testatum
1097 4285 1259 4343 esse,
1303 4271 1598 4346 posteros
1643 4282 1894 4346 quoque
1930 4263 2195 4345 impune
2229 4282 2366 4326 non

420 4350 685 4432 laturos,
732 4351 860 4417 nisi
906 4347 1146 4416 dociles
1189 4359 1407 4416 essent
1442 4370 1514 4416 ac
1558 4347 1884 4432 morigeri.
1943 4351 2043 4414 Ac
2080 4346 2367 4413 notanda

421 4446 522 4504 est
564 4437 885 4522 loquutio:
932 4435 1108 4518 Quia
1150 4435 1823 4518 non-compleverunt
1864 4444 2010 4516 post
2053 4455 2191 4514 me,
2235 4453 2367 4518 qua

421 4524 746 4607 significat
768 4523 951 4588 Deus
985 4521 1233 4587 nullam
1256 4541 1398 4585 esse
1433 4518 1695 4586 laudem
1729 4519 2083 4603 quamlibet
2116 4520 2366 4585 strenui

422 4631 678 4689 cursus,
736 4610 865 4675 nisi
909 4606 990 4672 ad
1039 4615 1275 4673 met-am
1321 4627 1525 4690 usque
1574 4614 1994 4689 perseverent
2046 4605 2362 4670 homines.

422 4696 568 4761 Etsi
623 4705 845 4761 autem
900 4691 968 4759 id
1021 4700 1173 4758 ante
1230 4712 1437 4758 annos
1489 4690 1923 4776 quadraginta
1982 4692 2362 4774 contigerat,

422 4781 575 4866 quia
618 4789 838 4847 tamen
884 4778 965 4846 ad
1011 4800 1159 4844 eum
1202 4798 1406 4862 usque
1451 4776 1623 4842 diem
1669 4776 1962 4843 vindicta
2003 4798 2196 4859 quam
2241 4777 2365 4841 mi-

425 4876 616 4933 natus
651 4868 868 4933 fuerat
903 4866 1101 4945 Deus,
1139 4873 1291 4930 ante
1330 4884 1556 4929 eorum
1594 4863 1810 4929 oculos
1841 4873 2098 4929 versata
2133 4864 2365 4941 fuerat,

422 4953 695 5038 perinde
737 4954 915 5037 ipsos
960 4950 1176 5017 decuit
1218 4950 1386 5017 affici
1432 4968 1508 5015 ae
1551 4950 1606 5014 si
1653 4969 1917 5013 manum
1964 4949 2106 5013 eius
2152 4946 2365 5014 adhuc

424 5048 756 5105 extentam
820 5045 1180 5105 cernerent.
1269 5034 1607 5119 Quotquot
1669 5035 1843 5100 enim
1917 5033 2366 5100 moriebantur

425 5126 489 5190 in
575 5124 864 5203 deserto,
954 5123 1143 5189 toties
1239 5120 1600 5187 vindictam
1698 5140 1882 5187 suam
1982 5120 2368 5206 obsignabat

424 5211 610 5278 Deus
677 5231 762 5276 ne
823 5228 951 5294 qua
1023 5228 1310 5292 unquam
1365 5206 1604 5273 oblivio
1682 5225 1826 5272 eam
1895 5202 2365 5291 exstingueret.

424 5295 567 5363 Iam
639 5298 697 5362 si
773 5303 1113 5378 tantopere
1188 5294 1259 5359 in
1346 5293 1781 5377 promiscuam
1870 5291 2365 5357 multitudinem

408 5383 670 5450 -exarsit
712 5383 913 5460 Deus,
957 5394 1199 5464 quanto
1241 5380 1458 5446 minus
1491 5387 1749 5444 autores
1785 5376 1913 5461 ipsi
1955 5374 2364 5463 effugerent?

1833 467 2241 537 REDITUS
2289 470 2415 537 AD
2460 469 3010 540 HISTORIAM.

4293 482 4430 549 326

2645 660 2745 726 14.
2807 658 2967 726 Ecce
3006 666 3213 727 autem
3255 664 3642 730 surrexistis.
3712 662 4063 750 Significat
4098 687 4209 734 eos
4245 690 4422 739 nunc

2470 745 2782 811 scelerate
2828 744 3097 831 agend0
3142 747 3415 831 implere
3461 769 3839 815 mensuram
3884 760 4178 833 patrum:
4226 756 4420 822 sicuti

2470 829 2551 896 de
2593 830 2856 897 Iudaeis
2881 833 3005 915 wsui
3048 834 3361 916 temporis
3405 834 3714 917 loquutus
3758 845 3859 901 est
3903 836 4234 905 Christus:
4293 840 4420 910 hoc

2468 935 2665 983 sensu
2724 928 2909 983 vocat
2963 938 3073 984 eos
3131 919 3560 985 accessionem
3580 971 3594 998 ,
3701 921 3830 987 uod
3883 944 4119 990 nomen
4177 926 4420 1010 accipio

2514 1021 2587 1068 ro
2641 1002 2923 1069 cumulo.
3012 1003 3184 1069 Nam
3243 1002 3412 1088 quod
3457 1005 3569 1070 alii
3614 941 4094 1087 educationem,
4156 1010 4267 1076 alii
4312 1031 4419 1078 so

2549 1089 2712 1170 lem,
2779 1089 2891 1154 alii
2958 1110 3118 1155 vero
3183 1090 3483 1156 alumnos
3548 1099 3852 1172 vertunt,
3918 1094 4227 1179 frigidum
4294 1104 4417 1167 est.

2723 1173 3047 1241 Hebraeis
3088 1176 3351 1259 proprie
3394 1186 3495 1242 est
3536 1177 4048 1253 incrementum,
4094 1183 4198 1247 vel
4246 1181 4419 1249 mul-

2467 1260 2813 1342 tiplicatio:
2859 1259 3131 1344 ideoque
3166 1260 3247 1325 ad
3285 1282 3520 1327 usuras
3557 1264 3973 1331 transfertur.
4029 1266 4159 1333 Hic
4193 1275 4417 1335 autem

2465 1345 2650 1411 locus
2699 1346 2990 1430 postulat
3045 1367 3164 1431 pro
3220 1349 3523 1435 congerie
3579 1351 3852 1432 exponi:
3913 1371 3988 1417 ac
4042 1352 4099 1417 si
4154 1351 4418 1436 diceret,

2468 1430 2549 1497 de
2574 1435 2831 1516 integro
2867 1432 3180 1497 scaturire
3216 1452 3454 1498 novam
3489 1433 3768 1512 turbam,
3805 1456 3971 1519 quae
4004 1436 4418 1523 impietatem

2466 1536 2675 1600 usque
2750 1516 2835 1583 ad
2900 1538 3207 1583 acervum
3285 1517 3612 1602 perducat.
3725 1519 4028 1606 Denique
4107 1524 4419 1610 intelligit

2466 1602 2720 1687 lignum
2779 1603 2919 1687 igni
2976 1603 3110 1668 iam
3155 1605 3366 1688 sopito
3422 1625 3566 1671 esse
3610 1603 3937 1688 additum,
3994 1629 4121 1690 quo
4170 1630 4416 1676 novum

2465 1688 2844 1754 incendium
2887 1689 3242 1754 excitetur:
3298 1689 3457 1757 dicit
3499 1691 3673 1756 enim
3718 1712 3827 1757 eos
3870 1694 4214 1761 materiam
4263 1695 4418 1762 sub

2467 1774 2662 1841 iioere
2703 1775 2843 1841 irae
2887 1775 3012 1840 Dei
3056 1795 3183 1859 quo
3226 1776 3438 1860 magis
3482 1798 3557 1843 ac
3601 1777 3810 1862 magis
3851 1778 3922 1843 in
3960 1786 4167 1845 totum
4211 1801 4418 1866 popu

2468 1858 2608 1925 lum
2654 1859 2988 1946 deflagret.

2992 2201 3123 2267 EX
3168 2200 3499 2269 EODEM
3543 2202 3898 2270 CAPITE.

2646 2373 2746 2438 16.
2783 2371 3274 2439 Etaccesserunt
3300 2375 3386 2440 ad
3405 2394 3562 2457 eum,
3602 2392 3675 2438 ac
3695 2373 4023 2441 dioeermzt:
4061 2374 4420 2461 Caulaspe-

2470 2457 2701 2544 cudwm
2721 2458 3189 2539 aedificabimus
3211 2459 3452 2542 peculio
3471 2465 3678 2525 nostro
3699 2459 3816 2540 hic,
3851 2465 3907 2525 et
3928 2461 4114 2527 urbes
4122 2463 4421 2545 parvulis

2470 2545 2736 2611 nostris.-
2805 2544 2902 2608 17.
2974 2544 3111 2610 Nos
3162 2564 3305 2611 vero
3360 2546 3616 2612 accincti
3660 2546 3900 2611 erimus
3955 2547 4184 2626 armis,
4248 2548 4421 2631 festi-

2471 2636 2692 2697 nantes
2734 2634 2873 2695 ante
2911 2629 3085 2711 filios
3128 2631 3359 2712 Israel,
3398 2631 3591 2697 donec
3632 2631 4170 2698 introduxerimus
4203 2653 4304 2700 eos
4335 2634 4423 2700 ad

2472 2717 2674 2783 locum
2724 2735 2944 2781 suum.-
3004 2720 3061 2780 et
3102 2716 3433 2782 manebunt
3479 2717 3745 2800 parvuli
3797 2718 3998 2783 nostri
4048 2717 4120 2782 in
4163 2718 4422 2785 urbibus

2470 2802 2736 2868 munitis
2785 2805 3046 2884 propter
3107 2801 3477 2868 habitatores
3529 2808 3750 2868 terrae.
3843 2803 3943 2869 18.
4011 2803 4160 2871 Non
4222 2824 4421 2870 rever-

2472 2893 2675 2954 temur
2714 2888 2799 2953 ad
2841 2888 3056 2953 domos
3097 2893 3346 2954 nostras
3419 2888 3602 2955 donec
3632 2888 4004 2971 possideant
4040 2888 4171 2970 filii
4214 2890 4421 2956 Israel

2472 2974 2734 3056 quisque
2786 2971 3225 3039 haereditatem
3278 2994 3479 3040 suam.
3572 2974 3671 3040 19.
3742 2973 3887 3040 Non
3930 2975 4094 3041 enim
4136 2974 4420 3041 haeredi

2472 3064 2660 3124 tatem
2720 3059 3096 3140 accipiemus
3158 3078 3300 3125 cum
3360 3060 3454 3126 eis
3517 3064 3697 3126 trans
3741 3059 4075 3125 Iordanem
4126 3066 4181 3126 et
4221 3060 4420 3128 ultra.-

2471 3147 2635 3227 quod
2691 3147 2956 3210 evenerit
3009 3144 3362 3211 baereditas
3403 3152 3620 3212 nostra
3659 3144 3834 3210 nobis
3882 3147 4042 3211 citra
4085 3146 4421 3213 Iordanem

2471 3230 2559 3296 ad
2608 3230 2937 3296 Orientem.
3025 3231 3132 3296 20.
3196 3230 3285 3296 Et
3325 3232 3494 3297 dixit
3542 3231 3679 3297 illis
3723 3230 3966 3297 Moses.-
4033 3230 4108 3296 Si
4145 3231 4426 3314 feceritis

2469 3315 2596 3395 hoc,
2631 3317 2693 3382 si
2726 3316 3128 3383 accinxeritis
3159 3337 3267 3383 vos
3299 3317 3502 3382 amnis
3542 3335 3750 3382 coram
3784 3314 4019 3382 Ielzova
4051 3317 4137 3382 ad
4168 3317 4421 3384 bellum:

2469 3401 2573 3467 21.
2641 3401 2734 3467 Et
2798 3402 3169 3469 transierint
3239 3423 3318 3469 ea:
3379 3401 3551 3468 vobis
3627 3421 3833 3468 omnes
3896 3402 4153 3469 accincti
4215 3404 4420 3470 armis

2466 3489 2679 3588 ipsum
2738 3487 3075 3553 Iordanem
3126 3492 3266 3554 ante
3319 3487 3643 3568 Iebovam,
3705 3487 3891 3586 donec
3943 3488 4249 3569 expulerit
4295 3490 4421 3556 ini-

2466 3594 2683 3725 zm
4072 3575 4421 3758 ammiud

2469 3744 2729 3824 Iehova,
2777 3750 2835 3811 et
2877 3743 3151 3812 Israele:
3203 3751 3438 3826 eritque
3480 3750 3648 3812 terra
3690 3749 3816 3809 ista
3858 3743 4029 3809 vobis
4071 3766 4144 3810 m
4174 3765 4421 3826 posses-

2466 3832 2701 3896 sionem
2743 3849 2950 3897 coram
2994 3830 3237 3897 Iehova.
3328 3831 3430 3896 23.
3505 3831 3680 3913 Quod
3720 3831 3782 3895 si
3829 3850 3952 3894 non
3990 3830 4264 3913 feceritis
4303 3832 4418 3910 ita,

2466 3936 2612 3997 ecce,
2648 3918 2954 4000 peccastis
2997 3916 3275 3996 Iehovae,
3321 3922 3378 3982 et
3397 3917 3761 3998 perpendite
3795 3921 4116 4000 peccatum
4150 3922 4419 3983 vestrum

2466 4003 2630 4086 quod
2671 4003 2942 4081 inveniet
2978 4023 3100 4068 vos.
3189 4001 3292 4066 24.
3361 4001 3701 4083 Aedificate
3743 4000 3913 4067 vobis
3956 4021 4097 4086 eryo
4139 4003 4418 4070 civitates

2455 4087 4418 4172 propawulisvestris,etcaulasovibusvestris,etquod

2464 4194 2781 4257 eyressum
2822 4178 2910 4240 est
2949 4195 3027 4239 ex
3079 4194 3183 4239 ore
3224 4177 3442 4252 vestro,
3485 4173 3746 4256 facietis.
3834 4172 3938 4239 25.
3995 4172 4084 4237 Et
4122 4174 4420 4241 dixerunt

2462 4260 2591 4342 filii
2639 4260 2815 4339 Gad,
2870 4264 2925 4324 et
2963 4259 3090 4340 fiai
3136 4259 3357 4325 Ruben
3414 4259 3500 4324 ad
3543 4258 3794 4339 Mosen,
3863 4258 4150 4325 dicendo:
4232 4258 4416 4326 Servi

2467 4346 2560 4409 tui
2621 4347 2855 4428 facient
2915 4345 3427 4427 quemadmodum
3491 4345 3786 4410 dominus
3848 4364 4022 4410 meus
4074 4348 4410 4429 praecepit.

2467 4431 2569 4496 26.
2643 4431 2913 4497 Parvuli
2954 4431 3153 4496 nostri
3168 4480 3184 4510 ,
3227 4450 3455 4496 uxores
3496 4437 3756 4510 nostrae,
3786 4450 4018 4512 pecora
4060 4435 4301 4512 nostra,
4360 4435 4415 4496 et

2465 4518 2679 4583 omnia
2711 4518 2992 4582 iumenta
3023 4520 3206 4582 erunt
3236 4517 3329 4581 ibi
3348 4517 3421 4581 in
3455 4516 3718 4582 urbibus
3740 4516 4012 4581 Galaad.
4078 4516 4182 4582 27.
4233 4516 4417 4583 Servi

2464 4609 2670 4668 autem
2732 4603 2831 4668 tui
2884 4601 3240 4668 transibunt
3286 4622 3493 4667 omnes
3546 4604 3801 4669 accincti
3859 4603 4061 4667 armis
4116 4602 4201 4668 ad
4246 4601 4413 4667 mili-

2463 4690 2622 4754 tiam
2656 4708 2867 4755 coram
2902 4686 3132 4755 Iehova
3166 4688 3253 4753 ad
3284 4687 3520 4768 bellum,
3565 4688 4083 4771 quemadmodum
4116 4686 4412 4753 dominus

2462 4795 2637 4841 meus
2669 4775 2965 4857 loquitur.

2638 4946 2736 5010 16.
2797 4944 2888 5011 Et
2918 4950 3314 5012 accesserunt.
3403 4943 3749 5011 Probabile
3792 4948 3893 5008 est
3934 4940 4407 5008 consultatione

2463 5030 2690 5097 habita
2747 5031 2986 5097 iterum
3036 5051 3351 5096 reversos.
3440 5030 3634 5096 Nunc
3691 5049 3774 5092 ex
3822 5047 3947 5111 quo
3989 5025 4407 5093 contulerunt

2466 5117 2678 5201 capita
2772 5116 2942 5201 quod
2996 5117 3139 5182 fieri
3197 5116 3488 5202 oportuit
3535 5122 3880 5197 antequam
3937 5111 4405 5194 pollicerentur

2464 5201 2638 5286 quod
2703 5203 2943 5269 animis
3020 5200 3307 5268 nondum
3381 5206 3837 5284 conceperant,
3919 5217 4001 5260 ex
4077 5200 4402 5264 communi

2465 5289 2760 5355 omnium
2792 5288 3119 5356 sententia
3153 5288 3359 5354 Mosis
3402 5286 3658 5354 decreto
3695 5282 4129 5350 subscribunt.
4195 5282 4402 5350 Porro

2469 5396 2550 5439 ex
2589 5375 2726 5458 ipso
2767 5395 3079 5459 responso
3122 5373 3486 5458 colligimus
3521 5390 3714 5454 quam
3750 5368 3928 5433 utilis
3966 5368 4163 5434 fuerit
4195 5369 4400 5447 Mosis

3885 5469 3988 5524 21*
