5017 6142
490 410 619 478 273

492 598 619 665 fuit
683 597 855 683 quod
925 597 1216 682 reprobis
1280 616 1475 679 saepe
1537 595 1893 665 denunciat
1950 599 2305 684 scriptura,
2363 610 2439 667 ut

494 687 731 773 spiritu
773 684 1117 768 vertiginis
1170 693 1236 750 et
1294 682 1622 749 amentiae
1675 704 2024 766 percussus
2075 685 2247 751 nihil
2301 707 2439 755 cer-

495 784 702 840 neret.
806 770 1136 850 Diximus,
1198 768 1502 853 quamvis
1567 777 1806 834 natura
1869 770 2236 838 invisibiles
2305 774 2441 839 sint

630 858 753 936 eli,
795 877 1070 941 corpora
1112 863 1371 936 tamen,
1428 854 1685 936 quoties
1724 855 1821 920 ita
1863 855 2011 922 Deo
2055 858 2275 923 visum
2319 867 2442 939 est,

497 946 570 1013 in
617 965 792 1020 uere,
837 956 905 1008 et
937 942 1267 1025 suscipere
1302 938 1630 1007 humanas
1665 941 1969 1008 actiones.
2037 941 2205 1024 Quis
2240 964 2441 1028 ange·

498 1032 637 1098 lum
681 1027 897 1114 gladio
956 1025 1285 1094 armavit?
1355 1045 1591 1108 nempe
1645 1028 1759 1109 qui
1804 1048 1891 1092 ex
1935 1027 2145 1094 nihilo
2189 1030 2443 1096 creavit

498 1118 739 1186 omnia.
808 1112 885 1181 Si
927 1113 1076 1199 quis
1119 1114 1419 1178 curiosus
1464 1112 1638 1178 ultra
1680 1125 1929 1197 pergat,
1973 1124 2042 1178 et
2082 1115 2443 1201 interroget

499 1224 584 1270 ex
605 1221 734 1287 qua
753 1201 1030 1266 materia
1048 1199 1247 1265 fuerit
1269 1198 1691 1266 fabrefactus:
1717 1200 2043 1266 contraria
2067 1203 2442 1283 quaestione

499 1290 641 1358 eius
692 1286 1045 1354 stultitiam
1114 1283 1411 1350 refellere
1465 1293 1841 1369 promptum
1912 1286 2067 1366 erit,
2134 1296 2443 1353 utrumne

498 1373 764 1442 mortali
830 1372 1077 1438 homini
1144 1369 1405 1437 facilius
1471 1373 1558 1436 sit
1617 1391 1810 1455 quam
1871 1368 2017 1437 Deo
2075 1372 2317 1437 ferrum
2374 1380 2444 1438 et

499 1461 848 1545 chalybem
891 1459 959 1522 in
1005 1456 1305 1531 diversos.
1341 1475 1503 1521 usus
1558 1469 1803 1540 aptare.
1894 1457 1984 1522 Et
2031 1458 2172 1523 fieri
2228 1468 2444 1543 potest

501 1556 577 1613 ut
640 1544 842 1630 gladii
906 1542 1124 1628 fulgor
1187 1541 1595 1626 apparuerit,
1674 1542 1864 1607 sicuti
1932 1542 2294 1609 Cherubim
2359 1543 2441 1610 ad

500 1629 940 1700 claudendum
1003 1625 1294 1712 paradisi
1356 1625 1607 1693 aditum
1679 1648 1827 1692 cum
1882 1626 2120 1712 gladiis
2179 1629 2443 1695 fuerunt

500 1719 699 1785 locati
742 1736 779 1781 e
814 1715 1081 1800 regione
1114 1712 1321 1780 Adae.
1386 1712 1690 1796 Denique
1731 1712 2008 1780 formam
2051 1715 2282 1798 angelo
2324 1735 2443 1782 suo

503 1802 785 1871 contulit
827 1801 1012 1867 Deus
1030 1849 1047 1878 ,
1114 1820 1279 1883 quae
1336 1808 1519 1863 metu
1564 1798 1945 1882 percelleret
2000 1816 2134 1865 tam
2180 1799 2443 1866 brutum

505 1888 749 1956 animal
818 1906 1015 1970 quam
1096 1883 1751 1968 pseudoprophetam.
1862 1886 1967 1952 Ab
2032 1886 2221 1951 asina
2282 1906 2444 1952 vero

503 1975 782 2058 incepit,
841 1993 972 2056 quo
1029 1972 1304 2054 impium
1349 1970 1678 2036 hominem
1722 1973 1930 2055 magis
1975 1970 2249 2055 puderet
2290 1993 2445 2040 suae

500 2060 848 2129 socordiae.
936 2057 1081 2123 Iam
1127 2065 1355 2122 narrat
1398 2057 1617 2122 Moses
1660 2057 1916 2121 asinam
1958 2058 2170 2140 primo
2215 2058 2443 2142 abrep-

500 2158 635 2214 tam
679 2145 880 2213 fuisse
935 2146 1006 2208 in
1064 2161 1326 2210 cursum
1386 2142 1766 2221 erraticum,
1821 2141 2054 2208 deinde
2113 2164 2312 2227 quum
2371 2145 2442 2210 in

499 2231 826 2317 angustiis
868 2238 1039 2296 esset
1074 2226 1501 2312 deprehensa,
1546 2227 1798 2312 trepide
1838 2229 2177 2314 refugisse,
2225 2239 2299 2296 ut
2332 2251 2445 2314 pe-

501 2321 650 2386 dem
698 2315 946 2383 domini
991 2314 1224 2398 parieti
1265 2312 1580 2379 illideret:
1627 2313 1887 2379 tandem
1930 2317 2054 2380 sub
2098 2336 2174 2381 eo
2218 2337 2445 2383 succu-

500 2404 737 2471 buisse.
827 2401 1024 2468 Certe
1079 2400 1508 2484 expergefieri
1564 2397 1839 2466 debebat
1896 2400 2096 2466 miser
2151 2401 2264 2468 ille
2318 2402 2444 2466 im-

496 2502 754 2577 postor,
799 2488 927 2553 nisi
970 2487 1329 2553 fascinatus
1371 2486 1600 2552 fuisset
1643 2506 1684 2550 a
1726 2484 2002 2552 diabolo.
2090 2486 2181 2552 Et
2222 2488 2444 2554 Moses

502 2576 854 2662 diligenter
876 2573 999 2640 has
1018 2573 1549 2640 circumstantias
1568 2572 1997 2655 persequitur,
2032 2583 2110 2638 ut
2144 2572 2443 2639 ostendat

500 2684 634 2729 non
680 2659 872 2726 modo
916 2659 1247 2743 privatum
1292 2657 1494 2723 fuisse
1537 2678 1737 2723 sensu
1780 2658 2145 2738 communi,
2191 2657 2307 2725 sed
2347 2659 2443 2725 ita

498 2768 768 2832 prorsus
833 2745 1188 2811 attonitum
1251 2751 1326 2809 ut
1389 2742 1473 2809 ad
1536 2743 1796 2828 insigne
1859 2743 2254 2810 miraculum
2307 2765 2440 2810 non

498 2832 886 2900 attenderet.

671 2918 775 2985 28.
822 2915 1096 3001 Aperuit
1130 2913 1312 2980 Deus
1352 2933 1422 2980 os
1464 2915 1701 2982 asinae.
1769 2917 2020 2982 Locum
2064 2915 2243 2983 hunc
2285 2936 2439 2981 exa-

500 3007 720 3090 gitant
764 3003 985 3069 nasuti
1030 3000 1334 3066 homines
1378 3021 1453 3066 ac
1511 3002 1952 3081 subsannant,
2010 3023 2087 3069 ac
2129 3003 2183 3067 si
2227 3002 2439 3070 incre·

501 3091 767 3157 dibilem
834 3087 1124 3155 fabulam
1190 3094 1492 3153 narraret
1554 3087 1793 3153 Moses.
1904 3086 2004 3154 Ac
2083 3088 2441 3171 plausibilis

501 3174 760 3261 quidem
808 3173 1069 3240 videtur
1114 3193 1258 3239 esse
1301 3171 1644 3253 dicacitas,
1691 3171 1848 3239 dum
1890 3174 2206 3241 obiiciunt
2242 3174 2441 3239 nimis

498 3262 584 3328 ab
624 3261 970 3329 articulata
1015 3278 1170 3327 voce
1204 3257 1497 3325 ruditum
1533 3257 1828 3326 differre:
1877 3279 2104 3326 verum
2141 3269 2214 3325 ut
2248 3258 2441 3327 hodie

502 3348 840 3415 licentiose
883 3345 1294 3429 proterviant
1309 3393 1324 3422 ,
1385 3346 1675 3411 sentient
1716 3344 1983 3412 tandem
2026 3366 2225 3429 quam
2269 3347 2437 3411 serio

500 3442 570 3500 et
610 3444 991 3500 reverenter
1045 3428 1446 3513 loquendum
1504 3430 1591 3497 sit
1647 3429 1730 3496 de
1772 3431 2067 3497 mirificis
2110 3429 2238 3496 Dei
2283 3452 2437 3514 ope-

500 3520 699 3595 ribus,
747 3518 828 3584 de
873 3516 1110 3600 quibus
1144 3536 1262 3599 per
1295 3514 1654 3583 ludibrium
1688 3516 1959 3583 iocando
1999 3517 2189 3583 faceti
2227 3516 2438 3582 videri

502 3612 839 3691 appetunt.
950 3603 1161 3668 Porro
1224 3603 1379 3685 quia
1443 3603 1642 3686 longa
1702 3602 2090 3668 refutatione
2165 3603 2440 3688 indigna

501 3699 603 3759 est
646 3711 872 3757 earum
918 3688 1308 3773 garrulitas,
1353 3685 1437 3753 ad
1480 3708 1625 3754 eam
1666 3687 2101 3771 spernendam
2146 3689 2437 3754 contenti

498 3778 707 3843 simus
752 3796 881 3841 uno
904 3774 1112 3840 Mosis
1155 3773 1378 3854 verbo,
1422 3795 1625 3859 quum
1669 3774 1827 3841 dicit
1847 3773 2067 3839 Deum
2103 3796 2175 3840 os
2218 3775 2437 3841 asinae

500 3864 852 3946 aperuisse.
918 3857 1115 3927 Unde
1157 3861 1333 3925 enim
1378 3858 1751 3925 hominibus
1794 3859 2101 3943 loquendi
2143 3860 2436 3942 facultas,

495 3949 629 4015 nisi
673 3969 747 4015 os
791 3965 1017 4012 eorum
1059 3946 1133 4011 in
1177 3946 1389 4029 prima
1430 3945 1660 4012 mundi
1702 3946 2034 4012 creatione
2076 3947 2437 4029 aperuisset

498 4033 731 4101 Deus?
799 4031 993 4100 Unde
1026 4033 1107 4098 fit
1148 4043 1225 4096 nt
1270 4053 1462 4098 voces
1503 4031 1829 4098 humanas
1864 4031 2212 4097 imitentur
2254 4034 2437 4117 picae

497 4140 575 4186 ac
597 4120 877 4204 psittaci,
896 4116 1028 4183 nisi
1049 4115 1223 4201 quod
1242 4139 1432 4184 rarae
1455 4117 1793 4184 cuiusdam
1820 4118 2087 4184 virtutis
2107 4119 2435 4202 specimen

497 4205 572 4271 in
636 4205 772 4271 illis
837 4204 1047 4272 voluit
1111 4204 1295 4270 Deus
1361 4202 1598 4271 edere?
1702 4203 1871 4286 Quis
1938 4205 2141 4288 igitur
2204 4203 2438 4270 mundi

496 4292 715 4375 opifici
757 4291 971 4374 legem
1018 4311 1196 4356 nunc
1248 4292 1575 4374 imponat,
1634 4312 1716 4356 ne
1770 4311 1843 4356 os
1900 4291 2145 4356 bestiae
2199 4291 2440 4358 formet

495 4377 578 4444 ad
624 4374 1086 4460 exprimendas
1126 4375 1365 4459 voces?
1451 4376 1599 4442 Nisi
1641 4375 1812 4442 forte
1855 4377 2240 4442 necessitate
2284 4396 2437 4442 oon-

494 4465 799 4530 striotum
842 4483 985 4528 esse
1030 4460 1275 4541 velint,
1335 4463 1486 4545 quia
1528 4458 1730 4527 semel
1775 4463 2006 4528 statuit
2050 4462 2332 4546 aliquem
2367 4464 2435 4528 in

493 4557 735 4615 natura
753 4548 1067 4627 ordinem,
1082 4569 1166 4614 ne
1188 4547 1519 4614 miraculis
1543 4548 1901 4631 potentiam
1926 4568 2113 4613 suam
2135 4549 2436 4616 declaret.

497 4634 577 4701 Si
619 4636 806 4702 asina
849 4636 918 4702 in
967 4633 1298 4700 hominem
1343 4653 1660 4700 conversa
1714 4633 1911 4713 foret,
1968 4633 2434 4701 documentum

495 4719 1179 4806 incomprehensibilis
1223 4719 1350 4785 Dei
1396 4720 1727 4803 potentiae
1770 4720 2099 4804 suspicere
2143 4719 2431 4787 decebat.

494 4806 693 4875 Nunc
757 4827 958 4890 quum
1022 4825 1266 4890 paucas
1330 4815 1588 4871 tantum
1651 4826 1841 4872 voces
1906 4806 2154 4872 elicitas
2230 4806 2432 4873 fuisse

495 4893 800 4960 audimus
832 4894 977 4959 sine
1012 4892 1447 4977 intelligentia
1479 4899 1548 4958 et
1581 4890 1839 4971 iudicio,
1877 4913 1952 4958 ac
1981 4892 2036 4959 si
2073 4912 2191 4975 per
2212 4905 2432 4959 aerem

493 4990 919 5065 spargeretur
972 4978 1204 5061 aliquis
1256 4999 1456 5045 sonus
1471 5028 1489 5059 ,
1554 4977 2031 5045 miraculumne
2086 4978 2432 5046 habebitur

494 5085 616 5148 pro
677 5064 945 5131 fabula?
1034 5063 1217 5146 Quin
1268 5064 1468 5131 etiam
1526 5063 1586 5130 si
1639 5085 1830 5130 voces
1894 5062 2103 5130 edunt
2157 5064 2431 5149 spiritus

492 5150 818 5217 immundi
861 5151 981 5217 sub
1026 5150 1319 5233 spectris,
1364 5172 1482 5218 cur
1521 5170 1657 5216 non
1700 5151 1945 5234 poterit
1986 5149 2172 5217 Deus
2215 5163 2431 5218 mutas

497 5235 755 5321 linguas
821 5237 905 5301 ad
978 5235 1375 5320 loquendum
1448 5235 1773 5303 formare?
1876 5236 2016 5303 Nos
2082 5259 2238 5304 vero
2301 5258 2431 5321 qua

494 5321 682 5389 decet
733 5321 1107 5387 hnmilitate
1158 5322 1448 5387 revereri
1507 5320 1830 5395 discamus
1887 5320 2058 5407 quod
2121 5323 2304 5390 Deus
2357 5323 2427 5389 in

702 5423 926 5482 Calvisi
951 5439 1139 5493 opera.
1215 5424 1333 5480 Vol.
1368 5423 1557 5479 XXV.

1908 409 2313 480 REDIOEUS
2358 411 2486 479 AD
2531 411 3075 481 HISTORIAM.

4370 417 4501 485 274

2540 600 3175 687 pseudoprophetam
3219 603 3513 670 exercuit
3544 601 3878 671 iudicium.
3946 604 4223 671 Poterat
4264 607 4490 673 statim

2541 687 2759 773 angeli
2825 688 3042 755 verbis
3107 689 3324 773 ipsum
3405 689 3764 773 castigare:
3841 690 3956 755 sed
4027 690 4181 774 quia
4246 690 4489 776 absque

2594 775 2739 839 ravi
2784 773 3148 858 ignominia
3192 796 3323 839 non
3369 776 3530 840 satis
3574 795 3802 840 severa
3835 775 4068 842 fuisset
4101 776 4490 861 obiurgatio,

2660 860 2821 925 tiam
2876 860 2938 926 ei
2996 860 3338 927 constituit
3395 861 3798 945 magistram.
3889 861 4160 928 Accedit
4223 863 4486 946 quidem

2544 953 2768 1030 postea
2827 966 2956 1013 vox
3012 945 3257 1030 angeli:
3317 945 3431 1011 sed
3487 947 3641 1029 quia
3697 957 3832 1012 tam
3890 946 4191 1015 indocilis
4245 947 4483 1027 fuerat,

2545 1051 2667 1116 pro
2711 1031 2947 1096 merito
2993 1040 3347 1110 tractatur,
3392 1042 3469 1096 ut
3510 1052 3712 1114 quum
3754 1031 4104 1116 profecerit
4147 1035 4214 1100 in
4261 1034 4484 1101 schola

2545 1117 2805 1196 asinae,
2850 1116 3070 1182 Deum
3114 1116 3340 1183 audire
3384 1117 3670 1200 incipiat.
3760 1117 3963 1183 Porro
4023 1118 4211 1185 asina
4267 1121 4484 1204 ipsum

2543 1202 2844 1268 hebetem
2890 1222 3032 1268 esse
3077 1210 3146 1269 et
3185 1211 3408 1268 mente
3449 1213 3712 1288 captum
3757 1203 3909 1270 inde
3952 1207 4276 1289 coarguit,
4332 1208 4484 1290 quia

2546 1309 2618 1354 re
2660 1287 2927 1353 insolita
2986 1309 3118 1353 non
3179 1289 3375 1354 fuerit
3431 1289 3945 1373 expergefactus.
4034 1290 4250 1374 Negat
4307 1292 4484 1369 enim

2546 1394 2618 1440 se
2658 1373 2844 1457 prius
2888 1374 3087 1439 fuisse
3129 1373 3599 1440 refractariam.
3666 1374 3847 1459 Ergo
3881 1377 3936 1441 si
3971 1396 4098 1460 qua
4134 1378 4206 1440 in
4242 1377 4482 1444 misero

2545 1457 2830 1525 scintilla
2863 1458 3338 1544 intelligentiae
3376 1460 3635 1541 fuisset,
3677 1468 3981 1543 reputare
4024 1461 4249 1527 debuit
4290 1463 4478 1547 quid-

2548 1564 2701 1610 nam
2740 1544 2867 1610 sibi
2911 1543 3112 1611 vellet
3153 1545 3269 1610 illa
3313 1546 3572 1611 novitas
3615 1555 3683 1610 et
3724 1545 3938 1612 subita
3982 1549 4277 1614 mutatio.
4367 1546 4481 1615 Sic

2548 1651 2588 1695 a
2624 1640 2892 1696 veterno
2914 1631 3408 1715 expergefactus
3430 1631 3572 1708 fuit,
3610 1651 3738 1715 quo
3773 1633 4084 1699 attentius
4113 1632 4484 1717 loquentem

2547 1715 2785 1781 deinde
2828 1717 3137 1799 angelum
3182 1715 3458 1782 audiret.

2720 1801 2824 1868 31.
2884 1801 3138 1868 Detexit
3180 1801 3410 1867 Iehova
3469 1802 3679 1869 oculos
3719 1801 4018 1869 Balaam.
4103 1805 4317 1870 Docet
4375 1804 4483 1871 hio

2547 1886 2759 1965 locus,
2818 1886 3133 1971 quidquid
3180 1895 3281 1953 est
3321 1888 3390 1952 in
3435 1887 3735 1954 sensibus
3778 1890 4020 1955 nostris
4065 1890 4307 1974 vigoris
4351 1911 4482 1957 non

2546 1971 2738 2039 modo
2781 1973 2965 2040 nobis
3011 1972 3327 2038 divinitus
3371 1994 3512 2039 esse
3555 1972 3857 2054 inditum,
3900 1973 4016 2040 sed
4060 1996 4296 2041 arcano
4340 1976 4482 2043 eius

2546 2060 2864 2125 instinctu
2928 2058 3036 2124 vel
3115 2057 3321 2124 foveri
3390 2059 3493 2124 vel
3570 2059 3923 2144 exstingui.
4035 2063 4264 2145 Aperti
4328 2072 4483 2128 sunt

2549 2145 2721 2211 oculi
2765 2144 3070 2225 Balaam:
3132 2165 3289 2228 ergo
3334 2156 3487 2210 ante
3530 2147 3897 2228 oppositum
3957 2158 4101 2212 erat
4156 2147 4479 2227 velamen,

2550 2252 2634 2296 ne
2687 2251 2827 2296 rem
2884 2229 3300 2295 manifestam
3358 2240 3672 2296 cerneret.
3771 2230 3887 2297 Sic
3941 2232 4122 2298 Deus
4180 2254 4299 2317 pro
4364 2255 4482 2299 sno

2547 2315 2817 2382 arbitrio
2852 2314 3117 2382 hebetat
3149 2317 3260 2399 qui
3295 2315 3603 2382 videntur
3645 2312 3769 2382 sibi
3805 2316 3994 2382 valde
4030 2320 4233 2383 acuti:
4290 2319 4479 2385 sicuti

2548 2402 3009 2486 perspicientia
3050 2414 3152 2467 est
3201 2401 3534 2486 singulare
3580 2401 3720 2468 eius
3776 2401 4038 2468 donum.
4129 2403 4480 2471 Caeterum

2547 2489 2617 2553 in
2654 2486 2777 2555 hoc
2811 2487 3111 2571 exemplo
3148 2496 3456 2571 tanquam
3492 2488 3566 2552 in
3601 2487 3862 2570 speculo
3898 2488 4085 2554 nobis
4118 2490 4483 2556 ostenditur

2547 2572 2868 2658 quomodo
2926 2574 3145 2638 Deum
3210 2573 3487 2638 timeant
3548 2573 3959 2657 hypocritae,
4024 2594 4258 2656 nempe
4326 2575 4481 2641 dum

2547 2680 2627 2725 ur
2672 2667 2867 2724 entur
2908 2660 3049 2724 eius
3091 2658 3488 2741 praesentia:
3534 2659 3689 2742 quia
3730 2658 3929 2726 simul
3978 2679 4052 2726 ac
4095 2667 4369 2743 possunt
4410 2681 4481 2728 se

2547 2766 2636 2815 su,
2675 2745 2930 2822 ducere,
2973 2754 3285 2827 tanquam
3331 2744 3506 2827 servi
3551 2744 3808 2829 fugitivi
3855 2745 4223 2811 lasciviunt.
4291 2744 4478 2812 Vidit

2546 2830 2822 2896 Balaam
2877 2829 3187 2914 angelum
3241 2829 3535 2897 districto
3591 2830 3807 2914 gladio
3872 2831 4281 2897 minitantem
4297 2882 4313 2911 ,
4374 2831 4480 2897 de·-

2545 2918 2746 2983 misso
2811 2917 3022 2999 capite
3087 2915 3415 2981 adoravit:
3482 2936 3719 2999 nempe
3784 2918 3936 3000 quia
3999 2915 4287 2981 instabat
4349 2915 4478 2985 Dei

2546 3003 2724 3068 ultio.
2816 3000 2949 3068 Sed
2993 3001 3102 3068 hic
3146 3011 3362 3067 metus
3405 3023 3556 3068 eum
3601 3001 3683 3067 ad
3737 3022 3961 3068 veram
4012 3003 4475 3068 correctionem

2548 3088 2815 3154 minime
2877 3085 3169 3153 adduxit.
3256 3087 3537 3153 Fatetur
3592 3087 3852 3171 quidem
3896 3108 3969 3154 se
4026 3107 4352 3171 peccasse,
4411 3098 4480 3155 et

2544 3174 2987 3257 poenitentiae
3030 3173 3310 3256 aliquem
3353 3174 3637 3240 fructum
3682 3174 3956 3271 profert,
4012 3171 4168 3239 dum
4211 3184 4479 3257 paratus

2546 3268 2646 3325 est
2690 3257 2954 3325 domum
2999 3258 3244 3325 redire:
3303 3259 3486 3343 atqui
3542 3260 3849 3325 ser-vllem
3893 3269 3960 3325 et
3999 3266 4294 3325 coactum
4339 3280 4474 3325 me-

2546 3357 2689 3410 tum
2733 3343 2978 3428 prodit:
3033 3345 3202 3430 quod
3262 3345 3527 3411 nonnisi
3583 3345 3666 3412 ad
3723 3365 4004 3430 poenam
4067 3356 4474 3429 expavescat.

2544 3431 2829 3511 Nescivi,
2873 3430 3106 3514 inquit,
3150 3438 3215 3495 te
3258 3439 3434 3497 stare
3477 3433 3545 3496 in
3592 3431 3715 3498 via.
3783 3431 3964 3515 Ergo
4008 3430 4134 3497 nisi
4178 3441 4475 3499 armatus

2541 3517 2772 3584 fuisset
2836 3516 3112 3601 angelus
3174 3514 3257 3581 ad
3322 3515 3678 3583 vindictam
3697 3567 3712 3594 ,
3777 3536 4005 3583 secure
4069 3517 4256 3600 quasi
4323 3516 4474 3584 data

2541 3603 2932 3686 impunitate
2995 3602 3324 3687 pergebat.
3427 3602 3582 3669 Alio
3642 3604 3839 3668 etiam
3899 3601 4098 3669 verbo
4153 3602 4476 3687 detegitur

2540 3689 2683 3755 eius
2719 3688 3018 3754 vafrities
3054 3698 3120 3754 et
3154 3687 3442 3772 perfidia.
3509 3688 3795 3754 Cursum
3818 3696 4188 3771 retroagere
4211 3698 4476 3772 paratus

2542 3783 2674 3856 est,
2731 3774 2786 3841 si
2842 3775 3060 3840 Deum
3117 3773 3404 3840 offendat
3459 3773 3803 3856 profectio:
3872 3775 4057 3856 quasi
4122 3794 4277 3839 vero
4344 3794 4473 3840 non

2541 3872 2694 3926 ante
2758 3860 3189 3927 intellexisset
3253 3859 3525 3925 minime
3580 3858 3725 3925 Deo
3788 3859 4065 3942 placere.
4167 3858 4475 3926 Ridicula

2540 3956 2641 4012 est
2696 3947 2898 4031 igitur
2955 3945 3267 4023 conditio,
3322 3945 3509 4029 quasi
3552 3943 3632 4009 de
3675 3966 3746 4010 re
3790 3945 3949 4010 satis
3991 3951 4230 4012 testata
4272 3945 4474 4011 ambi·

2539 4045 2743 4117 geret.
2855 4032 2933 4099 Si
2997 4033 3167 4099 serio
3230 4030 3449 4096 Deum
3517 4030 3821 4111 timebat,
3902 4039 3971 4096 et
4030 4049 4209 4113 ‘puro
4275 4031 4476 4096 animi

2540 4119 2778 4185 affectu
2793 4167 2810 4199 ,
2875 4116 3258 4201 simpliciter
3323 4115 3722 4199 expeditioni
3788 4116 3961 4181 male
4016 4127 4081 4181 et
4137 4137 4475 4201 perperam

2541 4212 2882 4287 susceptae
2906 4203 3291 4269 renunciare
3314 4201 3601 4268 debebat.
3662 4200 3996 4283 Quorsum
4030 4201 4206 4267 enim
4241 4202 4478 4268 attinet

2542 4290 2787 4357 dicere:
2832 4289 3144 4366 Peccavi,
3201 4289 3256 4352 si
3314 4297 3502 4370 putat
3547 4286 3688 4352 Deo
3734 4287 4011 4354 adverso
4065 4307 4135 4353 se
4177 4288 4474 4370 persequi

2540 4378 2876 4459 inceptum
2921 4376 3048 4439 iter
3091 4371 3325 4457 posse?
3395 4374 3573 4457 Ergo
3619 4371 3979 4452 discamus,
4038 4370 4151 4438 ubi
4187 4374 4475 4439 innotuit

2540 4463 2667 4528 Dei
2725 4460 3060 4538 voluntas,
3118 4457 3334 4525 nullas
3394 4479 3609 4525 moras
3664 4459 3924 4542 oblique
3979 4457 4474 4542 tergiversando

2539 4558 2817 4613 nectere.
2886 4544 3077 4627 Quod
3114 4543 3273 4611 dicit
3315 4544 3620 4630 angelus:
3666 4545 3811 4611 Nisi
3856 4545 4228 4610 deflexisset
4271 4544 4471 4623 asina,

2538 4654 2610 4699 se
2675 4632 2791 4698 illa
2852 4633 3098 4697 intacta
3161 4632 3655 4698 interfecturum
3719 4630 3922 4697 fixisse
3981 4630 4282 4707 Balaam,
4367 4629 4473 4695 his

2541 4718 2756 4785 verbis
2779 4717 3124 4802 significat,
3161 4737 3294 4782 non
3328 4717 3520 4783 modo
3553 4716 3825 4782 innoxio
3861 4715 4131 4781 animali
4167 4735 4236 4780 se
4271 4713 4474 4780 fuisse

2535 4825 2888 4889 parsurum
2933 4824 3052 4886 pro
3099 4802 3226 4868 Dei
3268 4803 3599 4886 aequitate
3643 4811 3709 4868 et
3753 4801 4097 4869 clementia
4113 4850 4128 4879 ,
4172 4800 4287 4865 sed
4329 4800 4472 4884 ipso

2538 4891 2781 4958 bestiae
2823 4910 3038 4967 sensu,
3086 4908 3163 4954 ao
3205 4888 3258 4954 si
3298 4888 3466 4954 iram
3489 4887 3618 4954 Dei
3656 4888 4131 4973 deprecaretur,
4171 4885 4471 4970 redemp-

2534 4988 2671 5043 tam
2716 4977 2920 5042 fuisse
2965 4974 3212 5041 domini
3274 4974 3511 5055 vitam,
3565 4975 3677 5059 qui
3731 4972 3974 5056 alioqui
4027 4971 4472 5037 misericordia

2531 5063 2847 5148 indignus
2890 5075 3049 5131 erat.

2705 5147 2808 5215 35.
2853 5148 3138 5232 Anystus
3176 5166 3318 5213 vero
3362 5144 3644 5213 lehovae.
3732 5145 3985 5210 Iterum
4027 5142 4274 5209 ironice
4316 5162 4468 5208 con-

2532 5234 2787 5303 ceditur
2830 5234 3031 5318 impio
3075 5232 3325 5300 homini
3367 5229 3541 5316 quod
3574 5230 3718 5297 sine
3752 5228 3994 5296 scelere
4029 5228 4302 5313 exsequi
4336 5249 4468 5296 non

2534 5329 2812 5405 poterat.
2893 5318 3146 5386 Verum
3195 5317 3389 5385 sicuti
3437 5323 3592 5381 ante
3628 5313 3764 5381 dixi
3801 5314 3960 5380 adeo
4004 5314 4130 5380 sibi
4173 5317 4472 5384 conscius
