5017 6142
460 458 548 527 49

459 648 726 716 licentia
767 649 1097 733 peccandi.
1152 652 1365 732 Atque
1409 649 1539 713 huc
1581 647 1846 713 videtur
1890 646 2178 713 alludere
2221 657 2412 712 autor

462 735 795 820 Epistulae
839 735 919 801 ad
950 735 1291 801 Hebraeos
1336 733 1464 820 (12,
1514 733 1641 821 15),
1686 733 1799 798 ubi
1843 732 2067 798 fideles
2110 733 2413 798 hortatur

462 843 548 885 ne
605 822 895 905 ipsorum
945 821 1347 906 negligentia
1389 820 1581 885 radix
1636 820 2108 885 amarulentiae
2150 840 2410 885 sursum

463 907 772 991 pullulet,
831 928 996 991 quae
1039 908 1344 990 inquinet
1386 906 1649 973 multos.
1741 905 1957 971 Simul
2015 926 2173 989 ergo
2217 916 2412 988 atque

462 994 696 1059 fratres
741 1014 895 1060 suos
929 994 1203 1059 incitare
1238 994 1559 1075 quispiam
1605 993 1960 1057 tentaverit
1994 991 2076 1056 ad
2111 989 2412 1055 colendos

462 1079 658 1145 falsos
703 1080 887 1161 deos,
930 1100 1078 1145 eum
1125 1079 1318 1144 evelli
1354 1078 1538 1144 iubet
1574 1078 1786 1157 Deus,
1832 1099 1917 1141 ne
1951 1087 2255 1160 erumpat
2300 1098 2412 1142 ve-

466 1186 704 1231 nenum
752 1175 822 1229 et.
864 1186 1088 1230 amara
1131 1164 1320 1229 radix
1377 1165 1541 1229 alios
1595 1162 2098 1248 corrumpendO,
2161 1164 2411 1227 fructus

464 1271 615 1316 suos
692 1251 1023 1335 producat.
1112 1250 1539 1315 Absinthium
1620 1250 1728 1316 hic
1792 1247 1893 1336 (ut
1970 1270 2164 1333 saepe
2232 1246 2410 1335 alibi)

464 1338 745 1402 sumitur
772 1339 839 1403 in
868 1336 1109 1401 malam
1131 1346 1403 1419 partem,
1433 1351 1700 1420 propter
1727 1337 2058 1420 ingratum
2092 1354 2409 1416 saporem,

464 1424 588 1489 nisi
634 1424 800 1489 forte
844 1423 973 1488 alia
1017 1423 1103 1487 sit
1148 1423 1381 1500 herba,
1434 1422 1604 1505 quod
1652 1423 1861 1506 magis
1907 1421 2238 1504 probabile
2290 1434 2408 1486 est.

640 1510 737 1575 19.
803 1508 1020 1591 Sitque
1083 1529 1273 1591 quum
1336 1509 1474 1589 ipse
1538 1509 1830 1573 audierit.
1921 1507 2232 1573 Ostendit
2277 1527 2410 1571 non

463 1595 577 1661 abs
633 1617 704 1662 re
748 1606 882 1659 tam
945 1596 1116 1660 seria
1171 1606 1238 1659 et
1281 1615 1512 1659 severa
1567 1594 2039 1659 contestatione
2084 1614 2154 1658 se
2206 1593 2411 1658 fuisse

465 1703 683 1747 usum:
744 1682 897 1765 quia
956 1681 1119 1745 nihil
1179 1680 1529 1764 proclivius
1588 1692 1690 1745 est
1740 1700 1932 1764 quam
1993 1687 2069 1743 ut
2112 1678 2412 1745 homines

468 1767 590 1833 sibi
639 1768 1029 1832 blandiendo
1073 1767 1279 1831 facete
1325 1765 1452 1831 Dei
1496 1764 1809 1831 iudicium
1848 1762 2134 1830 eludant.
2192 1767 2410 1849 Repe·

465 1854 548 1917 tit
590 1874 780 1938 ergo,
843 1874 951 1919 eos
996 1873 1214 1919 coram
1263 1853 1405 1917 Deo
1450 1862 1657 1933 stare,
1747 1853 1811 1916 ui
1870 1873 1989 1916 nec
2046 1852 2244 1928 fallit,
2292 1872 2412 1917 nec

463 1939 748 2023 fallitur,
802 1960 1015 2022 neque
1069 1939 1266 2004 etiam
1325 1959 1395 2003 se
1438 1873 1760 2022 vilipendi
1821 1939 2131 2015 sustinet,
2189 1950 2262 2002 ut
2330 1937 2411 2002 ad

464 2024 605 2090 eius
663 2026 875 2091 minas
935 2033 1393 2107 expavescant.
1484 2025 1760 2089 Terreat
1803 2044 1919 2089 vos
1977 2020 2242 2109 (inquit)
2288 2023 2413 2088 Dei

464 2112 800 2177 maiestas:
849 2132 934 2176 ne
970 2111 1116 2194 quis
1160 2110 1313 2174 dum
1361 2131 1437 2175 eo
1478 2120 1851 2193 contempto
1890 2111 1958 2174 in
1995 2114 2130 2174 suis
2165 2109 2416 2192 cupidi-

463 2196 713 2262 tatibus
755 2196 1034 2274 lascivit,
1081 2195 1206 2262 sibi
1245 2196 1704 2279 impunitatem
1755 2195 2112 2278 promittat.
2201 2194 2414 2260 Bene-

463 2283 677 2348 dicere
732 2281 852 2349 sibi
901 2284 970 2347 in
1006 2282 1231 2365 corde,
1291 2288 1393 2348 est
1449 2282 1650 2346 tacita
1709 2282 2097 2365 cogitatione
2149 2302 2414 2364 sperare

461 2370 683 2434 omnia
760 2388 1101 2451 prospera:
1182 2368 1372 2433 sicuti
1438 2367 1848 2451 hypocritae,
1924 2389 2006 2432 ne
2077 2378 2413 2432 tonantem

462 2455 682 2520 Deum
720 2454 1094 2531 exaudiant,
1126 2453 1392 2520 fallaces
1418 2454 1538 2519 sibi
1571 2455 1867 2518 excitant
1899 2453 2177 2536 plausus
2213 2454 2417 2519 stulta

465 2540 858 2606 adulatione.
923 2541 1029 2604 Ex
1072 2540 1197 2605 hoc
1238 2541 1460 2623 itaque
1503 2539 1642 2605 loco
1687 2538 2014 2605 discamus
2061 2539 2226 2604 nihil
2273 2561 2415 2605 esse

467 2628 755 2692 deterius
811 2647 1008 2710 quam
1066 2646 1293 2709 pacem
1352 2646 1616 2710 sperare
1672 2626 1781 2690 ubi
1830 2623 2071 2690 bellum
2121 2625 2412 2710 gerimus

466 2733 613 2778 cum
662 2710 832 2791 Deo,
884 2725 952 2777 et
993 2711 1180 2776 illum
1227 2712 1608 2796 promittere
1645 2710 1831 2777 nobis
1877 2712 2171 2794 quietum
2264 2731 2410 2775 uem

463 2798 846 2865 lacessimus
906 2797 1335 2881 cupiditatum
1417 2809 1792 2862 nostrarum
1856 2799 2126 2880 impetu.
2284 2796 2413 2861 uod

466 2884 731 2950 additur
782 2886 851 2949 in
903 2887 1036 2950 fine
1102 2902 1361 2949 versus:
1429 2883 1521 2949 Ut
1565 2882 1763 2947 addat
1828 2884 2072 2948 ebriam
2142 2885 2410 2963 sitienti,

465 2982 734 3055 propter
791 2970 1286 3055 ambiguitatem
1343 2969 1527 3034 varie
1582 2980 1944 3051 torquetur.
2036 2969 2253 3050 Quam
2309 2970 2410 3034 in-

465 3057 640 3122 sulse
685 3058 914 3141 nugati
952 3058 1084 3122 sint
1125 3057 1411 3122 Hebraei
1457 3057 1878 3139 interpretes,
1925 3056 2168 3120 referre
2212 3056 2411 3140 piget.

465 3142 634 3209 Mihi
680 3142 946 3208 dubium
995 3165 1124 3207 non
1172 3159 1291 3223 est,
1335 3144 1493 3225 quin
1541 3141 1935 3226 proverbiali
1977 3141 2194 3226 figura
2236 3152 2415 3207 vetet

465 3230 687 3295 Moses
753 3232 966 3295 carnis
1029 3231 1356 3313 appetitus
1436 3228 1585 3311 plus
1651 3229 1810 3292 satis
1877 3228 2165 3292 fervidos
2230 3229 2413 3311 quasi

464 3316 659 3381 novis
701 3316 979 3381 flabellis
1020 3315 1317 3381 incitare.
1376 3313 1940 3395 Quemadmodum
1988 3335 2142 3395 ergo
2185 3314 2412 3380 dicun·

466 3411 576 3466 tur
618 3401 830 3466 oleum
877 3400 1115 3467 addere
1157 3402 1411 3468 camino
1455 3400 1566 3483 qui
1610 3400 1833 3484 ignem
1878 3402 2005 3462 iam
2066 3421 2410 3466 accensum

465 3488 675 3570 magis
751 3489 1190 3552 inflammant:
1286 3488 1380 3552 sic
1460 3486 1768 3552 dicuntur
1845 3487 2087 3550 ebriam
2169 3487 2416 3552 sitienti

466 3572 707 3640 addere
754 3574 864 3656 qui
910 3572 1035 3639 sibi
1079 3582 1423 3639 accersunt
1467 3572 1773 3638 audaciae
1815 3572 2245 3652 irritamenta,
2291 3594 2417 3656 quo

465 3658 738 3724 liberius
773 3669 1069 3743 peccent,
1131 3680 1283 3724 nam
1339 3657 1865 3740 concupiscentia
1903 3657 1973 3721 in
2016 3657 2281 3724 homine
2317 3667 2418 3725 est

466 3746 655 3828 quasi
698 3744 989 3830 hydrops
1031 3744 1469 3827 inexplebilis.
1557 3745 1695 3808 Iam
1745 3743 1801 3807 si
1846 3744 1991 3825 quis
2047 3754 2270 3811 tantae
2314 3748 2412 3810 in-

466 3833 940 3914 temperantiae
983 3831 1354 3915 indulgeat,
1397 3829 1646 3895 ebriam
1684 3830 2050 3895 siticulosae
2095 3829 2413 3915 adiungit,

466 3916 589 3982 hoc
633 3928 769 3996 est,
816 3916 1156 3984 vecordiae
1200 3937 1357 3982 suae
1399 3916 1690 3980 furorem
1749 3915 2024 3981 effraeni
2070 3914 2411 3983 desideri0.

469 4002 858 4085 Quanquam
920 4015 1031 4072 ΠῚἾ
1090 4000 1262 4089 (meo
1312 4001 1578 4089 iudicio)
1621 4002 1862 4077 active,
1908 4012 1983 4066 ut
2038 4002 2182 4067 aliis
2233 4001 2416 4082 locis,

467 4089 806 4172 accipitur,
852 4090 1118 4156 Psalmo
1157 4090 1262 4154 23.
1308 4089 1544 4154 dicitur
1587 4087 1755 4154 calix
1803 4108 1989 4152 meus
2032 4101 2194 4156 ΠηἾε
2233 4090 2414 4155 simi·

469 4174 619 4241 liter
662 4177 927 4242 Psalmo
971 4177 1055 4243 26
1119 4185 1299 4241 terra
1364 4175 1615 4260 irrigua
1657 4174 1781 4239 hoc
1824 4174 2085 4238 nomine
2129 4189 2417 4256 vocatur,

465 4261 635 4343 quod
715 4263 1008 4328 triticum
1074 4272 1143 4328 et
1204 4261 1440 4327 herbas
1519 4262 1703 4345 largo
1779 4271 1937 4343 potu
2007 4258 2413 4326 madefaciat.

467 4346 733 4430 Optime
791 4356 1011 4413 autem
1069 4348 1445 4426 conveniet,
1514 4345 1839 4412 desideria
1900 4348 2118 4413 carnis
2179 4347 2417 4430 quibus

462 4435 852 4517 flagramus,
912 4435 1023 4500 siti
1065 4434 1374 4501 conferri:
1436 4431 1739 4497 ebrietati
1783 4452 1967 4499 vero·
2008 4432 2415 4498 licentiosum

465 4520 805 4602 impetum,
851 4541 978 4603 quo
1015 4517 1406 4602 praecipites
1427 4519 1731 4584 ferimur:
1777 4518 1929 4602 quia
1969 4518 2122 4583 boni
2158 4529 2224 4583 et
2258 4520 2416 4585 mali

466 4604 817 4671 discrimen
849 4603 1157 4683 tollendo,
1189 4626 1259 4669 se
1293 4604 1727 4688 obstupefacit
1752 4612 2071 4689 peccator.
2130 4604 2416 4689 Ideoque

465 4690 717 4757 Paulus
766 4713 877 4758 eos
934 4692 1046 4775 qui
1091 4692 1185 4758 sic
1228 4691 1507 4756 demersi
1552 4699 1711 4756 sunt
1774 4692 1845 4755 in
1912 4690 2106 4755 bruta
2164 4689 2292 4755 Dei
2352 4701 2420 4758 et

462 4778 569 4843 sui
612 4777 955 4858 oblivione,
998 4776 1408 4858 α’πηλγηκότας
1441 4784 1632 4842 vocat
1666 4774 1863 4862 (Eph.
1907 4776 1969 4853 4,
2017 4773 2144 4861 19).

636 4864 740 4930 20.
805 4863 952 4930 Non
1028 4863 1300 4946 placebit
1362 4861 1638 4929 Iehovae.
1729 4862 1858 4928 Hic
1937 4862 2125 4928 docet
2196 4863 2416 4929 Moses

462 4952 940 5016 contumaciam
979 4971 1106 5032 qua
1129 4957 1360 5033 sponte
1401 4946 1840 5014 obdurescunt
1874 4949 2079 5032 impii,
2116 4949 2416 5015 claudere

465 5038 602 5120 spei
652 5037 953 5114 ianuam,
1010 5045 1087 5101 ut
1144 5038 1360 5102 Deum
1431 5035 1853 5117 experiantur
1915 5035 2412 5119 implacabilem.

467 5122 555 5186 Et
620 5134 798 5188 certe
855 5122 1149 5187 omnium
1208 5123 1530 5187 scelerum
1592 5119 1897 5184 cumulus
1955 5131 2057 5186 est
2097 5122 2413 5186 miserum

469 5210 799 5275 hominem
827 5209 940 5291 qui
964 5208 1139 5273 vitiis
1170 5207 1429 5274 deditus
1473 5214 1584 5297 est·
1616 5205 2037 5290 exstinguere
2060 5207 2271 5272 lucem
2314 5207 2413 5272 iu-

467 5294 654 5359 dicii:
700 5304 768 5359 et
811 5294 1165 5378 imaginem
1188 5292 1321 5358 Dei
1364 5296 1433 5359 in
1475 5315 1544 5359 se
1580 5290 1819 5370 delere,
1865 5313 1993 5375 quo
2036 5293 2104 5357 in
2128 5293 2414 5358 belluam

462 5379 840 5464 degeneret.
927 5380 1156 5464 Neque
1230 5380 1298 5445 id
1363 5378 1588 5445 modo:
1659 5377 1772 5442 sed
1831 5379 2026 5443 etiam
2091 5379 2308 5445 Deum
2375 5401 2411 5444 e

608 5481 825 5538 catam
853 5497 1035 5551 opera.
1119 5481 1234 5538 ναι.
1269 5480 1389 5536 xx
1398 5480 1460 5536 V.

1450 456 2030 528 SANCTIONES
2078 460 2138 524 A
2182 455 2971 524 PROMISSIONIBUS
3017 457 3136 522 ΕΤ
3181 442 3467 524 MINIS.

2512 646 2673 712 solio
2709 666 2826 712 suo
2871 646 3236 723 detrahere,
3283 667 3364 710 ne
3400 646 3486 711 sit
3528 647 3756 713 mundi
3800 646 4018 713 iudex.
4092 647 4240 714 Hac
4281 650 4461 715 enim

2511 731 2907 798 contumelia
2983 753 3132 796 eum
3200 732 3494 797 afficiunt
3551 736 3661 816 qui
3740 734 4156 816 impunitatis
4225 736 4464 802 fiducia

2511 841 2580 883 se
2648 819 2997 901 proiiciunt
3061 818 3140 883 ad
3209 818 3629 900 peccandum.
3720 818 3951 903 Itaque
4023 841 4141 904 per
4219 821 4462 886 Isaiam

2509 904 2651 990 (22,
2701 902 2809 990 12)
2852 904 3029 969 iurat
3088 905 3270 968 Deus
3313 903 3380 968 id
3421 904 3560 968 fore
3603 906 4029 988 inexpiabile,
4089 906 4260 989 quod
4305 906 4462 973 dum

2510 992 2776 1055 vocavit
2823 989 2904 1054 ad
2953 990 3278 1054 calvitiem
3340 999 3404 1054 et
3459 991 3851 1068 lamentum,
3899 1013 3971 1057 se
4015 992 4095 1057 ad
4135 992 4457 1058 laetitiam

2509 1077 2938 1143 incitaverint
2980 1077 3350 1142 Israelitae:
3404 1097 3479 1142 ac
3523 1077 3702 1145 laute
3737 1077 4092 1159 epuland0,
4140 1100 4255 1160 per
4291 1078 4459 1149 ludi-

2512 1163 2723 1227 brium
2773 1162 3093 1227 dixerint:
3139 1162 3305 1227 Oras
3349 1162 3723 1228 moriemur.
3789 1163 4010 1230 Verbo
4054 1175 4276 1229 autem
4318 1150 4454 1234 07¹7&

2508 1248 2798 1313 excludit
2842 1249 3061 1313 Moses
3105 1269 3371 1331 prorsus
3416 1250 3692 1332 gratiam
3730 1247 3880 1314 Dei.
3942 1250 4207 1316 Interea
4249 1250 4460 1314 fixum

2510 1332 2642 1398 Dei
2705 1336 3146 1418 propositum,
3216 1356 3299 1398 ne
3366 1350 3630 1417 parcere
3702 1335 3889 1413 velit,
3946 1356 4188 1419 pravae
4239 1358 4463 1401 eorum

2511 1419 2835 1504 voluptati
2879 1423 3149 1504 opponit
3205 1420 3315 1504 qui
3359 1420 3481 1485 sibi
3518 1422 3583 1484 in
3636 1422 3816 1486 vitiis
3859 1422 4133 1486 nimium
4179 1422 4462 1506 placent.

2512 1507 2617 1572 En
2663 1507 2818 1589 quid
2878 1508 3158 1589 superbo
3212 1527 3330 1572 suo
3388 1516 3762 1590 contemptu
3820 1510 4161 1590 proficiant
4218 1508 4462 1584 miseri,

2511 1594 2620 1677 qui
2668 1614 2800 1657 una
2839 1614 2986 1659 cum
3033 1592 3154 1656 Dei
3204 1595 3439 1658 timore
3496 1593 3635 1657 eius
3692 1593 4006 1660 iudicium
4068 1593 4323 1658 abolere
4359 1614 4464 1658 co·

2512 1692 2776 1744 nantur.
2865 1680 3072 1743 Porro
3120 1700 3244 1762 quo
3288 1678 3524 1743 melius
3583 1680 3912 1762 exprimat
3955 1679 4462 1744 irreconciliabi-

2511 1764 2640 1828 lem
2688 1766 2825 1830 fore
2865 1764 3076 1829 Deum
3125 1774 3347 1829 tantae
3388 1765 3825 1845 obstinationi,
3887 1766 4302 1848 pronunciat,
4350 1786 4460 1830 eos

2512 1850 2621 1932 qui
2659 1860 2794 1914 tam
2832 1851 3202 1933 petulanter
3246 1850 3724 1916 exsultaverint
3766 1851 3835 1914 in
3882 1851 4188 1934 nequitia,
4235 1873 4306 1916 se
4349 1873 4462 1915 ex-

2514 1939 3020 2001 terminaturum
3058 1959 3093 2001 e
3141 1935 3415 2001 mundo:
3459 1935 3694 2001 deinde
3738 1936 3998 2002 subiicit
4043 1957 4113 2001 se
4158 1937 4463 2001 daturum

2514 2022 2662 2088 illos
2720 2023 2787 2086 in
2851 2024 3308 2098 anathemata,
3367 2044 3449 2087 ne
3505 2024 3716 2088 locum
3779 2032 4048 2088 teneant
4108 2022 4179 2086 in
4226 2022 4466 2106 populo

2511 2108 2741 2174 Israel.
2800 2108 2927 2174 Est
2962 2119 3181 2173 autem
3220 2109 3490 2193 gravius
3526 2108 3812 2173 abdicari
3850 2108 3931 2173 ab
3968 2109 4171 2173 electo
4207 2109 4463 2192 popu10‚

2515 2202 2583 2259 et
2638 2195 2973 2278 segregari
3028 2196 3099 2258 in
3144 2194 3389 2259 malum
3450 2193 3550 2280 (ut
3592 2194 3698 2259 hic
3743 2193 4004 2281 dicitur)
4062 2214 4257 2277 quam
4299 2214 4464 2259 com-

2515 2282 2701 2345 muni
2748 2282 2887 2345 vit-a
2929 2281 3201 2364 privari.

3039 2620 3170 2688 EX
3219 2623 3545 2690 EODEM
3592 2621 3948 2688 CAPITE.

2690 2795 2774 2860 22
2809 2798 2874 2869 ¹).
2939 2792 3028 2861 Ec
3069 2796 3223 2860 dicet
3260 2796 3573 2879 yeneratio
3609 2799 3898 2876 postera,
3954 2795 4081 2876 filii
4129 2796 4319 2860 vestri
4353 2797 4466 2877 qui

2516 2888 2770 2964 surgent
2793 2888 2940 2962 post
2980 2902 3113 2960 vos,
3172 2887 3227 2947 et
3270 2882 3619 2964 alieniyena
3663 2881 3776 2962 qui
3817 2882 4011 2945 veniet
4051 2901 4082 2945 e
4124 2885 4294 2945 terra
4336 2882 4464 2945 lon-

2511 2968 2773 3050 qinqua‚
2820 2988 3011 3050 quum
3053 2969 3322 3034 viderint
3352 2968 3586 3050 playas
3629 2971 3830 3032 terrae
3870 2966 4089 3044 huius,
4135 2971 4189 3031 et
4229 2967 4468 3033 morbos

2517 3054 2744 3135 quibus
2801 3058 3118 3137 acyrotare
3169 3054 3386 3136 feccrit
3428 3052 3659 3118 Ielzova
3715 3053 3784 3117 in
3843 3072 3950 3117 ea.-
4005 3052 4107 3117 23.
4162 3050 4463 3135 Sulphar,

2517 3145 2573 3204 et
2612 3141 2746 3218 sal,
2792 3139 3257 3205 combustionem
3303 3142 3371 3204 in
3406 3144 3521 3204 toto
3555 3139 3684 3204 solo
3728 3139 3897 3218 eius,
3943 3142 4013 3203 ut
4054 3159 4175 3204 non
4216 3145 4466 3204 seratur

2517 3246 2709 3308 neque
2754 3228 3080 3308 yerminet,
3139 3246 3334 3307 neque
3388 3226 3679 3290 ascendat
3720 3225 3791 3289 in
3833 3245 3910 3290 ea
3949 3225 4087 3291 ulla
4129 3224 4342 3305 herba,
4395 3228 4468 3289 ut

2518 3312 2588 3375 in
2611 3311 3006 3378 subversione
3030 3311 3345 3387 Sodomae,
3381 3310 3783 3388 Gomorrhae,
3803 3311 4068 3389 Admac,
4095 3316 4150 3375 et
4177 3310 4463 3385 Seboiim,

2519 3418 2680 3479 quas
2743 3398 3040 3463 subvertit
3103 3397 3330 3462 Iehova
3383 3398 3454 3461 in
3518 3396 4016 3462 emcandescentia
4066 3416 4190 3461 sua
4248 3402 4303 3461 ct
4358 3397 4465 3462 ira

2517 3503 2657 3548 sua.
2748 3484 2852 3549 24.
2907 3483 3163 3562 Dicent,
3211 3484 3487 3565 inquam,
3531 3502 3739 3547 omnes
3770 3488 4011 3566 yentes:
4076 3482 4282 3563 Quare
4320 3482 4469 3564 fecit

2517 3571 2609 3634 sic
2653 3569 2882 3635 Iehova
2938 3574 3142 3634 terrae
3184 3569 3379 3633 huic?
3438 3588 3596 3648 qaae
3652 3573 3741 3631 est
3782 3569 3884 3632 ira
3929 3569 4466 3634 excandescentiae

2515 3654 2712 3721 haias
2741 3655 3052 3740 magnae?
3118 3654 3220 3720 25.
3267 3655 3353 3719 Et
3396 3656 3624 3720 dicent.-
3668 3653 3768 3718 Eo
3810 3655 3972 3734 qaod
4012 3655 4470 3737 dereliquerant

2502 3747 2768 3823 pactum
2833 3741 3099 3807 Iehovae
3159 3740 3288 3806 Dei
3339 3746 3602 3822 patrum
3668 3759 3925 3805 suorum
3943 3790 3957 3815 ,
4016 3739 4182 3821 quod
4222 3741 4470 3823 pepiyit

2514 3848 2655 3893 cum
2697 3830 2804 3907 eis,
2849 3848 3044 3909 quum
3088 3828 3362 3893 educeret
3403 3846 3505 3892 eos
3547 3846 3579 3891 e
3620 3830 3788 3890 terra
3834 3825 4122 3908 Aegypti.
4215 3826 4315 3890 26.
4378 3825 4468 3891 Et

2514 3912 2801 3979 abeuntes
2856 3912 3168 3979 coluerunt
3231 3914 3374 3979 deos
3423 3912 3689 3991 alienos,
3752 3910 4349 3993 incurvaveruntque
4400 3932 4469 3977 se

2516 4001 2641 4065 eis.-
2693 4001 2840 4066 deos
2857 4052 2872 4078 ,
2930 4000 3219 4082 inquam,
3281 4019 3435 4081 quos
3491 4018 3611 4063 non
3668 4001 3993 4077 noverant,
4049 4002 4104 4062 et
4146 3999 4257 4078 qui
4301 3996 4463 4063 nihil

2516 4087 2819 4167 impertiti
2869 4086 3127 4168 fuerant
3200 4084 3351 4150 illis.
3439 4084 3541 4150 27.
3609 4081 3697 4149 Et
3754 4084 3920 4147 irata
3989 4087 4079 4148 est
4141 4084 4465 4149 excandes-

2515 4173 2712 4237 centia
2768 4171 3028 4237 Iehovae
3084 4173 3155 4236 in
3204 4176 3439 4236 terram
3497 4172 3733 4251 ipsam,
3790 4172 3860 4232 ut
3911 4169 4222 4234 induceret
4274 4188 4465 4251 super

2515 4278 2653 4323 eam
2727 4278 2967 4324 omnem
3039 4258 3528 4323 maledictionem
3603 4255 3904 4334 scriptam
3968 4255 4040 4318 in
4102 4254 4211 4319 hoc
4286 4255 4462 4320 libro.

2518 4344 2622 4411 28.
2656 4344 3179 4427 Exstirpavitque
3220 4363 3319 4407 eos
3363 4342 3593 4407 Iehova
3627 4361 3660 4405 e
3701 4345 3867 4404 terra
3904 4341 4183 4422 ipsoram
4226 4342 4295 4405 in
4340 4343 4466 4421 ira,

2517 4438 2576 4498 et
2611 4430 3066 4514 indignatione,
3121 4434 3177 4494 et
3218 4426 3718 4494 excandescentia
3774 4445 4024 4510 magma,
4090 4431 4144 4491 et
4196 4428 4464 4508 proiecit

2516 4539 2619 4585 eos
2660 4519 2733 4583 in
2772 4523 3005 4583 terram
3046 4515 3259 4594 aliam,
3302 4515 3463 4580 sicut
3503 4513 3699 4579 hodie.

2689 4688 2791 4754 22.
2860 4686 2948 4752 Et
3021 4687 3178 4751 dicet
3245 4687 3572 4769 yeneratiO.
3662 4683 3967 4750 Inculcat
4028 4682 4242 4748 Deus·
4291 4682 4460 4767 quod

2519 4780 2674 4842 ante
2716 4774 3033 4849 vidimus,
3093 4792 3224 4837 non
3273 4771 3578 4855 vulgares
3620 4773 3756 4836 fore
3801 4792 3965 4854 quas
4009 4771 4265 4852 infliget
4308 4789 4457 4851 poe-

2517 4881 2669 4940 nas,
2735 4860 2840 4926 vel
2886 4879 3050 4943 quae
3110 4878 3231 4923 usu
3277 4864 3347 4921 et
3387 4857 3857 4923 consuetudine
3913 4857 4185 4920 veniant
4228 4855 4297 4917 in
4342 4875 4458 4918 ne-

2517 4947 2834 5033 glectum:
2895 4943 3007 5009 sed
3065 4945 3351 5027 portenti
3411 4943 3685 5019 similes,
3746 4964 3910 5026 quae
3964 4939 4458 5005 admirationem

2515 5045 2832 5118 generent
2906 5029 3076 5113 apud
3153 5039 3466 5112 posteros.
3553 5029 3728 5094 Nam
3804 5024 4229 5109 interrogatio
4294 5046 4460 5108 quae

2514 5120 2813 5203 ponitur,
2862 5116 3066 5182 veluti
3109 5126 3212 5181 est
3253 5114 3332 5181 de
3375 5137 3446 5180 re
3491 5115 3783 5191 insolita,
3830 5125 3897 5176 et
3938 5132 4102 5193 quae
4146 5111 4267 5178 sub
4311 5132 4461 5177 sen-

2515 5226 2657 5272 sum
2709 5225 2838 5270 non
2899 5201 3089 5269 cadit.
3180 5202 3331 5266 Non
3376 5200 3797 5285 restringitur
3839 5208 4056 5261 autem
4102 5196 4263 5263 haec
4309 5219 4460 5263 sen-

2687 5393 2746 5464 1)
2782 5392 2943 5446 Hebr.
2980 5389 3202 5445 21-27.
4014 5469 4052 5523 4
