5017 6142
628 416 759 483 239

630 604 732 669 21.
778 601 1016 668 Renuit
1054 601 1248 685 iyitm
1281 596 1484 664 Edam
1516 597 1870 680 permittere
1912 595 2164 695 Israeli,
2207 601 2291 696 ut·
2329 595 2563 661 wansi-

627 693 722 754 ret
749 708 872 772 per
921 687 1252 785 terminant
1284 704 1498 749 suum.-
1551 687 1694 749 tanc
1737 682 1947 749 Israel
1983 683 2313 781 declamo-qt
2352 680 2433 747 ab
2473 699 2559 748 ee.

602 773 753 926 ,ἔξω
772 771 860 839 Et
887 772 1156 924 profgqtv
1194 774 1340 923 agant
1381 790 1412 834 e
1459 767 2127 920 Gadeshgreneruntque
2163 766 2294 849 filu
2337 765 2560 848 Israel,

787 877 1043 943 conyrey
1108 876 1172 923 w
1340 858 1601 920 montem
1788 904 1802 919 .

718 1221 1193 1332 EIUSDEM
1246 1250 1820 1329 HISTORIAE
1877 1249 2474 1327 REPETITIO.

1190 1447 1323 1516 Ex
1366 1447 1632 1515 DEUT.
1676 1446 1873 1515 GAP.
1924 1446 2014 1514 II.

804 1624 863 1689 2.
927 1619 1150 1687 Postea
1203 1620 1491 1703 loquutus
1540 1623 1628 1685 est
1680 1619 1767 1686 ad
1820 1638 1917 1684 me
1971 1616 2230 1699 Iehova,
2285 1617 2567 1684 dicendo.-

634 1710 694 1777 3.
759 1706 1008 1790 Sufficit
1050 1705 1242 1806 ‘vobis
1308 1702 1604 1771 circuisse
1651 1709 1913 1769 montem
1964 1704 2185 1802 istumf
2246 1705 2568 1803 convertite

633 1815 771 1947 vigs
784 1788 1563 1975 aguzcfflfmnsitarffegtis
1590 1793 2082 1973 per-ammian»
2128 1789 2404 1973 frat-retiam
2436 1840 2571 1972 :ve-3L

630 1971 875 2032 trorwm
938 1961 1217 2042 filiorum
1276 1959 1459 2026 Esau
1523 1980 1635 2042 qm
1688 1958 1967 2026 habitant
2026 1979 2096 2024 m
2156 1957 2299 2026 Sevr
2314 1985 2333 2024 .·
2399 1964 2571 2025 tme-

631 2049 783 2116 bunt
823 2052 1027 2114 autem
1067 2068 1109 2112 a
1150 2044 1353 2124 vobiS,
1409 2049 1609 2111 cavete
1650 2045 1770 2111 dil·
1810 2050 2003 2111 enter.-
2059 2043 2119 2111 5.
2168 2045 2269 2112 Ne
2309 2045 2572 2111 irritetis

632 2155 766 2215 eoa,
822 2154 945 2199 non
986 2133 1150 2199 em'm
1188 2132 1459 2197 datarus
1497 2150 1639 2197 sum
1679 2152 1717 2196 v
1806 2131 1819 2144 '
1891 2130 1967 2196 de
2007 2135 2177 2196 terra
2218 2150 2431 2196 eorum
2467 2150 2570 2196 ue-

634 2240 753 2304 qae
783 2219 869 2285 ad
900 2217 1293 2285 calcationem
1316 2217 1577 2299 plantae
1598 2216 1816 2296 pedis.-
1849 2216 2005 2298 quia
2036 2218 2106 2281 in
2137 2215 2571 2282 haereditatem

632 2306 764 2388 ipsi
797 2303 981 2370 Esau
1024 2302 1167 2369 dedi
1202 2307 1466 2367 montem
1511 2299 1670 2366 Scir.
1739 2302 1800 2365 6.
1850 2299 2068 2367 Cibum
2105 2303 2314 2368 emetis
2357 2301 2436 2366 ab
2476 2301 2570 2367 eis

635 2394 926 2474 ανρεηίο,
982 2392 1038 2453 et
1088 2387 1438 2486 comedetis.-
1491 2391 1548 2451 et
1586 2386 1793 2485 ‚etiam
1831 2407 2064 2469 aquam
2104 2387 2313 2454 emetis
2357 2387 2434 2452 ab
2477 2386 2570 2452 eis

632 2479 943 2627 ῗοηφῗᾶἒι
967 2471 1393 2623 ῗῶεόἶξῗῖῗὶιηι·
1411 2469 1860 2640 ἶῖψῗὲαᾏῗῖἴε
1890 2472 2152 2642 tw&
2187 2470 2367 2623 ξοῗῗ
2402 2477 2570 2640 ἆῖῗῖἷ

626 2644 904 2711 ambules
956 2663 1078 2725 per
1134 2643 1442 2709 desertum

628 2731 810 2814 yinta
851 2729 1041 2795 annis
1075 2726 1311 2793 Iehova
1353 2726 1530 2793 Deus
1573 2731 1719 2791 tuus
1749 2728 1874 2809 fuit
1913 2733 2124 2807 tecum,
2168 2748 2360 2810 neque
2401 2728 2569 2794 indi-

626 2815 827 2900 quisti
882 2813 1107 2895 aliquo.
1193 2812 1252 2878 8.
1295 2811 1382 2877 Et
1436 2812 1844 2877 transivimus
1890 2833 1934 2878 a
1978 2813 2291 2895 fratribus
2331 2815 2567 2879 nostrie

626 2899 791 2981 filiis
833 2898 1035 2978 Esau,
1072 2898 1181 2980 qui
1214 2896 1567 2963 habitabant
1605 2897 1676 2962 ia
1721 2895 1882 2978 Scir,
1916 2918 2040 2981 per
2070 2900 2241 2965 viam
2280 2898 2566 2965 solitudi-

631 2986 737 3050 nis
778 2983 856 3050 ab
877 2981 1072 3049 Elath
1104 2987 1163 3049 et
1194 2982 1273 3048 ab
1314 2981 1541 3047 Esion-
1579 2981 1747 3134 ffir:
1791 2985 2066 3051 conversi
2107 2990 2315 3051 autem
2354 2989 2566 3050 trans·

802 3238 1000 3305 Num.
1033 3239 1135 3317 20,
1182 3238 1281 3303 14.
1318 3237 1510 3305 Misit
1550 3245 1754 3306 autem
1777 3239 1993 3305 Moses
2032 3239 2306 3306 nuncios,
2374 3239 2567 3305 Prior

633 3324 921 3390 narratio
956 3344 1217 3390 causam
1265 3324 1501 3391 missae
1545 3324 1890 3409 legationis
1936 3346 2066 3390 non
2110 3327 2406 3409 exponit:
2449 3322 2568 3391 sed

631 3431 716 3476 ex
773 3410 1151 3476 recitatione
1196 3408 1693 3475 Deuteronomii
1750 3411 1954 3493 liquet
2006 3430 2227 3493 pacem
2286 3409 2368 3476 ab
2410 3410 2568 3477 Idu·

635 3495 842 3560 meeis
903 3504 1210 3577 tanquam
1272 3495 1582 3561 fratribus
1632 3496 1905 3579 petitam
1965 3494 2167 3562 fuisse
2208 3494 2338 3561 Dei
2381 3517 2570 3562 man-

630 3578 801 3644 dato.
910 3580 1092 3664 Ergo
1162 3580 1293 3644 iam
1359 3580 1510 3645 belli
1575 3590 1641 3645 et
1705 3583 1880 3664 pacis
1944 3580 2119 3665 leges
2184 3580 2567 3664 praescribit

631 3666 848 3731 Deus:
905 3685 988 3729 ne
1046 3685 1205 3747 quos
1262 3672 1506 3730 temere
1562 3665 2027 3749 aggrediantur
2068 3666 2410 3733 Israelitae
2454 3667 2567 3751 qui

630 3770 749 3835 pro
790 3748 1085 3815 hostibus
1126 3748 1401 3814 habendi
1446 3771 1577 3814 non
1620 3751 1780 3830 sint,
1825 3751 2122 3834 quamvis
2167 3772 2398 3835 parum
2443 3754 2565 3818 hu-

631 3835 912 3901 maniter
976 3856 1046 3900 se
1112 3842 1361 3918 gerant.
1460 3835 1557 3901 Ac
1623 3837 1750 3902 iam
1817 3837 1940 3903 hoc
2004 3836 2264 3920 quidem
2329 3839 2568 3923 populo

631 3920 870 3986 durum
926 3920 1082 3998 fuit,
1146 3920 1479 4001 regionem
1522 3942 1685 4005 quae
1774 3923 2027 3987 roxima
2068 3930 2211 3987 erat
2253 3923 2567 3989 intactam

631 4006 1031 4090 relinquere,
1099 4012 1178 4069 ut
1240 4016 1579 4088 quaereret
1643 4028 1715 4073 se
1762 4026 1867 4074 em
1924 4007 2182 4092 longius
2228 4016 2565 4075 remotam.

634 4089 768 4157 Sed
827 4090 1070 4174 duplici
1130 4092 1381 4156 ratione
1435 4091 1696 4158 fraenat
1738 4094 1923 4158 Deus
1979 4112 2204 4159 eorum
2246 4092 2567 4178 intempe-

630 4175 828 4242 riem:
866 4196 1099 4260 nempe
1135 4177 1290 4260 quia
1322 4177 1618 4260 iniquum
1653 4181 1738 4245 sit
1773 4198 1848 4243 ac
1883 4179 2148 4245 minime
2184 4178 2566 4260 humanum,

630 4267 940 4343 cognatos
983 4262 1317 4329 lacessere.
1387 4262 1619 4329 Genus
1661 4270 1880 4330 autem
1925 4262 2244 4331 ducebant
2284 4265 2395 4332 isti
2439 4265 2567 4332 duo

631 4346 858 4430 populi
932 4345 1010 4412 ab
1068 4347 1285 4415 Isaac:
1352 4356 1418 4414 et
1486 4349 1682 4432 primi
1739 4371 1964 4416 eorum
2023 4357 2243 4434 patres
2304 4351 2565 4418 fuerant

631 4433 868 4498 fratres
910 4433 1191 4516 gemelli.
1261 4434 1644 4501 Communis
1687 4436 1882 4502 etiam
1925 4436 2057 4502 illis
2101 4446 2245 4502 erat
2287 4437 2565 4504 circum·

630 4518 804 4595 cisio,
850 4517 1139 4584 eiusdem
1173 4520 1446 4605 originis
1481 4520 1761 4605 insigne,
1796 4532 1863 4586 et
1897 4523 2221 4587 fraternae
2256 4524 2565 4590 coniunc-

630 4604 828 4668 tionis
880 4604 1234 4671 vinculum.
1320 4604 1454 4672 Sed
1513 4607 1720 4672 altera
1777 4607 1941 4673 ratio
1996 4607 2207 4693 magis
2257 4607 2339 4674 ad
2384 4608 2565 4676 cohi-

630 4688 875 4754 bendos
933 4689 1185 4755 animos
1248 4691 1463 4756 valere
1523 4691 1773 4772 debuit,
1833 4693 2000 4776 quod
2060 4692 2243 4759 nefas
2296 4706 2438 4761 erat
2481 4716 2566 4761 ex

630 4774 1043 4859 possessione
1101 4774 1372 4843 deiicere
1429 4776 1598 4844 filios
1657 4778 1869 4856 Esau,
1930 4800 2126 4862 quam
2181 4779 2380 4845 simili
2424 4781 2566 4846 iure

628 4858 847 4944 adepti
901 4869 1089 4926 erant
1131 4882 1258 4945 quo
1301 4864 1621 4947 promissa
1662 4873 1803 4929 erat
1845 4873 2022 4930 terra
2058 4864 2372 4931 Chanaan
2418 4887 2565 4950 pos·

630 4948 789 5012 teris
834 4945 1046 5012 Iacob.
1126 4949 1305 5032 Ergo
1362 4949 1418 5014 si
1472 4948 1780 5015 volebant
1830 4948 2230 5017 haereditate
2287 4972 2407 5018 sua
2448 4973 2562 5036 po·

630 5031 771 5107 tiri,
834 5053 963 5096 non
1015 5042 1158 5098 erat
1217 5032 1590 5100 violandum
1637 5033 1963 5101 decretum
2008 5037 2180 5119 quod
2221 5038 2402 5104 Deus
2446 5058 2566 5121 per

629 5137 701 5182 os
742 5116 929 5184 Isaac
973 5119 1359 5202 protulerat:
1411 5121 1693 5186 maxime
1729 5142 1926 5205 quum
1972 5122 2151 5188 Esau
2193 5124 2330 5206 ipse
2373 5132 2565 5188 autor

578 5248 585 5253 -
627 5202 840 5285 gentis
877 5222 1113 5269 arcano
1139 5206 1263 5272 Dei
1300 5206 1612 5272 instinctu
1650 5205 2042 5273 domicilium
2078 5229 2270 5274 suum
2314 5209 2566 5275 fixisset

627 5287 699 5383 in
758 5298 978 5355 monte
1023 5288 1204 5371 Scir,
1259 5300 1328 5358 et
1369 5292 1526 5359 illuc
1569 5292 1855 5378 relegata
1895 5299 2068 5360 esset
2111 5294 2250 5361 eius
2292 5295 2562 5379 posteri-

1495 2661 1791 2725 maynum
1845 2643 2044 2709 istud.-
2105 2643 2238 2709 iam
2292 2643 2566 2725 quadra-

633 3071 866 3136 ivimus
908 3069 994 3135 ad
1032 3068 1203 3134 viam
1241 3067 1467 3135 deserti

2040 406 2443 475 Rnnlros
2485 405 2617 498 Ap
2661 402 3201 472 HISTORIAM.

4478 390 4602 461 240

2662 602 2782 659 tas.
2854 592 3049 659 Nunc
3094 611 3251 675 ergo
3295 589 3604 656 admonet
3647 589 3827 655 Deus
3868 587 4253 673 sacrilegam
4297 587 4439 654 fore
4479 604 4598 654 an·

2663 677 2947 759 daciam,
3003 677 3062 744 si
3105 676 3494 744 labefactare
3535 682 3790 741 tentent
3832 673 4169 741 Israelitae
4211 674 4596 740 vaticinium

2661 764 2867 915 Isaiae,
2912 784 3037 847 quo
3080 763 3261 829 Esau
3305 759 3670 828 declaratus
3702 760 3918 826 fuerat
3959 760 4181 826 uberis
4222 768 4290 826 et
4329 760 4596 845 pinguis

2661 872 2733 917 so
2909 869 3171 916 ssessor.

2903 944 3032 1000 eut.
3079 934 3154 1013 2,
3197 933 3260 1000 4.
3313 932 3436 1016 Qui
3474 931 3766 997 tenebunt
3805 951 3850 996 a
3887 930 4071 997 vobis.
4135 929 4321 995 Haec
4361 930 4597 996 moles-

2664 1020 2790 1087 tior
2831 1020 2956 1084 fuit
2995 1020 3303 1100 tentatio,
3346 1038 3548 1101 quum
3592 1016 3891 1083 audirent
3933 1036 4065 1082 non
4108 1012 4298 1082 modo
4344 1015 4601 1081 irritam

2666 1106 2803 1173 fore
2837 1104 3262 1190 legationem:
3307 1103 3421 1170 sed
3463 1102 3763 1187 quamvis
3806 1100 4019 1167 Edom
4062 1101 4306 1167 iniuste
4346 1109 4416 1166 et
4448 1100 4599 1167 hos-

2669 1191 2876 1257 tiliter
2919 1210 3031 1256 eos
3076 1190 3441 1273 exciperet,
3498 1185 3957 1254 abstinendum
4001 1196 4222 1253 tamen
4265 1207 4405 1252 esse
4450 1207 4491 1252 a
4534 1185 4601 1253 vi

2666 1284 2734 1342 et
2777 1276 2997 1342 armis.
3074 1275 3346 1343 Poterat
3388 1273 3562 1341 enim
3606 1273 3823 1357 aliqua
3864 1291 4007 1339 esse
4048 1272 4237 1352 ratio,
4280 1279 4354 1337 ut
4395 1271 4601 1338 amice

2665 1383 2739 1428 ro
2786 1360 2955 1426 ando
2971 1408 2990 1441 ,
3047 1360 3404 1445 legitimam
3463 1358 3615 1424 belli
3674 1378 3937 1425 causam
3979 1357 4328 1435 haberent,
4383 1357 4440 1424 si
4484 1378 4603 1423 rex

2668 1448 2728 1513 E
2774 1468 2880 1513 om
2935 1446 3239 1514 reiiceret
3298 1465 3522 1513 eorum
3579 1443 3925 1528 postulata.
4012 1441 4148 1510 Sed
4203 1441 4329 1508 hoc
4372 1462 4603 1509 secun-

2667 1532 2826 1599 dum
2869 1530 3077 1598 videri
3115 1531 3328 1615 potuit
3369 1551 3636 1615 prorsus
3679 1527 4106 1606 intolerabile,
4151 1527 4319 1593 nihil
4361 1526 4605 1593 audere

2667 1626 2895 1685 contra
2927 1637 3038 1683 eos
3071 1617 3186 1702 qui
3230 1617 3578 1682 transitum
3623 1614 3865 1697 absque
3906 1613 4225 1680 maleficio
4268 1620 4604 1697 negarent.

2668 1704 2921 1768 Verum
2986 1702 3143 1768 hinc
3206 1701 3438 1768 melius
3502 1708 3804 1785 apparet,
3878 1698 4196 1784 paulatim
4260 1698 4605 1781 multiplici

2668 1808 3024 1872 poenarum
3069 1808 3307 1872 genere
3349 1785 3648 1854 subactos
3687 1785 3891 1852 fuisse
3932 1783 4016 1849 ad
4049 1784 4446 1867 obsequium,
4491 1783 4608 1870 qui

2667 1874 2969 1941 ferociter
3025 1873 3265 1958 alioqui
3318 1880 3384 1938 et
3425 1872 3793 1957 petulanter
3835 1869 4175 1937 vociferati
4214 1868 4493 1935 fuissent
4535 1889 4609 1936 se

2667 1958 3118 2027 inhumaniter
3151 1980 3191 2024 a
3214 1960 3354 2024 Deo
3397 1957 3697 2024 tractari:
3743 1954 4048 2039 quoniam
4091 1955 4217 2021 hoc
4257 1953 4451 2020 modo
4494 1952 4610 2020 de·

2669 2046 2872 2114 terior
2927 2052 3099 2111 esset
3149 2044 3441 2127 ipsorum
3497 2040 3782 2110 conditio
3837 2060 4033 2124 quam
4075 2039 4246 2107 ferat
4285 2040 4392 2108 ius
4429 2059 4609 2106 com-

2669 2152 2871 2197 mune
2927 2129 3224 2196 omnium
3282 2129 3594 2212 gentium.
3683 2128 3865 2212 Ergo
3922 2126 4046 2193 hac
4094 2126 4165 2192 in
4209 2147 4284 2192 re
4324 2125 4611 2191 multum

2672 2216 2806 2282 illis
2858 2216 3103 2300 profuit
3155 2214 3428 2299 triginta
3468 2222 3612 2287 octo
3655 2232 3976 2279 annorum
4018 2212 4362 2290 circuitus,
4421 2216 4497 2277 ut
4535 2210 4608 2277 in

2675 2303 2846 2370 viam
2891 2299 3196 2367 redirent.

2841 2386 3039 2452 Num.
3085 2385 3203 2465 20,
3260 2384 3359 2450 14.
3411 2385 3512 2450 Ta
3550 2384 3717 2450 noeti
3758 2402 3993 2450 omnem
4032 2382 4317 2449 laborm
4404 2382 4610 2448 Prae-

2673 2471 2829 2538 fatio
2884 2469 2968 2537 ad
3009 2470 3494 2552 :conciliandum
3549 2470 3840 2537 favorem
3883 2476 4038 2552 apta
4071 2469 4229 2547 fuit,
4274 2467 4443 2551 quod
4488 2467 4610 2535 filii

2671 2555 2867 2623 Iacob
2920 2578 3002 2622 ex
3057 2554 3285 2623 eodem
3340 2555 3659 2641 sanguine
3714 2554 4076 2639 progeniti,
4134 2552 4219 2619 ad
4260 2551 4608 2619 Idumaeos

2671 2642 3084 2709 familiariter
3139 2638 3538 2709 accederent.
3622 2639 3943 2726 Cognatio
3999 2638 4177 2706 enim
4220 2638 4368 2706 illos
4414 2637 4610 2704 debe-

2670 2727 2786 2794 bat
2828 2728 3183 2812 hospitales
3223 2726 3514 2794 reddere.
3603 2727 3753 2792 Duo
3798 2734 4017 2792 autem
4061 2731 4216 2790 sunt
4257 2725 4614 2808 praecipua

2670 2814 2884 2897 capita
2941 2813 3173 2898 quibus
3231 2815 3490 2879 flectere
3547 2818 3821 2879 conatus
3875 2817 3977 2876 est
4034 2811 4252 2877 Moses
4310 2811 4610 2876 animum

2668 2895 4608 3068 :aiz-edat?.t..1†¹;:³::m.2:r.⁵¹².::.³3::⁰::.ffi·

2669 3069 2825 3137 tatis
2878 3089 3093 3137 sensu.
3182 3069 3405 3137 Dictat
3455 3069 3629 3134 enim
3676 3076 3916 3133 natura
3958 3087 4146 3150 opem
4191 3065 4448 3132 miseris
4535 3065 4610 3131 ui

2669 3156 2911 3222 iniuste
2980 3163 3397 3239 premuntur,
3469 3152 3805 3220 fei'endam
3878 3172 4040 3219 esse.
4128 3151 4276 3219 Hoc
4339 3172 4411 3218 eo
4499 3151 4513 3165 ‘
4545 3150 4609 3217 'o

2667 3241 2828 3320 ‚dicit
2863 3249 3049 3307 notas
3084 3261 3227 3307 esse
3260 3260 3421 3324 quas
3454 3239 3744 3325 perpessi
3777 3247 3935 3305 sunt
3969 3237 4330 3303 molestias:
4372 3257 4608 3320 nempe

2671 3326 2845 3411 quod
2897 3325 3204 3409 inquilini
3260 3328 3330 3391 in
3373 3325 3680 3410 Aegypto
3736 3324 4078 3409 tyrannice
4121 3324 4340 3393 vexati
4383 3330 4452 3388 et
4492 3342 4609 3405 op-

2669 3412 2880 3495 pressi
2934 3413 3196 3478 fuerint.
3284 3409 3482 3492 Quod
3539 3410 3767 3477 dicunt
3821 3429 3892 3476 se
3949 3416 4018 3475 et
4071 3416 4291 3493 patres
4333 3407 4607 3474 afflictos

2668 3498 2871 3565 fuisse
2926 3496 3008 3562 ab
3051 3498 3430 3581 Aegyptiis,
3490 3515 3862 3580 quanquam
3908 3502 4067 3560 tunc
4111 3493 4401 3560 nondum
4442 3493 4609 3558 iudi-

2669 3584 2770 3650 cio
2811 3581 2894 3649 ad
2936 3583 3211 3649 iniurias
3256 3581 3693 3651 aestimandas
3738 3578 4017 3664 praediti
4049 3587 4280 3656 erant,
4331 3599 4464 3645 non
4507 3588 4607 3644 ta-

2668 3690 2820 3736 men
2858 3669 3100 3734 frustra
3135 3676 3501 3751 queruntur
3540 3666 3817 3733 iniurias
3859 3665 4007 3732 illas
4051 3663 4176 3730 sibi
4215 3664 4420 3731 fuisse
4463 3664 4608 3730 illa-

2669 3762 2800 3835 tas,
2863 3775 3030 3837 quae
3086 3751 3503 3838 pertinebant
3557 3752 3639 3818 ad
3696 3760 3903 3819 totum
3959 3771 4194 3834 corpus
4236 3759 4304 3816 et
4347 3771 4606 3830 nomen,

2669 3840 3052 3925 praesertim
3104 3861 3306 3923 quum
3363 3849 3727 3922 postremus
3784 3836 4098 3904 saevitiae
4139 3841 4323 3902 actus
4368 3835 4451 3900 ad
4494 3855 4609 3904 eos

2668 3926 2929 4010 proprie
2985 3933 3340 4008 spectaret,
3390 3922 3548 3989 dum
3587 3923 3782 3991 iussit
3823 3923 4084 3989 Pharao
4128 3923 4338 3989 foetus
4378 3940 4609 3988 omnes

2670 4011 2994 4078 masculos
3036 4011 3251 4076 exstin
3349 4011 3390 4074 i.
3457 4007 3831 4076 Secundum
3884 4016 4350 4090 argumentum
4392 4007 4609 4074 effica-

2669 4099 2807 4163 cius
2840 4106 2972 4162 est:
3018 4097 3172 4178 quia
3207 4031 3373 4162 uffa
3420 4095 3636 4161 minus
3677 4103 4183 4161 consentaneum
4204 4113 4399 4176 quam
4418 4094 4608 4158 auxi-

2668 4182 2757 4247 lio
2841 4190 3080 4259 nostro„
3136 4203 3244 4248 eos
3323 4180 3677 4247 destituere
3738 4200 4014 4264 quorum
4079 4178 4357 4246 salutem
4418 4178 4607 4245 nobis

2668 4269 2852 4334 Deus
2908 4266 3322 4335 commendat
3375 4286 3494 4333 suo
3548 4266 3863 4348 exemplo.
3951 4265 4133 4349 Ergo
4189 4272 4263 4330 ut
4317 4283 4505 4347 opem
4564 4285 4608 4330 a

2667 4354 2974 4419 fratribus
3015 4354 3152 4419 suis
3195 4354 3567 4437 impetrent,
3609 4359 4119 4418 commemorant
4154 4350 4278 4417 Dei
4323 4349 4608 4435 gratiam

2669 4459 2834 4523 quae
2912 4447 3067 4504 tunc
3143 4441 3389 4522 passim
3453 4437 3727 4503 celebris
3789 4456 3932 4501 esse
3996 4444 4266 4520 poterat.
4378 4435 4608 4518 Quum

2668 4545 2823 4608 ergo
2852 4524 3085 4609 legatis
3121 4522 3346 4590 datum
3391 4531 3492 4590 est
3538 4524 3659 4589 hoc
3694 4520 4110 4588 mandatum:
4155 4520 4606 4590 clamavimus

2667 4610 2748 4675 ad
2793 4608 3126 4689 Iehovam,
3170 4610 3283 4693 qui
3328 4630 3449 4675 nos
3491 4608 3850 4686 exaudivit,
3894 4607 4238 4674 consilium
4283 4606 4411 4673 fuit
4448 4606 4609 4673 Idu-

2668 4716 2886 4762 maeos
2928 4696 3179 4762 hortari
3224 4702 3295 4761 ut
3340 4694 3468 4760 Dei
3512 4706 3731 4761 essent
3771 4693 4151 4770 imitatores,
4196 4692 4307 4778 qui
4350 4692 4607 4759 miseri-

2666 4802 2809 4849 cors
2868 4783 3080 4847 fuerat
3135 4782 3206 4846 in
3251 4778 3584 4847 liberando
3627 4798 3745 4846 suo
3789 4779 4045 4864 populo.
4133 4777 4213 4845 Si
4255 4779 4400 4862 quis
4443 4778 4606 4844 obii-

2666 4869 2794 4935 ciat
2817 4886 2952 4932 non
2973 4866 3375 4933 laudandum
3396 4866 3598 4932 fuisse
3621 4867 3969 4931 clamorem
3994 4864 4237 4949 populi,
4262 4866 4372 4948 qui
4393 4887 4437 4929 n
4519 4885 4606 4931 ue

2665 4975 2749 5019 ex
2787 4954 2938 5018 viva
2979 4962 3045 5018 et
3086 4952 3341 5018 sincera
3373 4951 3520 5032 fide,
3566 4972 3775 5035 neque
3818 4971 3901 5016 ex
3943 4951 4112 5017 serio
4143 4948 4365 5016 'cordis
4497 4971 4605 5017 ec·

2665 5046 2740 5103 tu
2783 5037 3142 5103 oriebatur:
3201 5038 3437 5105 solutio
3480 5040 3548 5101 in
3592 5044 3900 5120 promptu
3942 5044 4069 5102 est:
4115 5034 4450 5102 Israelitas
4492 5035 4606 5103 hic

2666 5143 2795 5189 non
2853 5124 3093 5189 iactare
3147 5124 3358 5190 ullum
3419 5123 3754 5198 meritum,
3808 5143 3883 5188 ac
3938 5124 3995 5187 si
4052 5121 4176 5187 rite
4219 5132 4287 5188 et
4319 5122 4606 5205 perfecte

2663 5210 2910 5292 precati
2964 5218 3213 5289 essent,
3270 5209 3387 5275 sed
3442 5208 3668 5274 testari
3711 5206 4093 5292 simpliciter
4136 5206 4215 5272 de
4249 5228 4372 5275 sua
4410 5209 4608 5274 inno-

2664 5295 2905 5373 centia,
2965 5296 3118 5378 quia
3177 5294 3257 5362 ad
3302 5294 3521 5360 Deum
3563 5293 3911 5378 confugere
3952 5315 4085 5360 non
4128 5302 4431 5377 poterant
4471 5293 4610 5361 nisi
