<?xml version="1.0" encoding="UTF-8"?>
<!DOCTYPE html PUBLIC "-//W3C//DTD XHTML 1.0 Transitional//EN"
    "http://www.w3.org/TR/xhtml1/DTD/xhtml1-transitional.dtd">
<html xmlns="http://www.w3.org/1999/xhtml" xml:lang="en" lang="en">
 <head>
  <title>
</title>
<meta http-equiv="Content-Type" content="text/html;charset=utf-8" />
  <meta name='ocr-system' content='tesseract 3.04.00' />
  <meta name='ocr-capabilities' content='ocr_page ocr_carea ocr_par ocr_line ocrx_word'/>
</head>
<body>
  <div class='ocr_page' id='page_1' title='image "./ioanniscalvinio06unkngoog_0161.png"; bbox 0 0 5017 6142; ppageno 0'>
   <div class='ocr_carea' id='block_1_1' title="bbox 395 472 520 540">
    <p class='ocr_par' dir='ltr' id='par_1_1' title="bbox 395 472 520 540">
     <span class='ocr_line' id='line_1_1' title="bbox 395 472 520 540; baseline -0.016 0"><span class='ocrx_word' id='word_1_1' title='bbox 395 472 520 540; x_wconf 83' lang='lat'><strong>297</strong></span> 
     </span>
    </p>
   </div>
   <div class='ocr_carea' id='block_1_2' title="bbox 383 656 2347 5473">
    <p class='ocr_par' dir='ltr' id='par_1_2' title="bbox 385 656 2347 3049">
     <span class='ocr_line' id='line_1_2' title="bbox 394 656 2344 730; baseline -0.004 0"><span class='ocrx_word' id='word_1_2' title='bbox 394 661 713 730; x_wconf 88' lang='lat' dir='ltr'><strong>excitavit</strong></span> <span class='ocrx_word' id='word_1_3' title='bbox 770 659 1048 727; x_wconf 79' lang='lat' dir='ltr'><strong>Balaam</strong></span> <span class='ocrx_word' id='word_1_4' title='bbox 1105 659 1262 727; x_wconf 89' lang='lat' dir='ltr'><strong>dum</strong></span> <span class='ocrx_word' id='word_1_5' title='bbox 1320 660 1594 727; x_wconf 87' lang='lat' dir='ltr'><strong>miseros</strong></span> <span class='ocrx_word' id='word_1_6' title='bbox 1635 658 1789 727; x_wconf 89' lang='lat' dir='ltr'><strong>illos</strong></span> <span class='ocrx_word' id='word_1_7' title='bbox 1843 679 2035 727; x_wconf 88' lang='lat' dir='ltr'><strong>caeca</strong></span> <span class='ocrx_word' id='word_1_8' title='bbox 2076 656 2344 724; x_wconf 81' lang='lat' dir='ltr'><strong>libidine</strong></span> 
     </span>
     <span class='ocr_line' id='line_1_3' title="bbox 393 742 2340 831; baseline -0.003 -16"><span class='ocrx_word' id='word_1_9' title='bbox 393 749 870 830; x_wconf 83' lang='lat' dir='ltr'><strong>inflammatos,</strong></span> <span class='ocrx_word' id='word_1_10' title='bbox 926 745 1010 812; x_wconf 90' lang='lat' dir='ltr'><strong>ad</strong></span> <span class='ocrx_word' id='word_1_11' title='bbox 1071 745 1248 813; x_wconf 91' lang='lat' dir='ltr'><strong>aliud</strong></span> <span class='ocrx_word' id='word_1_12' title='bbox 1303 745 1516 814; x_wconf 89' lang='lat' dir='ltr'><strong>scelus</strong></span> <span class='ocrx_word' id='word_1_13' title='bbox 1577 744 1872 831; x_wconf 84' lang='lat' dir='ltr'><strong>impulit,</strong></span> <span class='ocrx_word' id='word_1_14' title='bbox 1936 766 2065 830; x_wconf 89' lang='lat' dir='ltr'><strong>quo</strong></span> <span class='ocrx_word' id='word_1_15' title='bbox 2123 742 2340 810; x_wconf 90' lang='lat' dir='ltr'><strong>Deum</strong></span> 
     </span>
     <span class='ocr_line' id='line_1_4' title="bbox 392 829 2347 916; baseline -0.005 -13"><span class='ocrx_word' id='word_1_16' title='bbox 392 834 521 903; x_wconf 89' lang='lat' dir='ltr'><strong>sibi</strong></span> <span class='ocrx_word' id='word_1_17' title='bbox 563 832 876 900; x_wconf 82' lang='lat' dir='ltr'><strong>infestum</strong></span> <span class='ocrx_word' id='word_1_18' title='bbox 918 831 1287 899; x_wconf 78' lang='lat' dir='ltr'>redderent.</span> <span class='ocrx_word' id='word_1_19' title='bbox 1374 831 1607 916; x_wconf 89' lang='lat' dir='ltr'><strong>Itaque</strong></span> <span class='ocrx_word' id='word_1_20' title='bbox 1646 831 1899 899; x_wconf 90' lang='lat' dir='ltr'><strong>Paulus</strong></span> <span class='ocrx_word' id='word_1_21' title='bbox 1933 832 2106 898; x_wconf 87' lang='lat' dir='ltr'><strong>hanc</strong></span> <span class='ocrx_word' id='word_1_22' title='bbox 2146 829 2347 896; x_wconf 87' lang='lat' dir='ltr'><strong>histo-</strong></span> 
     </span>
     <span class='ocr_line' id='line_1_5' title="bbox 392 914 2346 1006; baseline -0.004 -19"><span class='ocrx_word' id='word_1_23' title='bbox 392 921 561 988; x_wconf 88' lang='lat' dir='ltr'><strong>riam</strong></span> <span class='ocrx_word' id='word_1_24' title='bbox 621 920 830 987; x_wconf 90' lang='lat' dir='ltr'><strong>citans</strong></span> <span class='ocrx_word' id='word_1_25' title='bbox 883 917 972 1006; x_wconf 92' lang='lat'><strong>(1.</strong></span> <span class='ocrx_word' id='word_1_26' title='bbox 1028 917 1178 986; x_wconf 83' lang='lat' dir='ltr'><strong>Cor.</strong></span> <span class='ocrx_word' id='word_1_27' title='bbox 1242 917 1354 996; x_wconf 87' lang='grc'><strong>10,</strong></span> <span class='ocrx_word' id='word_1_28' title='bbox 1394 918 1434 985; x_wconf 91' lang='grc'>8</span> <span class='ocrx_word' id='word_1_29' title='bbox 1473 969 1491 999; x_wconf 87' lang='grc'><em>,</em></span> <span class='ocrx_word' id='word_1_30' title='bbox 1534 937 1811 1001; x_wconf 88' lang='lat' dir='ltr'><strong>poenam</strong></span> <span class='ocrx_word' id='word_1_31' title='bbox 1854 917 2081 1006; x_wconf 85' lang='lat' dir='ltr'><strong>(cuius</strong></span> <span class='ocrx_word' id='word_1_32' title='bbox 2109 914 2346 982; x_wconf 92' lang='lat' dir='ltr'><strong>deinde</strong></span> 
     </span>
     <span class='ocr_line' id='line_1_6' title="bbox 393 1000 2346 1093; baseline -0.004 -20"><span class='ocrx_word' id='word_1_33' title='bbox 393 1007 512 1073; x_wconf 89' lang='lat' dir='ltr'><strong>fiet</strong></span> <span class='ocrx_word' id='word_1_34' title='bbox 555 1004 825 1093; x_wconf 90' lang='lat' dir='ltr'><strong>mentio)</strong></span> <span class='ocrx_word' id='word_1_35' title='bbox 867 1004 1248 1072; x_wconf 73' lang='lat' dir='ltr'><strong>scortationi</strong></span> <span class='ocrx_word' id='word_1_36' title='bbox 1304 1004 1622 1070; x_wconf 68' lang='lat' dir='ltr'><strong>inflictam</strong></span> <span class='ocrx_word' id='word_1_37' title='bbox 1665 1004 1864 1070; x_wconf 81' lang='lat' dir='ltr'><strong>fuisse</strong></span> <span class='ocrx_word' id='word_1_38' title='bbox 1908 1003 2110 1071; x_wconf 90' lang='lat' dir='ltr'><strong>docet.</strong></span> <span class='ocrx_word' id='word_1_39' title='bbox 2198 1000 2346 1068; x_wconf 88' lang='lat' dir='ltr'><strong>Etsi</strong></span> 
     </span>
     <span class='ocr_line' id='line_1_7' title="bbox 395 1088 2342 1176; baseline -0.003 -17"><span class='ocrx_word' id='word_1_40' title='bbox 395 1092 574 1159; x_wconf 93' lang='lat' dir='ltr'><strong>enim</strong></span> <span class='ocrx_word' id='word_1_41' title='bbox 627 1090 777 1158; x_wconf 89' lang='lat' dir='ltr'><strong>Deo</strong></span> <span class='ocrx_word' id='word_1_42' title='bbox 832 1091 1235 1176; x_wconf 89' lang='lat' dir='ltr'><strong>propositum</strong></span> <span class='ocrx_word' id='word_1_43' title='bbox 1294 1091 1420 1156; x_wconf 87' lang='lat' dir='ltr'><strong>fuit</strong></span> <span class='ocrx_word' id='word_1_44' title='bbox 1475 1089 1694 1157; x_wconf 89' lang='lat' dir='ltr'><strong>cultus</strong></span> <span class='ocrx_word' id='word_1_45' title='bbox 1754 1090 1855 1156; x_wconf 89' lang='lat' dir='ltr'><strong>sui</strong></span> <span class='ocrx_word' id='word_1_46' title='bbox 1921 1088 2342 1157; x_wconf 80' lang='lat' dir='ltr'><strong>violationem</strong></span> 
     </span>
     <span class='ocr_line' id='line_1_8' title="bbox 391 1175 2345 1262; baseline -0.003 -18"><span class='ocrx_word' id='word_1_47' title='bbox 391 1177 619 1245; x_wconf 87' lang='lat' dir='ltr'><strong>ulcisci</strong></span> <span class='ocrx_word' id='word_1_48' title='bbox 636 1228 651 1257; x_wconf 89' lang='lat'><strong>,</strong></span> <span class='ocrx_word' id='word_1_49' title='bbox 709 1178 1100 1262; x_wconf 90' lang='lat' dir='ltr'><strong>principium</strong></span> <span class='ocrx_word' id='word_1_50' title='bbox 1144 1190 1367 1242; x_wconf 90' lang='lat' dir='ltr'><strong>tamen</strong></span> <span class='ocrx_word' id='word_1_51' title='bbox 1412 1175 1568 1244; x_wconf 92' lang='lat' dir='ltr'><strong>mali</strong></span> <span class='ocrx_word' id='word_1_52' title='bbox 1626 1186 1694 1242; x_wconf 90' lang='lat' dir='ltr'><strong>et</strong></span> <span class='ocrx_word' id='word_1_53' title='bbox 1736 1176 1980 1243; x_wconf 86' lang='lat' dir='ltr'><strong>fontem</strong></span> <span class='ocrx_word' id='word_1_54' title='bbox 2025 1175 2345 1258; x_wconf 76' lang='lat' dir='ltr'><strong>inspicere</strong></span> 
     </span>
     <span class='ocr_line' id='line_1_9' title="bbox 393 1260 2345 1347; baseline -0.003 -18"><span class='ocrx_word' id='word_1_55' title='bbox 393 1263 725 1330; x_wconf 87' lang='lat' dir='ltr'><strong>convenit.</strong></span> <span class='ocrx_word' id='word_1_56' title='bbox 813 1261 1386 1346; x_wconf 80' lang='lat' dir='ltr'><strong>Quemadmodum</strong></span> <span class='ocrx_word' id='word_1_57' title='bbox 1443 1262 1500 1329; x_wconf 91' lang='lat' dir='ltr'><strong>si</strong></span> <span class='ocrx_word' id='word_1_58' title='bbox 1544 1263 1691 1347; x_wconf 88' lang='lat' dir='ltr'><strong>quis</strong></span> <span class='ocrx_word' id='word_1_59' title='bbox 1750 1262 1968 1329; x_wconf 91' lang='lat' dir='ltr'><strong>ebrius</strong></span> <span class='ocrx_word' id='word_1_60' title='bbox 2009 1260 2345 1327; x_wconf 91' lang='lat' dir='ltr'><strong>hominem</strong></span> 
     </span>
     <span class='ocr_line' id='line_1_10' title="bbox 392 1345 2343 1431; baseline -0.004 -15"><span class='ocrx_word' id='word_1_61' title='bbox 392 1349 736 1429; x_wconf 89' lang='lat' dir='ltr'><strong>occiderit,</strong></span> <span class='ocrx_word' id='word_1_62' title='bbox 794 1349 1024 1416; x_wconf 89' lang='lat' dir='ltr'><strong>caedes</strong></span> <span class='ocrx_word' id='word_1_63' title='bbox 1067 1348 1368 1416; x_wconf 77' lang='lat' dir='ltr'><strong>ebrietati</strong></span> <span class='ocrx_word' id='word_1_64' title='bbox 1425 1347 1888 1431; x_wconf 84' lang='lat' dir='ltr'><strong>imputabitur:</strong></span> <span class='ocrx_word' id='word_1_65' title='bbox 1940 1347 2034 1413; x_wconf 90' lang='lat' dir='ltr'><strong>ita</strong></span> <span class='ocrx_word' id='word_1_66' title='bbox 2077 1345 2343 1422; x_wconf 88' lang='lat' dir='ltr'><strong>Paulus,</strong></span> 
     </span>
     <span class='ocr_line' id='line_1_11' title="bbox 390 1429 2342 1519; baseline -0.004 -16"><span class='ocrx_word' id='word_1_67' title='bbox 390 1434 788 1503; x_wconf 76' lang='lat' dir='ltr'><strong>scortatione</strong></span> <span class='ocrx_word' id='word_1_68' title='bbox 829 1435 1146 1519; x_wconf 90' lang='lat' dir='ltr'><strong>impulsos</strong></span> <span class='ocrx_word' id='word_1_69' title='bbox 1189 1456 1334 1500; x_wconf 89' lang='lat' dir='ltr'><strong>esse</strong></span> <span class='ocrx_word' id='word_1_70' title='bbox 1380 1432 1609 1502; x_wconf 92' lang='lat' dir='ltr'><strong>videns</strong></span> <span class='ocrx_word' id='word_1_71' title='bbox 1639 1433 1975 1500; x_wconf 88' lang='lat' dir='ltr'><strong>Israelitas</strong></span> <span class='ocrx_word' id='word_1_72' title='bbox 2019 1431 2098 1497; x_wconf 89' lang='lat' dir='ltr'><strong>ad</strong></span> <span class='ocrx_word' id='word_1_73' title='bbox 2142 1429 2342 1498; x_wconf 89' lang='lat' dir='ltr'><strong>idolo-</strong></span> 
     </span>
     <span class='ocr_line' id='line_1_12' title="bbox 389 1518 2343 1605; baseline -0.002 -17"><span class='ocrx_word' id='word_1_74' title='bbox 389 1521 673 1603; x_wconf 90' lang='lat' dir='ltr'><strong>latriam,</strong></span> <span class='ocrx_word' id='word_1_75' title='bbox 715 1522 1042 1605; x_wconf 88' lang='lat' dir='ltr'><strong>proposito</strong></span> <span class='ocrx_word' id='word_1_76' title='bbox 1085 1541 1335 1604; x_wconf 91' lang='lat' dir='ltr'><strong>poenae</strong></span> <span class='ocrx_word' id='word_1_77' title='bbox 1379 1518 1679 1603; x_wconf 88' lang='lat' dir='ltr'><strong>exemplo</strong></span> <span class='ocrx_word' id='word_1_78' title='bbox 1715 1542 1754 1585; x_wconf 91' lang='lat' dir='ltr'><strong>a</strong></span> <span class='ocrx_word' id='word_1_79' title='bbox 1788 1519 2179 1586; x_wconf 83' lang='lat' dir='ltr'><strong>scortatione</strong></span> <span class='ocrx_word' id='word_1_80' title='bbox 2223 1538 2343 1584; x_wconf 89' lang='lat' dir='ltr'><strong>nos</strong></span> 
     </span>
     <span class='ocr_line' id='line_1_13' title="bbox 390 1604 2342 1691; baseline -0.002 -18"><span class='ocrx_word' id='word_1_81' title='bbox 390 1608 735 1686; x_wconf 85' lang='lat' dir='ltr'><strong>absterret,</strong></span> <span class='ocrx_word' id='word_1_82' title='bbox 780 1628 947 1691; x_wconf 90' lang='lat' dir='ltr'><strong>quae</strong></span> <span class='ocrx_word' id='word_1_83' title='bbox 989 1606 1201 1690; x_wconf 91' lang='lat' dir='ltr'><strong>prima</strong></span> <span class='ocrx_word' id='word_1_84' title='bbox 1241 1605 1375 1672; x_wconf 88' lang='lat' dir='ltr'><strong>illis</strong></span> <span class='ocrx_word' id='word_1_85' title='bbox 1419 1605 1546 1671; x_wconf 82' lang='lat' dir='ltr'><strong>fuit</strong></span> <span class='ocrx_word' id='word_1_86' title='bbox 1590 1604 1793 1671; x_wconf 90' lang='lat' dir='ltr'><strong>cladis</strong></span> <span class='ocrx_word' id='word_1_87' title='bbox 1836 1625 2066 1685; x_wconf 90' lang='lat' dir='ltr'><strong>causa,</strong></span> <span class='ocrx_word' id='word_1_88' title='bbox 2124 1614 2189 1670; x_wconf 88' lang='lat' dir='ltr'><strong>et</strong></span> <span class='ocrx_word' id='word_1_89' title='bbox 2232 1624 2342 1670; x_wconf 90' lang='lat' dir='ltr'><strong>eos</strong></span> 
     </span>
     <span class='ocr_line' id='line_1_14' title="bbox 386 1689 2343 1778; baseline -0.004 -17"><span class='ocrx_word' id='word_1_90' title='bbox 386 1691 861 1778; x_wconf 77' lang='lat' dir='ltr'><strong>pessumdedit.</strong></span> <span class='ocrx_word' id='word_1_91' title='bbox 946 1693 1159 1760; x_wconf 88' lang='lat' dir='ltr'><strong>Porro</strong></span> <span class='ocrx_word' id='word_1_92' title='bbox 1201 1691 1511 1777; x_wconf 87' lang='lat' dir='ltr'><strong>quoniam</strong></span> <span class='ocrx_word' id='word_1_93' title='bbox 1555 1690 1637 1757; x_wconf 90' lang='lat' dir='ltr'><strong>ab</strong></span> <span class='ocrx_word' id='word_1_94' title='bbox 1695 1712 1826 1757; x_wconf 92' lang='lat' dir='ltr'><strong>uno</strong></span> <span class='ocrx_word' id='word_1_95' title='bbox 1870 1690 2043 1756; x_wconf 89' lang='lat' dir='ltr'><strong>malo</strong></span> <span class='ocrx_word' id='word_1_96' title='bbox 2087 1689 2170 1756; x_wconf 90' lang='lat' dir='ltr'><strong>ad</strong></span> <span class='ocrx_word' id='word_1_97' title='bbox 2212 1690 2343 1755; x_wconf 90' lang='lat' dir='ltr'><strong>alia</strong></span> 
     </span>
     <span class='ocr_line' id='line_1_15' title="bbox 389 1773 2343 1863; baseline -0.003 -17"><span class='ocrx_word' id='word_1_98' title='bbox 389 1791 527 1847; x_wconf 83' lang='lat' dir='ltr'><strong>tam</strong></span> <span class='ocrx_word' id='word_1_99' title='bbox 587 1779 900 1863; x_wconf 88' lang='lat' dir='ltr'><strong>proclivis</strong></span> <span class='ocrx_word' id='word_1_100' title='bbox 961 1785 1061 1845; x_wconf 92' lang='lat' dir='ltr'><strong>est</strong></span> <span class='ocrx_word' id='word_1_101' title='bbox 1102 1779 1355 1861; x_wconf 90' lang='lat' dir='ltr'><strong>lapsus,</strong></span> <span class='ocrx_word' id='word_1_102' title='bbox 1415 1798 1492 1844; x_wconf 92' lang='lat' dir='ltr'><strong>eo</strong></span> <span class='ocrx_word' id='word_1_103' title='bbox 1550 1777 1866 1844; x_wconf 88' lang='lat' dir='ltr'><strong>attentius</strong></span> <span class='ocrx_word' id='word_1_104' title='bbox 1920 1796 2155 1844; x_wconf 92' lang='lat' dir='ltr'><strong>cavere</strong></span> <span class='ocrx_word' id='word_1_105' title='bbox 2211 1773 2343 1840; x_wconf 89' lang='lat' dir='ltr'><strong>dis-</strong></span> 
     </span>
     <span class='ocr_line' id='line_1_16' title="bbox 390 1861 2338 1947; baseline -0.003 -14"><span class='ocrx_word' id='word_1_106' title='bbox 390 1887 650 1946; x_wconf 90' lang='lat' dir='ltr'><strong>camus,</strong></span> <span class='ocrx_word' id='word_1_107' title='bbox 705 1886 789 1931; x_wconf 91' lang='lat' dir='ltr'><strong>ne</strong></span> <span class='ocrx_word' id='word_1_108' title='bbox 833 1863 1044 1932; x_wconf 82' lang='lat' dir='ltr'><strong>Satan</strong></span> <span class='ocrx_word' id='word_1_109' title='bbox 1086 1886 1206 1931; x_wconf 92' lang='lat' dir='ltr'><strong>nos</strong></span> <span class='ocrx_word' id='word_1_110' title='bbox 1250 1865 1387 1930; x_wconf 88' lang='lat' dir='ltr'><strong>suis</strong></span> <span class='ocrx_word' id='word_1_111' title='bbox 1420 1861 1677 1930; x_wconf 90' lang='lat' dir='ltr'><strong>insidiis</strong></span> <span class='ocrx_word' id='word_1_112' title='bbox 1716 1863 2048 1947; x_wconf 89' lang='lat' dir='ltr'><strong>illaqueet.</strong></span> <span class='ocrx_word' id='word_1_113' title='bbox 2135 1862 2338 1927; x_wconf 92' lang='lat' dir='ltr'><strong>Note-</strong></span> 
     </span>
     <span class='ocr_line' id='line_1_17' title="bbox 388 1944 2341 2036; baseline -0.003 -18"><span class='ocrx_word' id='word_1_114' title='bbox 388 1973 543 2018; x_wconf 89' lang='lat' dir='ltr'><strong>mus</strong></span> <span class='ocrx_word' id='word_1_115' title='bbox 596 1951 798 2017; x_wconf 89' lang='lat' dir='ltr'><strong>etiam</strong></span> <span class='ocrx_word' id='word_1_116' title='bbox 844 1944 1168 2036; x_wconf 86' lang='lat' dir='ltr'><strong>gradatim</strong></span> <span class='ocrx_word' id='word_1_117' title='bbox 1223 1951 1437 2034; x_wconf 90' lang='lat' dir='ltr'><strong>ipsum</strong></span> <span class='ocrx_word' id='word_1_118' title='bbox 1474 1948 1818 2033; x_wconf 91' lang='lat' dir='ltr'><strong>obrepere,</strong></span> <span class='ocrx_word' id='word_1_119' title='bbox 1872 1970 1998 2034; x_wconf 90' lang='lat' dir='ltr'><strong>quo</strong></span> <span class='ocrx_word' id='word_1_120' title='bbox 2056 1969 2176 2014; x_wconf 92' lang='lat' dir='ltr'><strong>nos</strong></span> <span class='ocrx_word' id='word_1_121' title='bbox 2217 1947 2341 2013; x_wconf 91' lang='lat' dir='ltr'><strong>cir-</strong></span> 
     </span>
     <span class='ocr_line' id='line_1_18' title="bbox 389 2033 2341 2120; baseline -0.004 -13"><span class='ocrx_word' id='word_1_122' title='bbox 389 2036 789 2107; x_wconf 89' lang='lat' dir='ltr'><strong>cumveniat.</strong></span> <span class='ocrx_word' id='word_1_123' title='bbox 879 2036 1027 2103; x_wconf 88' lang='lat' dir='ltr'><strong>Non</strong></span> <span class='ocrx_word' id='word_1_124' title='bbox 1093 2035 1317 2102; x_wconf 86' lang='lat' dir='ltr'><strong>statim</strong></span> <span class='ocrx_word' id='word_1_125' title='bbox 1380 2033 1778 2102; x_wconf 90' lang='lat' dir='ltr'><strong>Moabitides</strong></span> <span class='ocrx_word' id='word_1_126' title='bbox 1842 2034 2101 2120; x_wconf 88' lang='lat' dir='ltr'><strong>puellae</strong></span> <span class='ocrx_word' id='word_1_127' title='bbox 2173 2033 2341 2100; x_wconf 89' lang='lat' dir='ltr'><strong>filios</strong></span> 
     </span>
     <span class='ocr_line' id='line_1_19' title="bbox 385 2118 2338 2201; baseline -0.002 -13"><span class='ocrx_word' id='word_1_128' title='bbox 385 2122 599 2190; x_wconf 89' lang='lat' dir='ltr'><strong>Israel</strong></span> <span class='ocrx_word' id='word_1_129' title='bbox 641 2122 1079 2189; x_wconf 83' lang='lat' dir='ltr'><strong>sollicitarunt</strong></span> <span class='ocrx_word' id='word_1_130' title='bbox 1145 2120 1228 2188; x_wconf 90' lang='lat' dir='ltr'><strong>ad</strong></span> <span class='ocrx_word' id='word_1_131' title='bbox 1293 2120 1562 2188; x_wconf 89' lang='lat' dir='ltr'><strong>colenda</strong></span> <span class='ocrx_word' id='word_1_132' title='bbox 1625 2120 1834 2201; x_wconf 86' lang='lat' dir='ltr'><strong>idola,</strong></span> <span class='ocrx_word' id='word_1_133' title='bbox 1899 2121 2015 2188; x_wconf 91' lang='lat' dir='ltr'><strong>sed</strong></span> <span class='ocrx_word' id='word_1_134' title='bbox 2079 2140 2191 2186; x_wconf 92' lang='lat' dir='ltr'><strong>eos</strong></span> <span class='ocrx_word' id='word_1_135' title='bbox 2257 2118 2338 2185; x_wconf 91' lang='lat' dir='ltr'><strong>ad</strong></span> 
     </span>
     <span class='ocr_line' id='line_1_20' title="bbox 389 2204 2338 2293; baseline -0.002 -19"><span class='ocrx_word' id='word_1_136' title='bbox 389 2209 617 2293; x_wconf 88' lang='lat' dir='ltr'><strong>epulas</strong></span> <span class='ocrx_word' id='word_1_137' title='bbox 681 2208 1000 2288; x_wconf 88' lang='lat' dir='ltr'><strong>invitant,</strong></span> <span class='ocrx_word' id='word_1_138' title='bbox 1071 2215 1294 2293; x_wconf 88' lang='lat' dir='ltr'><strong>postea</strong></span> <span class='ocrx_word' id='word_1_139' title='bbox 1357 2207 1710 2292; x_wconf 90' lang='lat' dir='ltr'><strong>impellunt</strong></span> <span class='ocrx_word' id='word_1_140' title='bbox 1766 2207 1892 2273; x_wconf 90' lang='lat' dir='ltr'><strong>hac</strong></span> <span class='ocrx_word' id='word_1_141' title='bbox 1946 2205 2202 2272; x_wconf 91' lang='lat' dir='ltr'><strong>ratione</strong></span> <span class='ocrx_word' id='word_1_142' title='bbox 2257 2204 2338 2271; x_wconf 91' lang='lat' dir='ltr'><strong>ad</strong></span> 
     </span>
     <span class='ocr_line' id='line_1_21' title="bbox 385 2291 2342 2360; baseline -0.002 -1"><span class='ocrx_word' id='word_1_143' title='bbox 385 2294 845 2360; x_wconf 84' lang='lat' dir='ltr'><strong>idololatriam.</strong></span> <span class='ocrx_word' id='word_1_144' title='bbox 914 2293 1084 2359; x_wconf 87' lang='lat' dir='ltr'><strong>Nam</strong></span> <span class='ocrx_word' id='word_1_145' title='bbox 1122 2295 1180 2360; x_wconf 92' lang='lat' dir='ltr'><strong>si</strong></span> <span class='ocrx_word' id='word_1_146' title='bbox 1215 2293 1296 2360; x_wconf 90' lang='lat' dir='ltr'><strong>de</strong></span> <span class='ocrx_word' id='word_1_147' title='bbox 1337 2292 1628 2360; x_wconf 89' lang='lat' dir='ltr'><strong>colendis</strong></span> <span class='ocrx_word' id='word_1_148' title='bbox 1669 2292 1864 2359; x_wconf 87' lang='lat' dir='ltr'><strong>idolis</strong></span> <span class='ocrx_word' id='word_1_149' title='bbox 1906 2292 2095 2358; x_wconf 91' lang='lat' dir='ltr'><strong>initio</strong></span> <span class='ocrx_word' id='word_1_150' title='bbox 2139 2291 2342 2358; x_wconf 85' lang='lat' dir='ltr'><strong>verba</strong></span> 
     </span>
     <span class='ocr_line' id='line_1_22' title="bbox 385 2378 2332 2461; baseline -0.001 -15"><span class='ocrx_word' id='word_1_151' title='bbox 385 2379 671 2448; x_wconf 84' lang='lat' dir='ltr'><strong>fuissent</strong></span> <span class='ocrx_word' id='word_1_152' title='bbox 710 2380 884 2447; x_wconf 86' lang='lat' dir='ltr'><strong>facta</strong></span> <span class='ocrx_word' id='word_1_153' title='bbox 899 2431 916 2461; x_wconf 99' lang='lat'><strong>,</strong></span> <span class='ocrx_word' id='word_1_154' title='bbox 969 2379 1468 2445; x_wconf 84' lang='lat' dir='ltr'><strong>exhorruissent</strong></span> <span class='ocrx_word' id='word_1_155' title='bbox 1506 2379 1675 2446; x_wconf 86' lang='lat' dir='ltr'><strong>forte</strong></span> <span class='ocrx_word' id='word_1_156' title='bbox 1730 2378 1995 2445; x_wconf 91' lang='lat' dir='ltr'><strong>sceleris</strong></span> <span class='ocrx_word' id='word_1_157' title='bbox 2037 2378 2332 2444; x_wconf 87' lang='lat' dir='ltr'><strong>atrocita-</strong></span> 
     </span>
     <span class='ocr_line' id='line_1_23' title="bbox 386 2463 2336 2551; baseline -0.002 -18"><span class='ocrx_word' id='word_1_158' title='bbox 386 2478 545 2544; x_wconf 86' lang='lat' dir='ltr'><strong>tem,</strong></span> <span class='ocrx_word' id='word_1_159' title='bbox 591 2464 676 2533; x_wconf 88' lang='lat' dir='ltr'><strong>ad</strong></span> <span class='ocrx_word' id='word_1_160' title='bbox 718 2486 915 2551; x_wconf 89' lang='lat' dir='ltr'><strong>quam</strong></span> <span class='ocrx_word' id='word_1_161' title='bbox 959 2488 1029 2530; x_wconf 90' lang='lat' dir='ltr'><strong>se</strong></span> <span class='ocrx_word' id='word_1_162' title='bbox 1074 2464 1385 2548; x_wconf 88' lang='lat' dir='ltr'><strong>paulatim</strong></span> <span class='ocrx_word' id='word_1_163' title='bbox 1430 2463 1666 2531; x_wconf 91' lang='lat' dir='ltr'><strong>deduci</strong></span> <span class='ocrx_word' id='word_1_164' title='bbox 1708 2464 1887 2549; x_wconf 91' lang='lat' dir='ltr'><strong>passi</strong></span> <span class='ocrx_word' id='word_1_165' title='bbox 1930 2471 2106 2530; x_wconf 89' lang='lat' dir='ltr'><strong>sunt.</strong></span> <span class='ocrx_word' id='word_1_166' title='bbox 2193 2464 2336 2529; x_wconf 91' lang='lat' dir='ltr'><strong>Iam</strong></span> 
     </span>
     <span class='ocr_line' id='line_1_24' title="bbox 389 2550 2337 2636; baseline -0.002 -17"><span class='ocrx_word' id='word_1_167' title='bbox 389 2551 584 2636; x_wconf 90' lang='lat' dir='ltr'><strong>epulo</strong></span> <span class='ocrx_word' id='word_1_168' title='bbox 640 2551 814 2636; x_wconf 91' lang='lat' dir='ltr'><strong>quod</strong></span> <span class='ocrx_word' id='word_1_169' title='bbox 875 2553 945 2617; x_wconf 92' lang='lat' dir='ltr'><strong>in</strong></span> <span class='ocrx_word' id='word_1_170' title='bbox 989 2552 1301 2618; x_wconf 91' lang='lat' dir='ltr'><strong>honorem</strong></span> <span class='ocrx_word' id='word_1_171' title='bbox 1360 2550 1675 2619; x_wconf 82' lang='lat' dir='ltr'><strong>falsorum</strong></span> <span class='ocrx_word' id='word_1_172' title='bbox 1732 2550 2001 2616; x_wconf 90' lang='lat' dir='ltr'><strong>deorum</strong></span> <span class='ocrx_word' id='word_1_173' title='bbox 2054 2550 2337 2617; x_wconf 91' lang='lat' dir='ltr'><strong>celebra·</strong></span> 
     </span>
     <span class='ocr_line' id='line_1_25' title="bbox 388 2635 2341 2720; baseline -0.002 -16"><span class='ocrx_word' id='word_1_174' title='bbox 388 2638 619 2717; x_wconf 90' lang='lat' dir='ltr'><strong>batur,</strong></span> <span class='ocrx_word' id='word_1_175' title='bbox 689 2638 1027 2718; x_wconf 89' lang='lat' dir='ltr'><strong>interesse,</strong></span> <span class='ocrx_word' id='word_1_176' title='bbox 1094 2636 1356 2719; x_wconf 86' lang='lat' dir='ltr'><strong>obliqua</strong></span> <span class='ocrx_word' id='word_1_177' title='bbox 1420 2635 1740 2720; x_wconf 88' lang='lat' dir='ltr'><strong>quaedam</strong></span> <span class='ocrx_word' id='word_1_178' title='bbox 1803 2645 1947 2702; x_wconf 90' lang='lat' dir='ltr'><strong>erat</strong></span> <span class='ocrx_word' id='word_1_179' title='bbox 2013 2636 2153 2703; x_wconf 88' lang='lat' dir='ltr'><strong>veri</strong></span> <span class='ocrx_word' id='word_1_180' title='bbox 2211 2635 2341 2701; x_wconf 92' lang='lat' dir='ltr'><strong>Dei</strong></span> 
     </span>
     <span class='ocr_line' id='line_1_26' title="bbox 393 2723 2337 2809; baseline -0.002 -18"><span class='ocrx_word' id='word_1_181' title='bbox 393 2724 774 2809; x_wconf 81' lang='lat' dir='ltr'><strong>abnegatio:</strong></span> <span class='ocrx_word' id='word_1_182' title='bbox 833 2724 946 2790; x_wconf 89' lang='lat' dir='ltr'><strong>ubi</strong></span> <span class='ocrx_word' id='word_1_183' title='bbox 1007 2732 1226 2789; x_wconf 88' lang='lat' dir='ltr'><strong>tamen</strong></span> <span class='ocrx_word' id='word_1_184' title='bbox 1284 2742 1568 2806; x_wconf 89' lang='lat' dir='ltr'><strong>eousque</strong></span> <span class='ocrx_word' id='word_1_185' title='bbox 1623 2723 1935 2806; x_wconf 85' lang='lat' dir='ltr'><strong>pertracti</strong></span> <span class='ocrx_word' id='word_1_186' title='bbox 1980 2729 2163 2801; x_wconf 89' lang='lat' dir='ltr'><strong>sunt,</strong></span> <span class='ocrx_word' id='word_1_187' title='bbox 2226 2744 2337 2787; x_wconf 87' lang='lat' dir='ltr'><strong>ex-</strong></span> 
     </span>
     <span class='ocr_line' id='line_1_27' title="bbox 390 2807 2338 2895; baseline -0.002 -18"><span class='ocrx_word' id='word_1_188' title='bbox 390 2830 583 2878; x_wconf 89' lang='lat' dir='ltr'><strong>cusso</strong></span> <span class='ocrx_word' id='word_1_189' title='bbox 641 2809 888 2895; x_wconf 90' lang='lat' dir='ltr'><strong>pudore</strong></span> <span class='ocrx_word' id='word_1_190' title='bbox 946 2829 1088 2876; x_wconf 89' lang='lat' dir='ltr'><strong>sese</strong></span> <span class='ocrx_word' id='word_1_191' title='bbox 1142 2808 1497 2892; x_wconf 90' lang='lat' dir='ltr'><strong>proiiciunt</strong></span> <span class='ocrx_word' id='word_1_192' title='bbox 1539 2807 1621 2874; x_wconf 91' lang='lat' dir='ltr'><strong>ad</strong></span> <span class='ocrx_word' id='word_1_193' title='bbox 1671 2815 2038 2874; x_wconf 88' lang='lat' dir='ltr'><strong>extremum</strong></span> <span class='ocrx_word' id='word_1_194' title='bbox 2097 2815 2338 2888; x_wconf 89' lang='lat' dir='ltr'><strong>actum,</strong></span> 
     </span>
     <span class='ocr_line' id='line_1_28' title="bbox 386 2893 2340 3049; baseline -0.001 -87"><span class='ocrx_word' id='word_1_195' title='bbox 386 2897 669 3049; x_wconf 54' lang='lat' dir='ltr'><strong>fflri</strong></span> <span class='ocrx_word' id='word_1_196' title='bbox 727 2905 795 2962; x_wconf 91' lang='lat' dir='ltr'><strong>et</strong></span> <span class='ocrx_word' id='word_1_197' title='bbox 835 2896 1032 2962; x_wconf 90' lang='lat' dir='ltr'><strong>unius</strong></span> <span class='ocrx_word' id='word_1_198' title='bbox 1076 2895 1203 2960; x_wconf 92' lang='lat' dir='ltr'><strong>Dei</strong></span> <span class='ocrx_word' id='word_1_199' title='bbox 1246 2894 1562 2961; x_wconf 87' lang='lat' dir='ltr'><strong>honorem</strong></span> <span class='ocrx_word' id='word_1_200' title='bbox 1600 2893 1683 2960; x_wconf 89' lang='lat' dir='ltr'><strong>ad</strong></span> <span class='ocrx_word' id='word_1_201' title='bbox 1724 2893 1923 2961; x_wconf 87' lang='lat' dir='ltr'><strong>falsos</strong></span> <span class='ocrx_word' id='word_1_202' title='bbox 1967 2901 2034 2960; x_wconf 88' lang='lat' dir='ltr'><strong>et</strong></span> <span class='ocrx_word' id='word_1_203' title='bbox 2075 2894 2340 2960; x_wconf 88' lang='lat' dir='ltr'><strong>fictitios</strong></span> 
     </span>
     <span class='ocr_line' id='line_1_29' title="bbox 602 2990 1959 3048; baseline 0 -3"><span class='ocrx_word' id='word_1_204' title='bbox 602 2990 810 3048; x_wconf 89' lang='lat' dir='ltr'><strong>erant.</strong></span> <span class='ocrx_word' id='word_1_205' title='bbox 1948 3016 1959 3023; x_wconf 94' lang='lat'><strong>·</strong></span> 
     </span>
    </p>

    <p class='ocr_par' dir='ltr' id='par_1_3' title="bbox 383 3064 2340 3927">
     <span class='ocr_line' id='line_1_30' title="bbox 562 3064 2339 3149; baseline -0.002 -15"><span class='ocrx_word' id='word_1_206' title='bbox 562 3067 625 3134; x_wconf 84' lang='lat'><strong>3.</strong></span> <span class='ocrx_word' id='word_1_207' title='bbox 670 3066 763 3132; x_wconf 80' lang='lat' dir='ltr'><strong>Et</strong></span> <span class='ocrx_word' id='word_1_208' title='bbox 803 3066 1097 3134; x_wconf 68' lang='lat' dir='ltr'><strong>adiunxit</strong></span> <span class='ocrx_word' id='word_1_209' title='bbox 1137 3085 1271 3133; x_wconf 75' lang='lat' dir='ltr'><strong>sese</strong></span> <span class='ocrx_word' id='word_1_210' title='bbox 1294 3065 1519 3132; x_wconf 74' lang='lat' dir='ltr'><strong>Israel.</strong></span> <span class='ocrx_word' id='word_1_211' title='bbox 1586 3064 1734 3131; x_wconf 91' lang='lat' dir='ltr'><strong>Hac</strong></span> <span class='ocrx_word' id='word_1_212' title='bbox 1777 3064 2083 3149; x_wconf 90' lang='lat' dir='ltr'><strong>loquendi</strong></span> <span class='ocrx_word' id='word_1_213' title='bbox 2128 3066 2339 3132; x_wconf 80' lang='lat' dir='ltr'><strong>forma</strong></span> 
     </span>
     <span class='ocr_line' id='line_1_31' title="bbox 390 3150 2337 3239; baseline -0.002 -19"><span class='ocrx_word' id='word_1_214' title='bbox 390 3155 638 3221; x_wconf 88' lang='lat' dir='ltr'><strong>crimen</strong></span> <span class='ocrx_word' id='word_1_215' title='bbox 679 3160 1038 3239; x_wconf 83' lang='lat' dir='ltr'><strong>exaggerat</strong></span> <span class='ocrx_word' id='word_1_216' title='bbox 1059 3152 1298 3233; x_wconf 90' lang='lat' dir='ltr'><strong>Moses,</strong></span> <span class='ocrx_word' id='word_1_217' title='bbox 1342 3150 1515 3237; x_wconf 89' lang='lat' dir='ltr'><strong>quod</strong></span> <span class='ocrx_word' id='word_1_218' title='bbox 1556 3172 1626 3218; x_wconf 92' lang='lat' dir='ltr'><strong>se</strong></span> <span class='ocrx_word' id='word_1_219' title='bbox 1670 3151 1869 3236; x_wconf 92' lang='lat' dir='ltr'><strong>impio</strong></span> <span class='ocrx_word' id='word_1_220' title='bbox 1910 3151 2170 3218; x_wconf 88' lang='lat' dir='ltr'><strong>foedere</strong></span> <span class='ocrx_word' id='word_1_221' title='bbox 2212 3152 2337 3216; x_wconf 89' lang='lat' dir='ltr'><strong>illi-</strong></span> 
     </span>
     <span class='ocr_line' id='line_1_32' title="bbox 391 3236 2336 3327; baseline -0.002 -21"><span class='ocrx_word' id='word_1_222' title='bbox 391 3242 705 3327; x_wconf 89' lang='lat' dir='ltr'><strong>gaverint</strong></span> <span class='ocrx_word' id='word_1_223' title='bbox 760 3261 908 3305; x_wconf 90' lang='lat' dir='ltr'><strong>cum</strong></span> <span class='ocrx_word' id='word_1_224' title='bbox 968 3237 1173 3318; x_wconf 91' lang='lat' dir='ltr'><strong>idolo,</strong></span> <span class='ocrx_word' id='word_1_225' title='bbox 1235 3238 1348 3303; x_wconf 91' lang='lat' dir='ltr'><strong>ubi</strong></span> <span class='ocrx_word' id='word_1_226' title='bbox 1392 3236 1475 3303; x_wconf 90' lang='lat' dir='ltr'><strong>ad</strong></span> <span class='ocrx_word' id='word_1_227' title='bbox 1518 3257 1769 3304; x_wconf 90' lang='lat' dir='ltr'><strong>sacram</strong></span> <span class='ocrx_word' id='word_1_228' title='bbox 1814 3237 2336 3304; x_wconf 87' lang='lat' dir='ltr'><strong>coniunctionem</strong></span> 
     </span>
     <span class='ocr_line' id='line_1_33' title="bbox 390 3323 2339 3410; baseline -0.003 -17"><span class='ocrx_word' id='word_1_229' title='bbox 390 3346 518 3410; x_wconf 88' lang='lat' dir='ltr'><strong>qua</strong></span> <span class='ocrx_word' id='word_1_230' title='bbox 561 3325 743 3393; x_wconf 91' lang='lat' dir='ltr'><strong>Deus</strong></span> <span class='ocrx_word' id='word_1_231' title='bbox 785 3346 857 3392; x_wconf 89' lang='lat' dir='ltr'><strong>se</strong></span> <span class='ocrx_word' id='word_1_232' title='bbox 914 3324 1156 3409; x_wconf 91' lang='lat' dir='ltr'><strong>populo</strong></span> <span class='ocrx_word' id='word_1_233' title='bbox 1210 3323 1601 3390; x_wconf 83' lang='lat' dir='ltr'><strong>devinxerat</strong></span> <span class='ocrx_word' id='word_1_234' title='bbox 1655 3323 1922 3403; x_wconf 90' lang='lat' dir='ltr'><strong>alludit,</strong></span> <span class='ocrx_word' id='word_1_235' title='bbox 1990 3330 2188 3407; x_wconf 90' lang='lat' dir='ltr'><strong>atque</strong></span> <span class='ocrx_word' id='word_1_236' title='bbox 2243 3323 2339 3389; x_wconf 91' lang='lat' dir='ltr'><strong>ita</strong></span> 
     </span>
     <span class='ocr_line' id='line_1_34' title="bbox 390 3409 2336 3479; baseline -0.002 0"><span class='ocrx_word' id='word_1_237' title='bbox 390 3432 503 3479; x_wconf 86' lang='lat' dir='ltr'><strong>eos</strong></span> <span class='ocrx_word' id='word_1_238' title='bbox 546 3411 885 3479; x_wconf 88' lang='lat' dir='ltr'><strong>insimulat</strong></span> <span class='ocrx_word' id='word_1_239' title='bbox 926 3410 1211 3477; x_wconf 89' lang='lat' dir='ltr'><strong>violatae</strong></span> <span class='ocrx_word' id='word_1_240' title='bbox 1254 3409 1408 3476; x_wconf 89' lang='lat' dir='ltr'><strong>fidei</strong></span> <span class='ocrx_word' id='word_1_241' title='bbox 1449 3418 1517 3476; x_wconf 92' lang='lat' dir='ltr'><strong>et</strong></span> <span class='ocrx_word' id='word_1_242' title='bbox 1550 3409 1905 3477; x_wconf 83' lang='lat' dir='ltr'><strong>sceleratae</strong></span> <span class='ocrx_word' id='word_1_243' title='bbox 1939 3409 2336 3476; x_wconf 84' lang='lat' dir='ltr'><strong>defectionis.</strong></span> 
     </span>
     <span class='ocr_line' id='line_1_35' title="bbox 388 3495 2335 3583; baseline -0.003 -17"><span class='ocrx_word' id='word_1_244' title='bbox 388 3499 483 3566; x_wconf 82' lang='lat' dir='ltr'><strong>Et</strong></span> <span class='ocrx_word' id='word_1_245' title='bbox 528 3507 749 3564; x_wconf 89' lang='lat' dir='ltr'><strong>tamen</strong></span> <span class='ocrx_word' id='word_1_246' title='bbox 791 3495 1130 3583; x_wconf 82' lang='lat' dir='ltr'><strong>probabile</strong></span> <span class='ocrx_word' id='word_1_247' title='bbox 1173 3505 1274 3561; x_wconf 89' lang='lat' dir='ltr'><strong>est</strong></span> <span class='ocrx_word' id='word_1_248' title='bbox 1316 3516 1452 3561; x_wconf 92' lang='lat' dir='ltr'><strong>non</strong></span> <span class='ocrx_word' id='word_1_249' title='bbox 1495 3498 1955 3580; x_wconf 86' lang='lat' dir='ltr'><strong>superstitione</strong></span> <span class='ocrx_word' id='word_1_250' title='bbox 1995 3495 2335 3562; x_wconf 89' lang='lat' dir='ltr'><strong>inductum</strong></span> 
     </span>
     <span class='ocr_line' id='line_1_36' title="bbox 386 3580 2340 3668; baseline -0.002 -16"><span class='ocrx_word' id='word_1_251' title='bbox 386 3584 593 3652; x_wconf 85' lang='lat' dir='ltr'><strong>fuisse</strong></span> <span class='ocrx_word' id='word_1_252' title='bbox 647 3584 961 3668; x_wconf 90' lang='lat' dir='ltr'><strong>populum</strong></span> <span class='ocrx_word' id='word_1_253' title='bbox 978 3634 994 3663; x_wconf 93' lang='lat'>‚</span> <span class='ocrx_word' id='word_1_254' title='bbox 1061 3580 1173 3649; x_wconf 90' lang='lat' dir='ltr'><strong>sed</strong></span> <span class='ocrx_word' id='word_1_255' title='bbox 1227 3581 1576 3648; x_wconf 89' lang='lat' dir='ltr'><strong>mulierum</strong></span> <span class='ocrx_word' id='word_1_256' title='bbox 1631 3580 1906 3649; x_wconf 88' lang='lat' dir='ltr'><strong>fallaciis</strong></span> <span class='ocrx_word' id='word_1_257' title='bbox 1971 3581 2340 3665; x_wconf 84' lang='lat' dir='ltr'><strong>pellectum,</strong></span> 
     </span>
     <span class='ocr_line' id='line_1_37' title="bbox 383 3666 2337 3755; baseline -0.003 -17"><span class='ocrx_word' id='word_1_258' title='bbox 383 3671 584 3739; x_wconf 87' lang='lat' dir='ltr'><strong>idolis</strong></span> <span class='ocrx_word' id='word_1_259' title='bbox 649 3691 814 3755; x_wconf 88' lang='lat' dir='ltr'><strong>quae</strong></span> <span class='ocrx_word' id='word_1_260' title='bbox 880 3667 1229 3753; x_wconf 85' lang='lat' dir='ltr'><strong>spernebat</strong></span> <span class='ocrx_word' id='word_1_261' title='bbox 1307 3667 1558 3735; x_wconf 88' lang='lat' dir='ltr'><strong>cultum</strong></span> <span class='ocrx_word' id='word_1_262' title='bbox 1638 3666 2033 3734; x_wconf 84' lang='lat' dir='ltr'><strong>exhibuisse.</strong></span> <span class='ocrx_word' id='word_1_263' title='bbox 2142 3666 2337 3751; x_wconf 82' lang='lat' dir='ltr'><strong>Atqui</strong></span> 
     </span>
     <span class='ocr_line' id='line_1_38' title="bbox 385 3753 2339 3839; baseline -0.003 -16"><span class='ocrx_word' id='word_1_264' title='bbox 385 3757 698 3824; x_wconf 88' lang='lat' dir='ltr'><strong>audimus</strong></span> <span class='ocrx_word' id='word_1_265' title='bbox 820 3755 933 3822; x_wconf 89' lang='lat' dir='ltr'><strong>uid</strong></span> <span class='ocrx_word' id='word_1_266' title='bbox 1010 3754 1401 3839; x_wconf 87' lang='lat' dir='ltr'><strong>pronunciet</strong></span> <span class='ocrx_word' id='word_1_267' title='bbox 1464 3754 1680 3834; x_wconf 88' lang='lat' dir='ltr'><strong>Deus,</strong></span> <span class='ocrx_word' id='word_1_268' title='bbox 1761 3754 2058 3819; x_wconf 91' lang='lat' dir='ltr'><strong>astrictos</strong></span> <span class='ocrx_word' id='word_1_269' title='bbox 2137 3753 2339 3819; x_wconf 84' lang='lat' dir='ltr'><strong>fuisse</strong></span> 
     </span>
     <span class='ocr_line' id='line_1_39' title="bbox 391 3778 2338 3927; baseline -0.003 -18"><span class='ocrx_word' id='word_1_270' title='bbox 391 3844 566 3910; x_wconf 89' lang='lat' dir='ltr'><strong>idolo</strong></span> <span class='ocrx_word' id='word_1_271' title='bbox 583 3893 602 3924; x_wconf 89' lang='lat'><strong>,</strong></span> <span class='ocrx_word' id='word_1_272' title='bbox 645 3778 817 3927; x_wconf 67' lang='lat' dir='ltr'><strong>quod</strong></span> <span class='ocrx_word' id='word_1_273' title='bbox 861 3861 979 3926; x_wconf 84' lang='lat' dir='ltr'><strong>per</strong></span> <span class='ocrx_word' id='word_1_274' title='bbox 1022 3838 1510 3907; x_wconf 88' lang='lat' dir='ltr'><strong>simulationem</strong></span> <span class='ocrx_word' id='word_1_275' title='bbox 1569 3838 1902 3920; x_wconf 88' lang='lat' dir='ltr'><strong>colebant,</strong></span> <span class='ocrx_word' id='word_1_276' title='bbox 1961 3846 2032 3904; x_wconf 92' lang='lat' dir='ltr'><strong>ut</strong></span> <span class='ocrx_word' id='word_1_277' title='bbox 2090 3859 2338 3905; x_wconf 91' lang='lat' dir='ltr'><strong>morem</strong></span> 
     </span>
    </p>

    <p class='ocr_par' dir='ltr' id='par_1_4' title="bbox 389 3924 2341 4698">
     <span class='ocr_line' id='line_1_40' title="bbox 438 3924 2338 4011; baseline -0.003 -17"><span class='ocrx_word' id='word_1_278' title='bbox 438 3933 703 3995; x_wconf 89' lang='lat' dir='ltr'><strong>ererent</strong></span> <span class='ocrx_word' id='word_1_279' title='bbox 744 3926 1058 4011; x_wconf 88' lang='lat' dir='ltr'><strong>improbis</strong></span> <span class='ocrx_word' id='word_1_280' title='bbox 1099 3926 1449 3992; x_wconf 90' lang='lat' dir='ltr'><strong>mulierum</strong></span> <span class='ocrx_word' id='word_1_281' title='bbox 1507 3926 1697 3992; x_wconf 90' lang='lat' dir='ltr'><strong>votis.</strong></span> <span class='ocrx_word' id='word_1_282' title='bbox 1785 3924 1964 3991; x_wconf 90' lang='lat' dir='ltr'><strong>Hinc</strong></span> <span class='ocrx_word' id='word_1_283' title='bbox 2007 3946 2162 4009; x_wconf 90' lang='lat' dir='ltr'><strong>ergo</strong></span> <span class='ocrx_word' id='word_1_284' title='bbox 2206 3924 2338 3991; x_wconf 92' lang='lat' dir='ltr'><strong>col-</strong></span> 
     </span>
     <span class='ocr_line' id='line_1_41' title="bbox 418 4008 2337 4100; baseline -0.003 -20"><span class='ocrx_word' id='word_1_285' title='bbox 418 4016 621 4100; x_wconf 89' lang='lat' dir='ltr'><strong>igitur</strong></span> <span class='ocrx_word' id='word_1_286' title='bbox 664 4012 992 4099; x_wconf 87' lang='lat' dir='ltr'><strong>generalis</strong></span> <span class='ocrx_word' id='word_1_287' title='bbox 1036 4012 1366 4090; x_wconf 90' lang='lat' dir='ltr'><strong>doctrina,</strong></span> <span class='ocrx_word' id='word_1_288' title='bbox 1423 4010 1533 4077; x_wconf 90' lang='lat' dir='ltr'><strong>ubi</strong></span> <span class='ocrx_word' id='word_1_289' title='bbox 1578 4032 1616 4077; x_wconf 87' lang='lat' dir='ltr'><strong>a</strong></span> <span class='ocrx_word' id='word_1_290' title='bbox 1659 4031 1826 4094; x_wconf 90' lang='lat' dir='ltr'><strong>pura</strong></span> <span class='ocrx_word' id='word_1_291' title='bbox 1867 4011 2184 4096; x_wconf 91' lang='lat' dir='ltr'><strong>religione</strong></span> <span class='ocrx_word' id='word_1_292' title='bbox 2227 4008 2337 4076; x_wconf 91' lang='lat' dir='ltr'><strong>de·</strong></span> 
     </span>
     <span class='ocr_line' id='line_1_42' title="bbox 391 4096 2341 4183; baseline -0.003 -17"><span class='ocrx_word' id='word_1_293' title='bbox 391 4100 753 4181; x_wconf 88' lang='lat' dir='ltr'><strong>flectimus,</strong></span> <span class='ocrx_word' id='word_1_294' title='bbox 811 4096 1286 4183; x_wconf 89' lang='lat' dir='ltr'><strong>quodammodo</strong></span> <span class='ocrx_word' id='word_1_295' title='bbox 1344 4115 1464 4163; x_wconf 88' lang='lat' dir='ltr'><strong>nos</strong></span> <span class='ocrx_word' id='word_1_296' title='bbox 1507 4097 1750 4181; x_wconf 90' lang='lat' dir='ltr'><strong>pacisci</strong></span> <span class='ocrx_word' id='word_1_297' title='bbox 1791 4118 1939 4164; x_wconf 90' lang='lat' dir='ltr'><strong>cum</strong></span> <span class='ocrx_word' id='word_1_298' title='bbox 1986 4096 2173 4163; x_wconf 91' lang='lat' dir='ltr'><strong>idolis</strong></span> <span class='ocrx_word' id='word_1_299' title='bbox 2191 4148 2206 4176; x_wconf 93' lang='lat'><strong>,</strong></span> <span class='ocrx_word' id='word_1_300' title='bbox 2266 4105 2341 4162; x_wconf 91' lang='lat' dir='ltr'><strong>ut</strong></span> 
     </span>
     <span class='ocr_line' id='line_1_43' title="bbox 391 4182 2337 4271; baseline -0.004 -17"><span class='ocrx_word' id='word_1_301' title='bbox 391 4208 539 4254; x_wconf 92' lang='lat' dir='ltr'><strong>cum</strong></span> <span class='ocrx_word' id='word_1_302' title='bbox 585 4186 746 4271; x_wconf 90' lang='lat' dir='ltr'><strong>ipsis</strong></span> <span class='ocrx_word' id='word_1_303' title='bbox 788 4185 858 4251; x_wconf 92' lang='lat' dir='ltr'><strong>in</strong></span> <span class='ocrx_word' id='word_1_304' title='bbox 904 4206 1110 4251; x_wconf 90' lang='lat' dir='ltr'><strong>unum</strong></span> <span class='ocrx_word' id='word_1_305' title='bbox 1155 4203 1392 4267; x_wconf 88' lang='lat' dir='ltr'><strong>corpus</strong></span> <span class='ocrx_word' id='word_1_306' title='bbox 1436 4182 1913 4262; x_wconf 89' lang='lat' dir='ltr'><strong>coalescamus,</strong></span> <span class='ocrx_word' id='word_1_307' title='bbox 1972 4190 2039 4250; x_wconf 88' lang='lat' dir='ltr'><strong>et</strong></span> <span class='ocrx_word' id='word_1_308' title='bbox 2083 4182 2337 4267; x_wconf 89' lang='lat' dir='ltr'><strong>conspi-</strong></span> 
     </span>
     <span class='ocr_line' id='line_1_44' title="bbox 389 4269 2341 4355; baseline -0.002 -16"><span class='ocrx_word' id='word_1_309' title='bbox 389 4294 539 4339; x_wconf 91' lang='lat' dir='ltr'><strong>rare</strong></span> <span class='ocrx_word' id='word_1_310' title='bbox 582 4271 653 4337; x_wconf 92' lang='lat' dir='ltr'><strong>in</strong></span> <span class='ocrx_word' id='word_1_311' title='bbox 697 4270 1193 4355; x_wconf 87' lang='lat' dir='ltr'><strong>abnegationem</strong></span> <span class='ocrx_word' id='word_1_312' title='bbox 1241 4269 1384 4337; x_wconf 90' lang='lat' dir='ltr'><strong>veri</strong></span> <span class='ocrx_word' id='word_1_313' title='bbox 1408 4269 1553 4335; x_wconf 93' lang='lat' dir='ltr'><strong>Dei.</strong></span> <span class='ocrx_word' id='word_1_314' title='bbox 1624 4269 1789 4336; x_wconf 89' lang='lat' dir='ltr'><strong>Baal</strong></span> <span class='ocrx_word' id='word_1_315' title='bbox 1835 4279 1994 4336; x_wconf 92' lang='lat' dir='ltr'><strong>tunc</strong></span> <span class='ocrx_word' id='word_1_316' title='bbox 2037 4270 2341 4335; x_wconf 89' lang='lat' dir='ltr'><strong>omnibus</strong></span> 
     </span>
     <span class='ocr_line' id='line_1_45' title="bbox 390 4355 2341 4439; baseline -0.003 -14"><span class='ocrx_word' id='word_1_317' title='bbox 390 4359 527 4425; x_wconf 90' lang='lat' dir='ltr'><strong>fere</strong></span> <span class='ocrx_word' id='word_1_318' title='bbox 584 4356 774 4424; x_wconf 90' lang='lat' dir='ltr'><strong>idolis</strong></span> <span class='ocrx_word' id='word_1_319' title='bbox 829 4377 1176 4424; x_wconf 88' lang='lat' dir='ltr'><strong>commune</strong></span> <span class='ocrx_word' id='word_1_320' title='bbox 1236 4357 1364 4422; x_wconf 82' lang='lat' dir='ltr'><strong>fuit</strong></span> <span class='ocrx_word' id='word_1_321' title='bbox 1419 4375 1680 4421; x_wconf 92' lang='lat' dir='ltr'><strong>nomen.</strong></span> <span class='ocrx_word' id='word_1_322' title='bbox 1769 4355 2126 4439; x_wconf 85' lang='lat' dir='ltr'><strong>Epitheton</strong></span> <span class='ocrx_word' id='word_1_323' title='bbox 2186 4376 2341 4421; x_wconf 89' lang='lat' dir='ltr'><strong>vero</strong></span> 
     </span>
     <span class='ocr_line' id='line_1_46' title="bbox 392 4441 2340 4525; baseline -0.002 -15"><span class='ocrx_word' id='word_1_324' title='bbox 392 4443 657 4510; x_wconf 90' lang='lat' dir='ltr'><strong>additur</strong></span> <span class='ocrx_word' id='word_1_325' title='bbox 713 4441 1157 4509; x_wconf 84' lang='lat' dir='ltr'><strong>Moabitarum</strong></span> <span class='ocrx_word' id='word_1_326' title='bbox 1217 4441 1393 4508; x_wconf 90' lang='lat' dir='ltr'><strong>idolo</strong></span> <span class='ocrx_word' id='word_1_327' title='bbox 1451 4461 1491 4505; x_wconf 91' lang='lat' dir='ltr'><strong>a</strong></span> <span class='ocrx_word' id='word_1_328' title='bbox 1548 4452 1773 4507; x_wconf 91' lang='lat' dir='ltr'><strong>monte</strong></span> <span class='ocrx_word' id='word_1_329' title='bbox 1833 4441 2022 4508; x_wconf 90' lang='lat' dir='ltr'><strong>Peor.</strong></span> <span class='ocrx_word' id='word_1_330' title='bbox 2112 4441 2340 4525; x_wconf 87' lang='lat' dir='ltr'><strong>Neque</strong></span> 
     </span>
     <span class='ocr_line' id='line_1_47' title="bbox 394 4526 2340 4613; baseline -0.003 -16"><span class='ocrx_word' id='word_1_331' title='bbox 394 4530 569 4597; x_wconf 89' lang='lat' dir='ltr'><strong>enim</strong></span> <span class='ocrx_word' id='word_1_332' title='bbox 628 4528 890 4598; x_wconf 89' lang='lat' dir='ltr'><strong>videtur</strong></span> <span class='ocrx_word' id='word_1_333' title='bbox 960 4526 1336 4612; x_wconf 89' lang='lat' dir='ltr'><strong>quaerenda</strong></span> <span class='ocrx_word' id='word_1_334' title='bbox 1399 4547 1542 4594; x_wconf 87' lang='lat' dir='ltr'><strong>esse</strong></span> <span class='ocrx_word' id='word_1_335' title='bbox 1606 4526 1864 4613; x_wconf 88' lang='lat' dir='ltr'><strong>longior</strong></span> <span class='ocrx_word' id='word_1_336' title='bbox 1927 4526 2340 4612; x_wconf 84' lang='lat' dir='ltr'><strong>etymologia,</strong></span> 
     </span>
     <span class='ocr_line' id='line_1_48' title="bbox 438 4612 2338 4698; baseline -0.003 -16"><span class='ocrx_word' id='word_1_337' title='bbox 438 4637 598 4683; x_wconf 90' lang='lat' dir='ltr'><strong>uum</strong></span> <span class='ocrx_word' id='word_1_338' title='bbox 643 4636 882 4682; x_wconf 91' lang='lat' dir='ltr'><strong>nomen</strong></span> <span class='ocrx_word' id='word_1_339' title='bbox 924 4614 1167 4681; x_wconf 87' lang='lat' dir='ltr'><strong>montis</strong></span> <span class='ocrx_word' id='word_1_340' title='bbox 1223 4612 1418 4698; x_wconf 87' lang='lat' dir='ltr'><strong>paulo</strong></span> <span class='ocrx_word' id='word_1_341' title='bbox 1477 4621 1629 4679; x_wconf 88' lang='lat' dir='ltr'><strong>ante</strong></span> <span class='ocrx_word' id='word_1_342' title='bbox 1684 4613 1882 4679; x_wconf 88' lang='lat' dir='ltr'><strong>fuerit</strong></span> <span class='ocrx_word' id='word_1_343' title='bbox 1936 4634 2338 4697; x_wconf 89' lang='lat' dir='ltr'><strong>expressum.</strong></span> 
     </span>
    </p>

    <p class='ocr_par' dir='ltr' id='par_1_5' title="bbox 393 4698 2341 4943">
     <span class='ocr_line' id='line_1_49' title="bbox 449 4698 2339 4787; baseline -0.002 -18"><span class='ocrx_word' id='word_1_344' title='bbox 449 4701 649 4769; x_wconf 90' lang='lat' dir='ltr'><strong>imilis</strong></span> <span class='ocrx_word' id='word_1_345' title='bbox 693 4721 849 4787; x_wconf 90' lang='lat' dir='ltr'><strong>ergo</strong></span> <span class='ocrx_word' id='word_1_346' title='bbox 891 4700 1019 4767; x_wconf 87' lang='lat' dir='ltr'><strong>fuit</strong></span> <span class='ocrx_word' id='word_1_347' title='bbox 1061 4698 1230 4766; x_wconf 88' lang='lat' dir='ltr'><strong>ratio</strong></span> <span class='ocrx_word' id='word_1_348' title='bbox 1275 4707 1469 4783; x_wconf 91' lang='lat' dir='ltr'><strong>atque</strong></span> <span class='ocrx_word' id='word_1_349' title='bbox 1511 4701 1582 4764; x_wconf 93' lang='lat' dir='ltr'><strong>in</strong></span> <span class='ocrx_word' id='word_1_350' title='bbox 1637 4708 1910 4783; x_wconf 90' lang='lat' dir='ltr'><strong>papatu,</strong></span> <span class='ocrx_word' id='word_1_351' title='bbox 1970 4698 2126 4765; x_wconf 89' lang='lat' dir='ltr'><strong>dum</strong></span> <span class='ocrx_word' id='word_1_352' title='bbox 2185 4719 2339 4765; x_wconf 88' lang='lat' dir='ltr'><strong>suas</strong></span> 
     </span>
     <span class='ocr_line' id='line_1_50' title="bbox 394 4783 2341 4942; baseline -0.003 -86"><span class='ocrx_word' id='word_1_353' title='bbox 394 4788 642 4942; x_wconf 39' lang='lat' dir='ltr'><strong>Mprias</strong></span> <span class='ocrx_word' id='word_1_354' title='bbox 666 4809 705 4853; x_wconf 90' lang='lat' dir='ltr'><strong>a</strong></span> <span class='ocrx_word' id='word_1_355' title='bbox 738 4785 898 4853; x_wconf 92' lang='lat' dir='ltr'><strong>locis</strong></span> <span class='ocrx_word' id='word_1_356' title='bbox 932 4785 1374 4867; x_wconf 88' lang='lat' dir='ltr'><strong>denominant,</strong></span> <span class='ocrx_word' id='word_1_357' title='bbox 1410 4783 1523 4850; x_wconf 90' lang='lat' dir='ltr'><strong>ubi</strong></span> <span class='ocrx_word' id='word_1_358' title='bbox 1545 4792 1800 4852; x_wconf 89' lang='lat' dir='ltr'><strong>statuae</strong></span> <span class='ocrx_word' id='word_1_359' title='bbox 1821 4783 2031 4868; x_wconf 92' lang='lat' dir='ltr'><strong>magis</strong></span> <span class='ocrx_word' id='word_1_360' title='bbox 2052 4784 2341 4850; x_wconf 83' lang='lat' dir='ltr'><strong>famosae</strong></span> 
     </span>
     <span class='ocr_line' id='line_1_51' title="bbox 393 4881 717 4943; baseline -0.019 0"><span class='ocrx_word' id='word_1_361' title='bbox 393 4895 466 4943; x_wconf 85' lang='lat' dir='ltr'><strong>co</strong></span> <span class='ocrx_word' id='word_1_362' title='bbox 492 4881 717 4941; x_wconf 90' lang='lat' dir='ltr'><strong>untur.</strong></span> 
     </span>
    </p>

    <p class='ocr_par' dir='ltr' id='par_1_6' title="bbox 394 4953 2340 5473">
     <span class='ocr_line' id='line_1_52' title="bbox 567 4953 2339 5039; baseline -0.002 -15"><span class='ocrx_word' id='word_1_363' title='bbox 567 4959 627 5025; x_wconf 87' lang='lat'><strong>4.</strong></span> <span class='ocrx_word' id='word_1_364' title='bbox 695 4956 785 5024; x_wconf 78' lang='lat' dir='ltr'><strong>Et</strong></span> <span class='ocrx_word' id='word_1_365' title='bbox 846 4957 1015 5025; x_wconf 71' lang='lat' dir='ltr'><strong>dixit</strong></span> <span class='ocrx_word' id='word_1_366' title='bbox 1068 4956 1298 5024; x_wconf 71' lang='lat' dir='ltr'><strong>Iehova</strong></span> <span class='ocrx_word' id='word_1_367' title='bbox 1361 4956 1447 5023; x_wconf 77' lang='lat' dir='ltr'><strong>ad</strong></span> <span class='ocrx_word' id='word_1_368' title='bbox 1501 4954 1736 5022; x_wconf 71' lang='lat' dir='ltr'><strong>Mosen.</strong></span> <span class='ocrx_word' id='word_1_369' title='bbox 1841 4953 2122 5039; x_wconf 81' lang='lat' dir='ltr'><strong>Saepius</strong></span> <span class='ocrx_word' id='word_1_370' title='bbox 2189 4959 2339 5021; x_wconf 88' lang='lat' dir='ltr'><strong>ante</strong></span> 
     </span>
     <span class='ocr_line' id='line_1_53' title="bbox 394 5039 2339 5128; baseline -0.004 -14"><span class='ocrx_word' id='word_1_371' title='bbox 394 5047 609 5114; x_wconf 90' lang='lat' dir='ltr'><strong>visum</strong></span> <span class='ocrx_word' id='word_1_372' title='bbox 653 5052 786 5125; x_wconf 90' lang='lat' dir='ltr'><strong>est,</strong></span> <span class='ocrx_word' id='word_1_373' title='bbox 840 5042 1058 5110; x_wconf 90' lang='lat' dir='ltr'><strong>Deum</strong></span> <span class='ocrx_word' id='word_1_374' title='bbox 1103 5064 1225 5128; x_wconf 91' lang='lat' dir='ltr'><strong>per</strong></span> <span class='ocrx_word' id='word_1_375' title='bbox 1269 5064 1339 5109; x_wconf 93' lang='lat' dir='ltr'><strong>se</strong></span> <span class='ocrx_word' id='word_1_376' title='bbox 1382 5041 1751 5109; x_wconf 88' lang='lat' dir='ltr'><strong>exercuisse</strong></span> <span class='ocrx_word' id='word_1_377' title='bbox 1793 5061 1951 5106; x_wconf 90' lang='lat' dir='ltr'><strong>suas</strong></span> <span class='ocrx_word' id='word_1_378' title='bbox 1996 5039 2339 5119; x_wconf 81' lang='lat' dir='ltr'><strong>vindictas,</strong></span> 
     </span>
     <span class='ocr_line' id='line_1_54' title="bbox 396 5125 2340 5217; baseline -0.005 -18"><span class='ocrx_word' id='word_1_379' title='bbox 396 5133 584 5217; x_wconf 88' lang='lat' dir='ltr'><strong>quasi</strong></span> <span class='ocrx_word' id='word_1_380' title='bbox 629 5139 891 5197; x_wconf 88' lang='lat' dir='ltr'><strong>exserta</strong></span> <span class='ocrx_word' id='word_1_381' title='bbox 934 5151 971 5196; x_wconf 91' lang='lat' dir='ltr'><strong>e</strong></span> <span class='ocrx_word' id='word_1_382' title='bbox 1013 5130 1192 5198; x_wconf 92' lang='lat' dir='ltr'><strong>coelo</strong></span> <span class='ocrx_word' id='word_1_383' title='bbox 1233 5149 1465 5194; x_wconf 88' lang='lat' dir='ltr'><strong>manu:</strong></span> <span class='ocrx_word' id='word_1_384' title='bbox 1526 5144 1708 5194; x_wconf 92' lang='lat' dir='ltr'><strong>nunc</strong></span> <span class='ocrx_word' id='word_1_385' title='bbox 1751 5125 1872 5193; x_wconf 92' lang='lat' dir='ltr'><strong>has</strong></span> <span class='ocrx_word' id='word_1_386' title='bbox 1913 5135 2134 5211; x_wconf 87' lang='lat' dir='ltr'><strong>partes</strong></span> <span class='ocrx_word' id='word_1_387' title='bbox 2172 5126 2340 5193; x_wconf 87' lang='lat' dir='ltr'><strong>Mosi</strong></span> 
     </span>
     <span class='ocr_line' id='line_1_55' title="bbox 394 5213 2340 5302; baseline -0.004 -18"><span class='ocrx_word' id='word_1_388' title='bbox 394 5217 705 5302; x_wconf 88' lang='lat' dir='ltr'><strong>iniungit,</strong></span> <span class='ocrx_word' id='word_1_389' title='bbox 749 5236 1122 5301; x_wconf 86' lang='lat' dir='ltr'><strong>quanquam</strong></span> <span class='ocrx_word' id='word_1_390' title='bbox 1160 5238 1243 5282; x_wconf 89' lang='lat' dir='ltr'><strong>ex</strong></span> <span class='ocrx_word' id='word_1_391' title='bbox 1278 5220 1585 5282; x_wconf 88' lang='lat' dir='ltr'><strong>contextu</strong></span> <span class='ocrx_word' id='word_1_392' title='bbox 1622 5233 1663 5278; x_wconf 89' lang='lat' dir='ltr'><strong>a</strong></span> <span class='ocrx_word' id='word_1_393' title='bbox 1707 5219 1913 5297; x_wconf 88' lang='lat' dir='ltr'><strong>paret,</strong></span> <span class='ocrx_word' id='word_1_394' title='bbox 1959 5234 2088 5278; x_wconf 89' lang='lat' dir='ltr'><strong>non</strong></span> <span class='ocrx_word' id='word_1_395' title='bbox 2126 5213 2340 5296; x_wconf 90' lang='lat' dir='ltr'><strong>ipsum</strong></span> 
     </span>
     <span class='ocr_line' id='line_1_56' title="bbox 397 5298 2336 5387; baseline -0.004 -16"><span class='ocrx_word' id='word_1_396' title='bbox 397 5304 609 5371; x_wconf 85' lang='lat' dir='ltr'><strong>solum</strong></span> <span class='ocrx_word' id='word_1_397' title='bbox 646 5302 911 5387; x_wconf 89' lang='lat' dir='ltr'><strong>praefici</strong></span> <span class='ocrx_word' id='word_1_398' title='bbox 954 5301 1425 5387; x_wconf 88' lang='lat' dir='ltr'><strong>exsequutioni,</strong></span> <span class='ocrx_word' id='word_1_399' title='bbox 1471 5299 1584 5367; x_wconf 90' lang='lat' dir='ltr'><strong>sed</strong></span> <span class='ocrx_word' id='word_1_400' title='bbox 1695 5300 1794 5365; x_wconf 88' lang='lat' dir='ltr'><strong>ios</strong></span> <span class='ocrx_word' id='word_1_401' title='bbox 1836 5299 2031 5365; x_wconf 90' lang='lat' dir='ltr'><strong>etiam</strong></span> <span class='ocrx_word' id='word_1_402' title='bbox 2076 5298 2336 5365; x_wconf 88' lang='lat' dir='ltr'><strong>iudices.</strong></span> 
     </span>
     <span class='ocr_line' id='line_1_57' title="bbox 398 5382 2337 5473; baseline -0.005 -15"><span class='ocrx_word' id='word_1_403' title='bbox 398 5390 728 5458; x_wconf 78' lang='lat' dir='ltr'><strong>Continuo</strong></span> <span class='ocrx_word' id='word_1_404' title='bbox 772 5388 946 5455; x_wconf 90' lang='lat' dir='ltr'><strong>enim</strong></span> <span class='ocrx_word' id='word_1_405' title='bbox 989 5398 1138 5472; x_wconf 88' lang='lat' dir='ltr'><strong>post</strong></span> <span class='ocrx_word' id='word_1_406' title='bbox 1180 5387 1495 5473; x_wconf 89' lang='lat' dir='ltr'><strong>sequitur,</strong></span> <span class='ocrx_word' id='word_1_407' title='bbox 1539 5385 1773 5452; x_wconf 86' lang='lat' dir='ltr'><strong>Mosen</strong></span> <span class='ocrx_word' id='word_1_408' title='bbox 1808 5383 2132 5452; x_wconf 89' lang='lat' dir='ltr'><strong>iudicibus</strong></span> <span class='ocrx_word' id='word_1_409' title='bbox 2163 5382 2337 5449; x_wconf 90' lang='lat' dir='ltr'><strong>idem</strong></span> 
     </span>
    </p>
   </div>
   <div class='ocr_carea' id='block_1_3' title="bbox 1797 466 2974 538">
    <p class='ocr_par' dir='ltr' id='par_1_7' title="bbox 1797 466 2974 538">
     <span class='ocr_line' id='line_1_58' title="bbox 1797 466 2974 538; baseline 0.001 -1"><span class='ocrx_word' id='word_1_410' title='bbox 1797 468 2204 538; x_wconf 74' lang='lat' dir='ltr'>REDITUS</span> <span class='ocrx_word' id='word_1_411' title='bbox 2251 469 2379 535; x_wconf 90' lang='lat' dir='ltr'><strong>AD</strong></span> <span class='ocrx_word' id='word_1_412' title='bbox 2425 466 2974 538; x_wconf 76' lang='lat' dir='ltr'><strong>HISTORIAM.</strong></span> 
     </span>
    </p>
   </div>
   <div class='ocr_carea' id='block_1_4' title="bbox 2386 663 2401 5431">
    <p class='ocr_par' dir='ltr' id='par_1_8' title="bbox 2386 663 2401 5431">
     <span class='ocr_line' id='line_1_59' title="bbox 2386 663 2401 5431; baseline 0 0"><span class='ocrx_word' id='word_1_413' title='bbox 2386 663 2401 5431; x_wconf 95' lang='lat' dir='ltr'><strong> </strong></span> 
     </span>
    </p>
   </div>
   <div class='ocr_carea' id='block_1_5' title="bbox 4260 478 4391 545">
    <p class='ocr_par' dir='ltr' id='par_1_9' title="bbox 4260 478 4391 545">
     <span class='ocr_line' id='line_1_60' title="bbox 4260 478 4391 545; baseline 0.015 -2"><span class='ocrx_word' id='word_1_414' title='bbox 4260 478 4391 545; x_wconf 83' lang='lat'><strong>298</strong></span> 
     </span>
    </p>
   </div>
   <div class='ocr_carea' id='block_1_6' title="bbox 2437 658 4393 5464">
    <p class='ocr_par' dir='ltr' id='par_1_10' title="bbox 2439 658 4393 2723">
     <span class='ocr_line' id='line_1_61' title="bbox 2445 658 4388 751; baseline 0.005 -29"><span class='ocrx_word' id='word_1_415' title='bbox 2445 658 2824 726; x_wconf 89' lang='lat' dir='ltr'><strong>mandasse:</strong></span> <span class='ocrx_word' id='word_1_416' title='bbox 2886 660 3120 745; x_wconf 88' lang='lat' dir='ltr'><strong>quibus</strong></span> <span class='ocrx_word' id='word_1_417' title='bbox 3177 662 3392 729; x_wconf 91' lang='lat' dir='ltr'><strong>verbis</strong></span> <span class='ocrx_word' id='word_1_418' title='bbox 3457 662 3697 730; x_wconf 87' lang='lat' dir='ltr'><strong>clarius</strong></span> <span class='ocrx_word' id='word_1_419' title='bbox 3762 684 3845 729; x_wconf 89' lang='lat' dir='ltr'><strong>ex</strong></span> <span class='ocrx_word' id='word_1_420' title='bbox 3893 664 4154 730; x_wconf 89' lang='lat' dir='ltr'><strong>rimitur</strong></span> <span class='ocrx_word' id='word_1_421' title='bbox 4217 665 4388 751; x_wconf 89' lang='lat' dir='ltr'><strong>quod</strong></span> 
     </span>
     <span class='ocr_line' id='line_1_62' title="bbox 2444 743 4386 833; baseline 0.005 -24"><span class='ocrx_word' id='word_1_422' title='bbox 2444 743 2527 810; x_wconf 94' lang='lat' dir='ltr'><strong>ob</strong></span> <span class='ocrx_word' id='word_1_423' title='bbox 2589 744 2974 812; x_wconf 89' lang='lat' dir='ltr'><strong>brevitatem</strong></span> <span class='ocrx_word' id='word_1_424' title='bbox 3037 748 3389 815; x_wconf 89' lang='lat' dir='ltr'><strong>obscurum</strong></span> <span class='ocrx_word' id='word_1_425' title='bbox 3443 757 3604 815; x_wconf 90' lang='lat' dir='ltr'><strong>erat.</strong></span> <span class='ocrx_word' id='word_1_426' title='bbox 3693 748 3827 832; x_wconf 80' lang='lat' dir='ltr'><strong>Qui</strong></span> <span class='ocrx_word' id='word_1_427' title='bbox 3873 750 4029 833; x_wconf 90' lang='lat' dir='ltr'><strong>quid</strong></span> <span class='ocrx_word' id='word_1_428' title='bbox 4085 751 4199 830; x_wconf 91' lang='lat' dir='ltr'><strong>sit,</strong></span> <span class='ocrx_word' id='word_1_429' title='bbox 4260 752 4386 818; x_wconf 93' lang='lat' dir='ltr'><strong>Dei</strong></span> 
     </span>
     <span class='ocr_line' id='line_1_63' title="bbox 2444 829 4388 920; baseline 0.004 -25"><span class='ocrx_word' id='word_1_430' title='bbox 2444 829 2760 896; x_wconf 89' lang='lat' dir='ltr'><strong>iudicium</strong></span> <span class='ocrx_word' id='word_1_431' title='bbox 2804 831 2928 897; x_wconf 85' lang='lat' dir='ltr'><strong>fuit</strong></span> <span class='ocrx_word' id='word_1_432' title='bbox 2983 833 3433 915; x_wconf 89' lang='lat' dir='ltr'><strong>memorabile,</strong></span> <span class='ocrx_word' id='word_1_433' title='bbox 3490 836 3795 920; x_wconf 87' lang='lat' dir='ltr'><strong>quamvis</strong></span> <span class='ocrx_word' id='word_1_434' title='bbox 3852 836 4149 902; x_wconf 89' lang='lat' dir='ltr'><strong>homines</strong></span> <span class='ocrx_word' id='word_1_435' title='bbox 4200 836 4388 903; x_wconf 91' lang='lat' dir='ltr'><strong>adhi-</strong></span> 
     </span>
     <span class='ocr_line' id='line_1_64' title="bbox 2444 914 4389 990; baseline 0.005 -9"><span class='ocrx_word' id='word_1_436' title='bbox 2444 914 2663 983; x_wconf 88' lang='lat' dir='ltr'><strong>buerit</strong></span> <span class='ocrx_word' id='word_1_437' title='bbox 2720 917 3076 984; x_wconf 89' lang='lat' dir='ltr'><strong>ministros.</strong></span> <span class='ocrx_word' id='word_1_438' title='bbox 3164 918 3302 987; x_wconf 89' lang='lat' dir='ltr'><strong>Nec</strong></span> <span class='ocrx_word' id='word_1_439' title='bbox 3360 919 3609 987; x_wconf 82' lang='lat' dir='ltr'><strong>frustra</strong></span> <span class='ocrx_word' id='word_1_440' title='bbox 3650 921 3899 989; x_wconf 89' lang='lat' dir='ltr'><strong>Paulus</strong></span> <span class='ocrx_word' id='word_1_441' title='bbox 3941 942 4062 988; x_wconf 92' lang='lat' dir='ltr'><strong>nos</strong></span> <span class='ocrx_word' id='word_1_442' title='bbox 4106 923 4232 990; x_wconf 92' lang='lat' dir='ltr'><strong>hoc</strong></span> <span class='ocrx_word' id='word_1_443' title='bbox 4275 923 4389 990; x_wconf 87' lang='lat' dir='ltr'><strong>do·</strong></span> 
     </span>
     <span class='ocr_line' id='line_1_65' title="bbox 2443 1003 4388 1078; baseline 0.004 -9"><span class='ocrx_word' id='word_1_444' title='bbox 2443 1009 2752 1069; x_wconf 87' lang='lat' dir='ltr'><strong>cumento</strong></span> <span class='ocrx_word' id='word_1_445' title='bbox 2783 1003 3087 1071; x_wconf 88' lang='lat' dir='ltr'><strong>hortatur</strong></span> <span class='ocrx_word' id='word_1_446' title='bbox 3107 1004 3190 1070; x_wconf 90' lang='lat' dir='ltr'><strong>ad</strong></span> <span class='ocrx_word' id='word_1_447' title='bbox 3210 1005 3570 1072; x_wconf 90' lang='lat' dir='ltr'><strong>cavendam</strong></span> <span class='ocrx_word' id='word_1_448' title='bbox 3592 1008 4071 1074; x_wconf 88' lang='lat' dir='ltr'><strong>scortationem.</strong></span> <span class='ocrx_word' id='word_1_449' title='bbox 4127 1008 4388 1078; x_wconf 88' lang='lat' dir='ltr'><strong>Poenae</strong></span> 
     </span>
     <span class='ocr_line' id='line_1_66' title="bbox 2446 1090 4388 1181; baseline 0.005 -28"><span class='ocrx_word' id='word_1_450' title='bbox 2446 1095 2665 1155; x_wconf 90' lang='lat' dir='ltr'><strong>autem</strong></span> <span class='ocrx_word' id='word_1_451' title='bbox 2708 1091 2877 1155; x_wconf 87' lang='lat' dir='ltr'><strong>ratio</strong></span> <span class='ocrx_word' id='word_1_452' title='bbox 2916 1092 3038 1157; x_wconf 85' lang='lat' dir='ltr'><strong>fuit</strong></span> <span class='ocrx_word' id='word_1_453' title='bbox 3081 1090 3373 1173; x_wconf 91' lang='lat' dir='ltr'><strong>diversa,</strong></span> <span class='ocrx_word' id='word_1_454' title='bbox 3432 1093 3586 1176; x_wconf 90' lang='lat' dir='ltr'><strong>quia</strong></span> <span class='ocrx_word' id='word_1_455' title='bbox 3642 1094 4084 1177; x_wconf 88' lang='lat' dir='ltr'><strong>promiscuum</strong></span> <span class='ocrx_word' id='word_1_456' title='bbox 4144 1095 4388 1181; x_wconf 84' lang='lat' dir='ltr'><strong>vulgus</strong></span> 
     </span>
     <span class='ocr_line' id='line_1_67' title="bbox 2444 1175 4388 1265; baseline 0.003 -23"><span class='ocrx_word' id='word_1_457' title='bbox 2444 1195 2705 1242; x_wconf 90' lang='lat' dir='ltr'><strong>caesum</strong></span> <span class='ocrx_word' id='word_1_458' title='bbox 2751 1175 2906 1256; x_wconf 84' lang='lat' dir='ltr'><strong>fuit,</strong></span> <span class='ocrx_word' id='word_1_459' title='bbox 2965 1177 3161 1244; x_wconf 88' lang='lat' dir='ltr'><strong>duces</strong></span> <span class='ocrx_word' id='word_1_460' title='bbox 3216 1186 3434 1244; x_wconf 87' lang='lat' dir='ltr'><strong>autem</strong></span> <span class='ocrx_word' id='word_1_461' title='bbox 3480 1180 3605 1262; x_wconf 90' lang='lat' dir='ltr'><strong>ipsi</strong></span> <span class='ocrx_word' id='word_1_462' title='bbox 3650 1179 3962 1264; x_wconf 89' lang='lat' dir='ltr'><strong>patibulis</strong></span> <span class='ocrx_word' id='word_1_463' title='bbox 4005 1181 4217 1261; x_wconf 85' lang='lat' dir='ltr'><strong>affixi,</strong></span> <span class='ocrx_word' id='word_1_464' title='bbox 4261 1202 4388 1265; x_wconf 89' lang='lat' dir='ltr'><strong>quo</strong></span> 
     </span>
     <span class='ocr_line' id='line_1_68' title="bbox 2446 1259 4386 1351; baseline 0.005 -27"><span class='ocrx_word' id='word_1_465' title='bbox 2446 1259 2593 1342; x_wconf 89' lang='lat' dir='ltr'><strong>plus</strong></span> <span class='ocrx_word' id='word_1_466' title='bbox 2615 1263 2887 1328; x_wconf 88' lang='lat' dir='ltr'><strong>terroris</strong></span> <span class='ocrx_word' id='word_1_467' title='bbox 2921 1262 3243 1330; x_wconf 88' lang='lat' dir='ltr'><strong>incuteret</strong></span> <span class='ocrx_word' id='word_1_468' title='bbox 3275 1264 3738 1348; x_wconf 90' lang='lat' dir='ltr'><strong>spectaculum.</strong></span> <span class='ocrx_word' id='word_1_469' title='bbox 3797 1265 3927 1332; x_wconf 90' lang='lat' dir='ltr'><strong>Per</strong></span> <span class='ocrx_word' id='word_1_470' title='bbox 3960 1265 4177 1351; x_wconf 89' lang='lat' dir='ltr'><strong>capita</strong></span> <span class='ocrx_word' id='word_1_471' title='bbox 4210 1267 4386 1333; x_wconf 90' lang='lat' dir='ltr'><strong>enim</strong></span> 
     </span>
     <span class='ocr_line' id='line_1_69' title="bbox 2445 1346 4390 1435; baseline 0.005 -26"><span class='ocrx_word' id='word_1_472' title='bbox 2445 1346 2670 1429; x_wconf 89' lang='lat' dir='ltr'><strong>populi</strong></span> <span class='ocrx_word' id='word_1_473' title='bbox 2727 1368 2837 1413; x_wconf 92' lang='lat' dir='ltr'><strong>eos</strong></span> <span class='ocrx_word' id='word_1_474' title='bbox 2895 1348 3206 1434; x_wconf 87' lang='lat' dir='ltr'><strong>intelligit</strong></span> <span class='ocrx_word' id='word_1_475' title='bbox 3270 1352 3384 1433; x_wconf 92' lang='lat' dir='ltr'><strong>qui</strong></span> <span class='ocrx_word' id='word_1_476' title='bbox 3428 1351 3909 1416; x_wconf 87' lang='lat' dir='ltr'><strong>existimatione</strong></span> <span class='ocrx_word' id='word_1_477' title='bbox 3951 1351 4390 1435; x_wconf 87' lang='lat' dir='ltr'><strong>praestabant,</strong></span> 
     </span>
     <span class='ocr_line' id='line_1_70' title="bbox 2445 1432 4388 1530; baseline 0.005 -34"><span class='ocrx_word' id='word_1_478' title='bbox 2445 1451 2721 1530; x_wconf 84' lang='lat' dir='ltr'><strong>quorum</strong></span> <span class='ocrx_word' id='word_1_479' title='bbox 2773 1432 3097 1518; x_wconf 88' lang='lat' dir='ltr'><strong>insignior</strong></span> <span class='ocrx_word' id='word_1_480' title='bbox 3154 1435 3381 1502; x_wconf 88' lang='lat' dir='ltr'><strong>debuit</strong></span> <span class='ocrx_word' id='word_1_481' title='bbox 3437 1457 3578 1502; x_wconf 90' lang='lat' dir='ltr'><strong>esse</strong></span> <span class='ocrx_word' id='word_1_482' title='bbox 3631 1436 4022 1522; x_wconf 87' lang='lat' dir='ltr'><strong>ignominia,</strong></span> <span class='ocrx_word' id='word_1_483' title='bbox 4079 1440 4388 1523; x_wconf 91' lang='lat' dir='ltr'><strong>quoniam</strong></span> 
     </span>
     <span class='ocr_line' id='line_1_71' title="bbox 2442 1520 4386 1605; baseline 0.004 -23"><span class='ocrx_word' id='word_1_484' title='bbox 2442 1538 2516 1582; x_wconf 91' lang='lat' dir='ltr'><strong>1n</strong></span> <span class='ocrx_word' id='word_1_485' title='bbox 2571 1539 2846 1605; x_wconf 87' lang='lat' dir='ltr'><strong>magnos</strong></span> <span class='ocrx_word' id='word_1_486' title='bbox 2904 1530 2971 1585; x_wconf 89' lang='lat' dir='ltr'><strong>et</strong></span> <span class='ocrx_word' id='word_1_487' title='bbox 3026 1520 3276 1587; x_wconf 85' lang='lat' dir='ltr'><strong>nobiles</strong></span> <span class='ocrx_word' id='word_1_488' title='bbox 3336 1520 3514 1587; x_wconf 85' lang='lat' dir='ltr'><strong>viros</strong></span> <span class='ocrx_word' id='word_1_489' title='bbox 3571 1522 3867 1588; x_wconf 89' lang='lat' dir='ltr'><strong>omnium</strong></span> <span class='ocrx_word' id='word_1_490' title='bbox 3925 1522 4059 1588; x_wconf 86' lang='lat' dir='ltr'><strong>fere</strong></span> <span class='ocrx_word' id='word_1_491' title='bbox 4115 1523 4386 1590; x_wconf 90' lang='lat' dir='ltr'><strong>coniecti</strong></span> 
     </span>
     <span class='ocr_line' id='line_1_72' title="bbox 2441 1605 4386 1694; baseline 0.003 -24"><span class='ocrx_word' id='word_1_492' title='bbox 2441 1611 2605 1670; x_wconf 87' lang='lat' dir='ltr'><strong>sunt</strong></span> <span class='ocrx_word' id='word_1_493' title='bbox 2667 1605 2868 1682; x_wconf 86' lang='lat' dir='ltr'><strong>oculi,</strong></span> <span class='ocrx_word' id='word_1_494' title='bbox 2937 1607 3111 1672; x_wconf 91' lang='lat' dir='ltr'><strong>unde</strong></span> <span class='ocrx_word' id='word_1_495' title='bbox 3176 1608 3376 1673; x_wconf 88' lang='lat' dir='ltr'><strong>etiam</strong></span> <span class='ocrx_word' id='word_1_496' title='bbox 3442 1609 3521 1672; x_wconf 90' lang='lat' dir='ltr'><strong>fit</strong></span> <span class='ocrx_word' id='word_1_497' title='bbox 3579 1617 3652 1673; x_wconf 92' lang='lat' dir='ltr'><strong>ut</strong></span> <span class='ocrx_word' id='word_1_498' title='bbox 3715 1608 3951 1673; x_wconf 87' lang='lat' dir='ltr'><strong>merito</strong></span> <span class='ocrx_word' id='word_1_499' title='bbox 4016 1610 4386 1694; x_wconf 86' lang='lat' dir='ltr'><strong>graviorem</strong></span> 
     </span>
     <span class='ocr_line' id='line_1_73' title="bbox 2440 1693 4391 1778; baseline 0.004 -25"><span class='ocrx_word' id='word_1_500' title='bbox 2440 1709 2722 1775; x_wconf 87' lang='lat' dir='ltr'><strong>poenam</strong></span> <span class='ocrx_word' id='word_1_501' title='bbox 2788 1693 3188 1774; x_wconf 87' lang='lat' dir='ltr'><strong>sustineant,</strong></span> <span class='ocrx_word' id='word_1_502' title='bbox 3265 1695 3419 1777; x_wconf 90' lang='lat' dir='ltr'><strong>quia</strong></span> <span class='ocrx_word' id='word_1_503' title='bbox 3482 1695 3781 1778; x_wconf 86' lang='lat' dir='ltr'><strong>exemplo</strong></span> <span class='ocrx_word' id='word_1_504' title='bbox 3857 1695 4068 1778; x_wconf 88' lang='lat' dir='ltr'><strong>magis</strong></span> <span class='ocrx_word' id='word_1_505' title='bbox 4148 1702 4391 1763; x_wconf 89' lang='lat' dir='ltr'><strong>nocent</strong></span> 
     </span>
     <span class='ocr_line' id='line_1_74' title="bbox 2441 1776 4389 1862; baseline 0.004 -22"><span class='ocrx_word' id='word_1_506' title='bbox 2441 1796 2641 1858; x_wconf 91' lang='lat' dir='ltr'><strong>quam</strong></span> <span class='ocrx_word' id='word_1_507' title='bbox 2684 1776 2983 1843; x_wconf 88' lang='lat' dir='ltr'><strong>homines</strong></span> <span class='ocrx_word' id='word_1_508' title='bbox 3026 1779 3301 1858; x_wconf 88' lang='lat' dir='ltr'><strong>obscuri,</strong></span> <span class='ocrx_word' id='word_1_509' title='bbox 3346 1799 3622 1862; x_wconf 90' lang='lat' dir='ltr'><strong>quorum</strong></span> <span class='ocrx_word' id='word_1_510' title='bbox 3657 1781 3828 1846; x_wconf 85' lang='lat' dir='ltr'><strong>facta</strong></span> <span class='ocrx_word' id='word_1_511' title='bbox 3862 1801 3991 1846; x_wconf 90' lang='lat' dir='ltr'><strong>non</strong></span> <span class='ocrx_word' id='word_1_512' title='bbox 4030 1791 4162 1846; x_wconf 91' lang='lat' dir='ltr'><strong>tam</strong></span> <span class='ocrx_word' id='word_1_513' title='bbox 4201 1781 4389 1847; x_wconf 84' lang='lat' dir='ltr'><strong>facilc</strong></span> 
     </span>
     <span class='ocr_line' id='line_1_75' title="bbox 2441 1861 4390 1951; baseline 0.004 -26"><span class='ocrx_word' id='word_1_514' title='bbox 2441 1861 2524 1925; x_wconf 89' lang='lat' dir='ltr'><strong>ad</strong></span> <span class='ocrx_word' id='word_1_515' title='bbox 2583 1862 3017 1929; x_wconf 89' lang='lat' dir='ltr'><strong>imitationem</strong></span> <span class='ocrx_word' id='word_1_516' title='bbox 3076 1865 3450 1931; x_wconf 86' lang='lat' dir='ltr'><strong>trabuntur.</strong></span> <span class='ocrx_word' id='word_1_517' title='bbox 3538 1865 3848 1932; x_wconf 88' lang='lat' dir='ltr'><strong>Viderint</strong></span> <span class='ocrx_word' id='word_1_518' title='bbox 3905 1867 4110 1951; x_wconf 89' lang='lat' dir='ltr'><strong>igitur</strong></span> <span class='ocrx_word' id='word_1_519' title='bbox 4162 1869 4273 1951; x_wconf 89' lang='lat' dir='ltr'><strong>qui</strong></span> <span class='ocrx_word' id='word_1_520' title='bbox 4315 1868 4390 1932; x_wconf 91' lang='lat' dir='ltr'><strong>in</strong></span> 
     </span>
     <span class='ocr_line' id='line_1_76' title="bbox 2441 1946 4390 2036; baseline 0.003 -24"><span class='ocrx_word' id='word_1_521' title='bbox 2441 1946 2652 2032; x_wconf 90' lang='lat' dir='ltr'><strong>pretio</strong></span> <span class='ocrx_word' id='word_1_522' title='bbox 2696 1948 3057 2030; x_wconf 87' lang='lat' dir='ltr'><strong>habentur,</strong></span> <span class='ocrx_word' id='word_1_523' title='bbox 3117 1973 3199 2016; x_wconf 93' lang='lat' dir='ltr'><strong>ne</strong></span> <span class='ocrx_word' id='word_1_524' title='bbox 3254 1951 3391 2018; x_wconf 92' lang='lat' dir='ltr'><strong>suis</strong></span> <span class='ocrx_word' id='word_1_525' title='bbox 3435 1951 3786 2019; x_wconf 89' lang='lat' dir='ltr'><strong>sceleribus</strong></span> <span class='ocrx_word' id='word_1_526' title='bbox 3830 1951 3992 2018; x_wconf 91' lang='lat' dir='ltr'><strong>alios</strong></span> <span class='ocrx_word' id='word_1_527' title='bbox 4036 1961 4390 2036; x_wconf 85' lang='lat' dir='ltr'><strong>provocent</strong></span> 
     </span>
     <span class='ocr_line' id='line_1_77' title="bbox 2442 2034 4389 2121; baseline 0.003 -21"><span class='ocrx_word' id='word_1_528' title='bbox 2442 2034 2528 2100; x_wconf 89' lang='lat' dir='ltr'><strong>ad</strong></span> <span class='ocrx_word' id='word_1_529' title='bbox 2570 2034 3004 2119; x_wconf 86' lang='lat' dir='ltr'><strong>peccandum:</strong></span> <span class='ocrx_word' id='word_1_530' title='bbox 3050 2037 3206 2120; x_wconf 86' lang='lat' dir='ltr'><strong>quia</strong></span> <span class='ocrx_word' id='word_1_531' title='bbox 3244 2058 3371 2121; x_wconf 88' lang='lat' dir='ltr'><strong>quo</strong></span> <span class='ocrx_word' id='word_1_532' title='bbox 3416 2037 3558 2121; x_wconf 90' lang='lat' dir='ltr'><strong>quis</strong></span> <span class='ocrx_word' id='word_1_533' title='bbox 3602 2058 3685 2103; x_wconf 88' lang='lat' dir='ltr'><strong>ue</strong></span> <span class='ocrx_word' id='word_1_534' title='bbox 3727 2040 3937 2121; x_wconf 86' lang='lat' dir='ltr'><strong>magis</strong></span> <span class='ocrx_word' id='word_1_535' title='bbox 3982 2038 4268 2117; x_wconf 89' lang='lat' dir='ltr'><strong>excellit,</strong></span> <span class='ocrx_word' id='word_1_536' title='bbox 4313 2059 4389 2105; x_wconf 91' lang='lat' dir='ltr'><strong>eo</strong></span> 
     </span>
     <span class='ocr_line' id='line_1_78' title="bbox 2440 2120 4393 2208; baseline 0.003 -23"><span class='ocrx_word' id='word_1_537' title='bbox 2440 2120 2665 2186; x_wconf 92' lang='lat' dir='ltr'><strong>minus</strong></span> <span class='ocrx_word' id='word_1_538' title='bbox 2709 2123 3154 2188; x_wconf 87' lang='lat' dir='ltr'><strong>excusationis</strong></span> <span class='ocrx_word' id='word_1_539' title='bbox 3190 2132 3498 2188; x_wconf 89' lang='lat' dir='ltr'><strong>meretur.</strong></span> <span class='ocrx_word' id='word_1_540' title='bbox 3621 2144 3772 2190; x_wconf 91' lang='lat' dir='ltr'><strong>ecus</strong></span> <span class='ocrx_word' id='word_1_541' title='bbox 3808 2124 3920 2190; x_wconf 89' lang='lat' dir='ltr'><strong>alii</strong></span> <span class='ocrx_word' id='word_1_542' title='bbox 3954 2124 4393 2208; x_wconf 88' lang='lat' dir='ltr'><strong>interpretan-</strong></span> 
     </span>
     <span class='ocr_line' id='line_1_79' title="bbox 2441 2207 4392 2294; baseline 0.003 -23"><span class='ocrx_word' id='word_1_543' title='bbox 2441 2216 2569 2287; x_wconf 91' lang='lat' dir='ltr'><strong>tur,</strong></span> <span class='ocrx_word' id='word_1_544' title='bbox 2611 2207 2795 2291; x_wconf 87' lang='lat' dir='ltr'><strong>quasi</strong></span> <span class='ocrx_word' id='word_1_545' title='bbox 2831 2209 3045 2274; x_wconf 87' lang='lat' dir='ltr'><strong>iussus</strong></span> <span class='ocrx_word' id='word_1_546' title='bbox 3082 2209 3279 2274; x_wconf 87' lang='lat' dir='ltr'><strong>fuerit</strong></span> <span class='ocrx_word' id='word_1_547' title='bbox 3303 2209 3519 2275; x_wconf 89' lang='lat' dir='ltr'><strong>Moses</strong></span> <span class='ocrx_word' id='word_1_548' title='bbox 3554 2229 3885 2276; x_wconf 88' lang='lat' dir='ltr'><strong>accersere</strong></span> <span class='ocrx_word' id='word_1_549' title='bbox 3921 2211 4243 2293; x_wconf 88' lang='lat' dir='ltr'><strong>principes</strong></span> <span class='ocrx_word' id='word_1_550' title='bbox 4279 2211 4392 2294; x_wconf 91' lang='lat' dir='ltr'><strong>qui</strong></span> 
     </span>
     <span class='ocr_line' id='line_1_80' title="bbox 2442 2294 4392 2380; baseline 0.003 -23"><span class='ocrx_word' id='word_1_551' title='bbox 2442 2295 2833 2375; x_wconf 87' lang='lat' dir='ltr'><strong>sententiam</strong></span> <span class='ocrx_word' id='word_1_552' title='bbox 2876 2294 3130 2360; x_wconf 85' lang='lat' dir='ltr'><strong>ferrent</strong></span> <span class='ocrx_word' id='word_1_553' title='bbox 3173 2295 3252 2361; x_wconf 89' lang='lat' dir='ltr'><strong>de</strong></span> <span class='ocrx_word' id='word_1_554' title='bbox 3300 2295 3652 2361; x_wconf 89' lang='lat' dir='ltr'><strong>sceleratis.</strong></span> <span class='ocrx_word' id='word_1_555' title='bbox 3720 2295 3825 2361; x_wconf 86' lang='lat' dir='ltr'><strong>Ita</strong></span> <span class='ocrx_word' id='word_1_556' title='bbox 3870 2316 3987 2378; x_wconf 90' lang='lat' dir='ltr'><strong>per</strong></span> <span class='ocrx_word' id='word_1_557' title='bbox 4034 2317 4392 2380; x_wconf 91' lang='lat' dir='ltr'><strong>pronomen</strong></span> 
     </span>
     <span class='ocr_line' id='line_1_81' title="bbox 2441 2377 4386 2465; baseline 0.003 -22"><span class='ocrx_word' id='word_1_558' title='bbox 2441 2377 2580 2445; x_wconf 88' lang='lat' dir='ltr'><strong>Eos</strong></span> <span class='ocrx_word' id='word_1_559' title='bbox 2632 2379 3021 2464; x_wconf 85' lang='lat' dir='ltr'><strong>intelligunt</strong></span> <span class='ocrx_word' id='word_1_560' title='bbox 3075 2381 3401 2463; x_wconf 90' lang='lat' dir='ltr'><strong>quoslibet</strong></span> <span class='ocrx_word' id='word_1_561' title='bbox 3441 2402 3587 2447; x_wconf 91' lang='lat' dir='ltr'><strong>reos</strong></span> <span class='ocrx_word' id='word_1_562' title='bbox 3632 2382 3743 2465; x_wconf 92' lang='lat' dir='ltr'><strong>qui</strong></span> <span class='ocrx_word' id='word_1_563' title='bbox 3787 2381 4035 2447; x_wconf 87' lang='lat' dir='ltr'><strong>fuerint</strong></span> <span class='ocrx_word' id='word_1_564' title='bbox 4085 2383 4386 2450; x_wconf 88' lang='lat' dir='ltr'><strong>convicti.</strong></span> 
     </span>
     <span class='ocr_line' id='line_1_82' title="bbox 2441 2463 4388 2550; baseline 0.003 -21"><span class='ocrx_word' id='word_1_565' title='bbox 2441 2463 2578 2530; x_wconf 81' lang='lat' dir='ltr'><strong>Sed</strong></span> <span class='ocrx_word' id='word_1_566' title='bbox 2621 2465 2735 2531; x_wconf 89' lang='lat' dir='ltr'><strong>vix</strong></span> <span class='ocrx_word' id='word_1_567' title='bbox 2780 2465 3117 2550; x_wconf 87' lang='lat' dir='ltr'><strong>probabile</strong></span> <span class='ocrx_word' id='word_1_568' title='bbox 3159 2475 3293 2546; x_wconf 83' lang='lat' dir='ltr'><strong>est,</strong></span> <span class='ocrx_word' id='word_1_569' title='bbox 3354 2478 3608 2532; x_wconf 89' lang='lat' dir='ltr'><strong>tantam</strong></span> <span class='ocrx_word' id='word_1_570' title='bbox 3653 2467 4145 2534; x_wconf 88' lang='lat' dir='ltr'><strong>multitudinem</strong></span> <span class='ocrx_word' id='word_1_571' title='bbox 4188 2468 4388 2535; x_wconf 88' lang='lat' dir='ltr'><strong>fuisse</strong></span> 
     </span>
     <span class='ocr_line' id='line_1_83' title="bbox 2442 2550 4390 2637; baseline 0.002 -20"><span class='ocrx_word' id='word_1_572' title='bbox 2442 2571 2858 2635; x_wconf 84' lang='lat' dir='ltr'><strong>suspensam:</strong></span> <span class='ocrx_word' id='word_1_573' title='bbox 2914 2551 3184 2636; x_wconf 88' lang='lat' dir='ltr'><strong>ideoque</strong></span> <span class='ocrx_word' id='word_1_574' title='bbox 3247 2572 3384 2617; x_wconf 94' lang='lat' dir='ltr'><strong>non</strong></span> <span class='ocrx_word' id='word_1_575' title='bbox 3438 2550 3663 2618; x_wconf 91' lang='lat' dir='ltr'><strong>dubito</strong></span> <span class='ocrx_word' id='word_1_576' title='bbox 3722 2553 3883 2637; x_wconf 89' lang='lat' dir='ltr'><strong>quin</strong></span> <span class='ocrx_word' id='word_1_577' title='bbox 3941 2551 4020 2618; x_wconf 91' lang='lat' dir='ltr'><strong>de</strong></span> <span class='ocrx_word' id='word_1_578' title='bbox 4074 2553 4390 2637; x_wconf 89' lang='lat' dir='ltr'><strong>peculiari</strong></span> 
     </span>
     <span class='ocr_line' id='line_1_84' title="bbox 2439 2637 3057 2723; baseline 0 -19"><span class='ocrx_word' id='word_1_579' title='bbox 2439 2637 2759 2722; x_wconf 88' lang='lat' dir='ltr'><strong>supplicio</strong></span> <span class='ocrx_word' id='word_1_580' title='bbox 2801 2649 3057 2723; x_wconf 89' lang='lat' dir='ltr'><strong>agatur.</strong></span> 
     </span>
    </p>

    <p class='ocr_par' dir='ltr' id='par_1_11' title="bbox 2439 2723 4389 4696">
     <span class='ocr_line' id='line_1_85' title="bbox 2614 2723 4388 2808; baseline 0.001 -20"><span class='ocrx_word' id='word_1_581' title='bbox 2614 2725 2673 2788; x_wconf 87' lang='lat'><strong>6.</strong></span> <span class='ocrx_word' id='word_1_582' title='bbox 2716 2723 2805 2788; x_wconf 79' lang='lat' dir='ltr'><strong>Et</strong></span> <span class='ocrx_word' id='word_1_583' title='bbox 2843 2743 2988 2803; x_wconf 78' lang='lat' dir='ltr'><strong>ecce,</strong></span> <span class='ocrx_word' id='word_1_584' title='bbox 3030 2725 3310 2807; x_wconf 78' lang='lat' dir='ltr'><strong>quidam.</strong></span> <span class='ocrx_word' id='word_1_585' title='bbox 3377 2723 3671 2790; x_wconf 80' lang='lat' dir='ltr'><strong>Foedum</strong></span> <span class='ocrx_word' id='word_1_586' title='bbox 3709 2731 3775 2788; x_wconf 90' lang='lat' dir='ltr'><strong>et</strong></span> <span class='ocrx_word' id='word_1_587' title='bbox 3816 2723 4195 2790; x_wconf 89' lang='lat' dir='ltr'><strong>detestabile</strong></span> <span class='ocrx_word' id='word_1_588' title='bbox 4228 2744 4388 2808; x_wconf 90' lang='lat' dir='ltr'><strong>prae</strong></span> 
     </span>
     <span class='ocr_line' id='line_1_86' title="bbox 2443 2807 4389 2893; baseline 0.001 -18"><span class='ocrx_word' id='word_1_589' title='bbox 2443 2808 2592 2875; x_wconf 87' lang='lat' dir='ltr'><strong>aliis</strong></span> <span class='ocrx_word' id='word_1_590' title='bbox 2647 2810 3025 2893; x_wconf 88' lang='lat' dir='ltr'><strong>exemplum</strong></span> <span class='ocrx_word' id='word_1_591' title='bbox 3076 2811 3183 2878; x_wconf 92' lang='lat' dir='ltr'><strong>hic</strong></span> <span class='ocrx_word' id='word_1_592' title='bbox 3239 2818 3706 2879; x_wconf 79' lang='lat' dir='ltr'><strong>commemorat</strong></span> <span class='ocrx_word' id='word_1_593' title='bbox 3761 2809 4002 2876; x_wconf 87' lang='lat' dir='ltr'><strong>Moses.</strong></span> <span class='ocrx_word' id='word_1_594' title='bbox 4090 2807 4389 2876; x_wconf 91' lang='lat' dir='ltr'><strong>Dubium</strong></span> 
     </span>
     <span class='ocr_line' id='line_1_87' title="bbox 2441 2895 4388 2980; baseline 0.001 -21"><span class='ocrx_word' id='word_1_595' title='bbox 2441 2915 2578 2960; x_wconf 94' lang='lat' dir='ltr'><strong>non</strong></span> <span class='ocrx_word' id='word_1_596' title='bbox 2623 2903 2725 2960; x_wconf 91' lang='lat' dir='ltr'><strong>est</strong></span> <span class='ocrx_word' id='word_1_597' title='bbox 2768 2896 2926 2978; x_wconf 90' lang='lat' dir='ltr'><strong>quin</strong></span> <span class='ocrx_word' id='word_1_598' title='bbox 2970 2895 3190 2978; x_wconf 90' lang='lat' dir='ltr'><strong>plures</strong></span> <span class='ocrx_word' id='word_1_599' title='bbox 3232 2899 3298 2962; x_wconf 91' lang='lat' dir='ltr'><strong>in</strong></span> <span class='ocrx_word' id='word_1_600' title='bbox 3347 2906 3537 2963; x_wconf 87' lang='lat' dir='ltr'><strong>tanta</strong></span> <span class='ocrx_word' id='word_1_601' title='bbox 3580 2895 3846 2962; x_wconf 90' lang='lat' dir='ltr'><strong>licentia</strong></span> <span class='ocrx_word' id='word_1_602' title='bbox 3887 2915 4054 2980; x_wconf 89' lang='lat' dir='ltr'><strong>quae</strong></span> <span class='ocrx_word' id='word_1_603' title='bbox 4096 2895 4229 2960; x_wconf 88' lang='lat' dir='ltr'><strong>iam</strong></span> <span class='ocrx_word' id='word_1_604' title='bbox 4271 2895 4388 2961; x_wconf 89' lang='lat' dir='ltr'><strong>ali-</strong></span> 
     </span>
     <span class='ocr_line' id='line_1_88' title="bbox 2444 2979 4389 3067; baseline 0.002 -23"><span class='ocrx_word' id='word_1_605' title='bbox 2444 2979 2751 3065; x_wconf 89' lang='lat' dir='ltr'><strong>quamdiu</strong></span> <span class='ocrx_word' id='word_1_606' title='bbox 2798 2980 3044 3065; x_wconf 85' lang='lat' dir='ltr'><strong>passim</strong></span> <span class='ocrx_word' id='word_1_607' title='bbox 3099 2994 3398 3067; x_wconf 89' lang='lat' dir='ltr'><strong>grassata</strong></span> <span class='ocrx_word' id='word_1_608' title='bbox 3439 2992 3610 3061; x_wconf 89' lang='lat' dir='ltr'><strong>erat,</strong></span> <span class='ocrx_word' id='word_1_609' title='bbox 3666 2981 3869 3048; x_wconf 89' lang='lat' dir='ltr'><strong>variis</strong></span> <span class='ocrx_word' id='word_1_610' title='bbox 3924 2980 4193 3066; x_wconf 89' lang='lat' dir='ltr'><strong>flagitiis</strong></span> <span class='ocrx_word' id='word_1_611' title='bbox 4250 2988 4389 3048; x_wconf 86' lang='lat' dir='ltr'><strong>tota</strong></span> 
     </span>
     <span class='ocr_line' id='line_1_89' title="bbox 2441 3066 4386 3152; baseline 0 -20"><span class='ocrx_word' id='word_1_612' title='bbox 2441 3075 2658 3132; x_wconf 89' lang='lat' dir='ltr'><strong>castra</strong></span> <span class='ocrx_word' id='word_1_613' title='bbox 2697 3067 3114 3150; x_wconf 82' lang='lat' dir='ltr'><strong>repleverint.</strong></span> <span class='ocrx_word' id='word_1_614' title='bbox 3203 3067 3339 3135; x_wconf 83' lang='lat' dir='ltr'><strong>Sed</strong></span> <span class='ocrx_word' id='word_1_615' title='bbox 3379 3069 3580 3135; x_wconf 91' lang='lat' dir='ltr'><strong>huius</strong></span> <span class='ocrx_word' id='word_1_616' title='bbox 3622 3066 3955 3152; x_wconf 89' lang='lat' dir='ltr'><strong>nequitiae</strong></span> <span class='ocrx_word' id='word_1_617' title='bbox 3997 3067 4148 3150; x_wconf 88' lang='lat' dir='ltr'><strong>plus</strong></span> <span class='ocrx_word' id='word_1_618' title='bbox 4190 3087 4386 3151; x_wconf 91' lang='lat' dir='ltr'><strong>quam</strong></span> 
     </span>
     <span class='ocr_line' id='line_1_90' title="bbox 2442 3152 4386 3238; baseline 0 -20"><span class='ocrx_word' id='word_1_619' title='bbox 2442 3152 2750 3219; x_wconf 86' lang='lat' dir='ltr'><strong>effraenis</strong></span> <span class='ocrx_word' id='word_1_620' title='bbox 2793 3153 2919 3218; x_wconf 86' lang='lat' dir='ltr'><strong>fuit</strong></span> <span class='ocrx_word' id='word_1_621' title='bbox 2959 3153 3401 3238; x_wconf 90' lang='lat' dir='ltr'><strong>intemperies,</strong></span> <span class='ocrx_word' id='word_1_622' title='bbox 3443 3153 3615 3238; x_wconf 89' lang='lat' dir='ltr'><strong>quod</strong></span> <span class='ocrx_word' id='word_1_623' title='bbox 3647 3155 3891 3238; x_wconf 89' lang='lat' dir='ltr'><strong>impius</strong></span> <span class='ocrx_word' id='word_1_624' title='bbox 3923 3152 4051 3219; x_wconf 90' lang='lat' dir='ltr'><strong>iste</strong></span> <span class='ocrx_word' id='word_1_625' title='bbox 4071 3153 4198 3218; x_wconf 92' lang='lat' dir='ltr'><strong>Dei</strong></span> <span class='ocrx_word' id='word_1_626' title='bbox 4233 3173 4386 3219; x_wconf 93' lang='lat' dir='ltr'><strong>con-</strong></span> 
     </span>
     <span class='ocr_line' id='line_1_91' title="bbox 2443 3236 4389 3321; baseline -0.001 -18"><span class='ocrx_word' id='word_1_627' title='bbox 2443 3247 2748 3321; x_wconf 90' lang='lat' dir='ltr'><strong>temptor,</strong></span> <span class='ocrx_word' id='word_1_628' title='bbox 2791 3240 2964 3305; x_wconf 89' lang='lat' dir='ltr'><strong>inter</strong></span> <span class='ocrx_word' id='word_1_629' title='bbox 3007 3241 3302 3307; x_wconf 88' lang='lat' dir='ltr'><strong>omnium</strong></span> <span class='ocrx_word' id='word_1_630' title='bbox 3390 3241 3627 3306; x_wconf 89' lang='lat' dir='ltr'><strong>emitus</strong></span> <span class='ocrx_word' id='word_1_631' title='bbox 3669 3248 3737 3304; x_wconf 91' lang='lat' dir='ltr'><strong>et</strong></span> <span class='ocrx_word' id='word_1_632' title='bbox 3776 3239 4101 3320; x_wconf 76' lang='lat' dir='ltr'><strong>lacrymas</strong></span> <span class='ocrx_word' id='word_1_633' title='bbox 4135 3236 4280 3304; x_wconf 92' lang='lat' dir='ltr'><strong>Deo</strong></span> <span class='ocrx_word' id='word_1_634' title='bbox 4322 3245 4389 3303; x_wconf 95' lang='lat' dir='ltr'><strong>et</strong></span> 
     </span>
     <span class='ocr_line' id='line_1_92' title="bbox 2443 3261 4387 3408; baseline 0 -17"><span class='ocrx_word' id='word_1_635' title='bbox 2443 3322 2819 3391; x_wconf 88' lang='lat' dir='ltr'><strong>hominibus</strong></span> <span class='ocrx_word' id='word_1_636' title='bbox 2902 3333 3158 3392; x_wconf 88' lang='lat' dir='ltr'><strong>roterve</strong></span> <span class='ocrx_word' id='word_1_637' title='bbox 3199 3261 3561 3405; x_wconf 43' lang='lat' dir='ltr'><strong>insultavit,</strong></span> <span class='ocrx_word' id='word_1_638' title='bbox 3606 3345 3682 3390; x_wconf 90' lang='lat' dir='ltr'><strong>ac</strong></span> <span class='ocrx_word' id='word_1_639' title='bbox 3716 3324 3773 3389; x_wconf 88' lang='lat' dir='ltr'><strong>si</strong></span> <span class='ocrx_word' id='word_1_640' title='bbox 3809 3324 3890 3390; x_wconf 92' lang='lat' dir='ltr'><strong>de</strong></span> <span class='ocrx_word' id='word_1_641' title='bbox 3924 3324 4103 3391; x_wconf 93' lang='lat' dir='ltr'><strong>omni</strong></span> <span class='ocrx_word' id='word_1_642' title='bbox 4138 3322 4387 3408; x_wconf 88' lang='lat' dir='ltr'><strong>pudore</strong></span> 
     </span>
     <span class='ocr_line' id='line_1_93' title="bbox 2442 3409 4388 3495; baseline -0.001 -19"><span class='ocrx_word' id='word_1_643' title='bbox 2442 3417 2508 3476; x_wconf 93' lang='lat' dir='ltr'><strong>et</strong></span> <span class='ocrx_word' id='word_1_644' title='bbox 2551 3429 2834 3477; x_wconf 89' lang='lat' dir='ltr'><strong>verecun</strong></span> <span class='ocrx_word' id='word_1_645' title='bbox 2886 3413 2945 3476; x_wconf 85' lang='lat' dir='ltr'><strong>‘a</strong></span> <span class='ocrx_word' id='word_1_646' title='bbox 2986 3410 3392 3495; x_wconf 88' lang='lat' dir='ltr'><strong>triumphum</strong></span> <span class='ocrx_word' id='word_1_647' title='bbox 3437 3418 3679 3495; x_wconf 83' lang='lat' dir='ltr'><strong>ageret.</strong></span> <span class='ocrx_word' id='word_1_648' title='bbox 3759 3409 3996 3477; x_wconf 79' lang='lat' dir='ltr'><strong>Flebat</strong></span> <span class='ocrx_word' id='word_1_649' title='bbox 4037 3409 4388 3475; x_wconf 89' lang='lat' dir='ltr'><strong>multitudo</strong></span> 
     </span>
     <span class='ocr_line' id='line_1_94' title="bbox 2440 3494 4385 3581; baseline -0.001 -19"><span class='ocrx_word' id='word_1_650' title='bbox 2440 3495 2525 3562; x_wconf 89' lang='lat' dir='ltr'><strong>ad</strong></span> <span class='ocrx_word' id='word_1_651' title='bbox 2569 3494 3083 3575; x_wconf 88' lang='lat' dir='ltr'><strong>tabernaculum,</strong></span> <span class='ocrx_word' id='word_1_652' title='bbox 3129 3518 3363 3581; x_wconf 87' lang='lat' dir='ltr'><strong>nempe</strong></span> <span class='ocrx_word' id='word_1_653' title='bbox 3407 3496 3501 3581; x_wconf 90' lang='lat' dir='ltr'><strong>pii</strong></span> <span class='ocrx_word' id='word_1_654' title='bbox 3541 3516 3768 3563; x_wconf 91' lang='lat' dir='ltr'><strong>omnes</strong></span> <span class='ocrx_word' id='word_1_655' title='bbox 3810 3495 3921 3579; x_wconf 88' lang='lat' dir='ltr'><strong>qui</strong></span> <span class='ocrx_word' id='word_1_656' title='bbox 3954 3494 4385 3579; x_wconf 84' lang='lat' dir='ltr'><strong>propinquam</strong></span> 
     </span>
     <span class='ocr_line' id='line_1_95' title="bbox 2440 3580 4384 3667; baseline -0.001 -18"><span class='ocrx_word' id='word_1_657' title='bbox 2440 3582 2688 3649; x_wconf 89' lang='lat' dir='ltr'><strong>cladem</strong></span> <span class='ocrx_word' id='word_1_658' title='bbox 2727 3582 3183 3661; x_wconf 88' lang='lat' dir='ltr'><strong>exhorrebant,</strong></span> <span class='ocrx_word' id='word_1_659' title='bbox 3220 3604 3418 3667; x_wconf 90' lang='lat' dir='ltr'><strong>quum</strong></span> <span class='ocrx_word' id='word_1_660' title='bbox 3458 3590 3636 3648; x_wconf 89' lang='lat' dir='ltr'><strong>certo</strong></span> <span class='ocrx_word' id='word_1_661' title='bbox 3673 3580 3966 3666; x_wconf 88' lang='lat' dir='ltr'><strong>persuasi</strong></span> <span class='ocrx_word' id='word_1_662' title='bbox 3999 3589 4215 3646; x_wconf 82' lang='lat' dir='ltr'><strong>essent</strong></span> <span class='ocrx_word' id='word_1_663' title='bbox 4253 3600 4384 3647; x_wconf 91' lang='lat' dir='ltr'><strong>non</strong></span> 
     </span>
     <span class='ocr_line' id='line_1_96' title="bbox 2439 3665 4384 3751; baseline 0 -18"><span class='ocrx_word' id='word_1_664' title='bbox 2439 3667 2713 3751; x_wconf 91' lang='lat' dir='ltr'><strong>impune</strong></span> <span class='ocrx_word' id='word_1_665' title='bbox 2772 3689 3101 3736; x_wconf 89' lang='lat' dir='ltr'><strong>cessuram</strong></span> <span class='ocrx_word' id='word_1_666' title='bbox 3158 3669 3500 3735; x_wconf 91' lang='lat' dir='ltr'><strong>libidinem</strong></span> <span class='ocrx_word' id='word_1_667' title='bbox 3556 3690 3707 3736; x_wconf 89' lang='lat' dir='ltr'><strong>cum</strong></span> <span class='ocrx_word' id='word_1_668' title='bbox 3763 3665 4124 3734; x_wconf 87' lang='lat' dir='ltr'><strong>idololatria</strong></span> <span class='ocrx_word' id='word_1_669' title='bbox 4169 3673 4234 3731; x_wconf 88' lang='lat' dir='ltr'><strong>et</strong></span> <span class='ocrx_word' id='word_1_670' title='bbox 4280 3688 4384 3733; x_wconf 89' lang='lat' dir='ltr'><strong>sa·</strong></span> 
     </span>
     <span class='ocr_line' id='line_1_97' title="bbox 2441 3751 4385 3838; baseline -0.002 -17"><span class='ocrx_word' id='word_1_671' title='bbox 2441 3752 2729 3838; x_wconf 90' lang='lat' dir='ltr'><strong>crilegiis</strong></span> <span class='ocrx_word' id='word_1_672' title='bbox 2788 3754 3236 3822; x_wconf 88' lang='lat' dir='ltr'><strong>coniunctam:</strong></span> <span class='ocrx_word' id='word_1_673' title='bbox 3295 3756 3404 3820; x_wconf 90' lang='lat' dir='ltr'><strong>hic</strong></span> <span class='ocrx_word' id='word_1_674' title='bbox 3458 3753 3752 3838; x_wconf 89' lang='lat' dir='ltr'><strong>perditus</strong></span> <span class='ocrx_word' id='word_1_675' title='bbox 3793 3754 3863 3818; x_wconf 95' lang='lat' dir='ltr'><strong>in</strong></span> <span class='ocrx_word' id='word_1_676' title='bbox 3904 3751 4191 3817; x_wconf 89' lang='lat' dir='ltr'><strong>medium</strong></span> <span class='ocrx_word' id='word_1_677' title='bbox 4236 3773 4385 3836; x_wconf 87' lang='lat' dir='ltr'><strong>pro·</strong></span> 
     </span>
     <span class='ocr_line' id='line_1_98' title="bbox 2441 3836 4385 3927; baseline -0.001 -22"><span class='ocrx_word' id='word_1_678' title='bbox 2441 3840 2708 3923; x_wconf 90' lang='lat' dir='ltr'><strong>rumpit,</strong></span> <span class='ocrx_word' id='word_1_679' title='bbox 2753 3849 2819 3906; x_wconf 91' lang='lat' dir='ltr'><strong>et</strong></span> <span class='ocrx_word' id='word_1_680' title='bbox 2854 3862 3080 3907; x_wconf 90' lang='lat' dir='ltr'><strong>eorum</strong></span> <span class='ocrx_word' id='word_1_681' title='bbox 3115 3841 3436 3927; x_wconf 82' lang='lat' dir='ltr'><strong>lacrymas</strong></span> <span class='ocrx_word' id='word_1_682' title='bbox 3470 3840 3751 3908; x_wconf 87' lang='lat' dir='ltr'><strong>ludibrio</strong></span> <span class='ocrx_word' id='word_1_683' title='bbox 3786 3836 4053 3916; x_wconf 88' lang='lat' dir='ltr'><strong>habens,</strong></span> <span class='ocrx_word' id='word_1_684' title='bbox 4099 3846 4385 3904; x_wconf 90' lang='lat' dir='ltr'><strong>scortum</strong></span> 
     </span>
     <span class='ocr_line' id='line_1_99' title="bbox 2439 3923 4386 4011; baseline -0.001 -20"><span class='ocrx_word' id='word_1_685' title='bbox 2439 3925 2627 4010; x_wconf 88' lang='lat' dir='ltr'><strong>quasi</strong></span> <span class='ocrx_word' id='word_1_686' title='bbox 2661 3925 2730 3990; x_wconf 92' lang='lat' dir='ltr'><strong>in</strong></span> <span class='ocrx_word' id='word_1_687' title='bbox 2767 3947 3004 4011; x_wconf 90' lang='lat' dir='ltr'><strong>pompa</strong></span> <span class='ocrx_word' id='word_1_688' title='bbox 3041 3927 3343 3995; x_wconf 88' lang='lat' dir='ltr'><strong>traducit.</strong></span> <span class='ocrx_word' id='word_1_689' title='bbox 3389 3927 3537 3993; x_wconf 88' lang='lat' dir='ltr'><strong>Non</strong></span> <span class='ocrx_word' id='word_1_690' title='bbox 3573 3925 3816 3991; x_wconf 89' lang='lat' dir='ltr'><strong>mirum</strong></span> <span class='ocrx_word' id='word_1_691' title='bbox 3848 3923 4053 4008; x_wconf 88' lang='lat' dir='ltr'><strong>igitur</strong></span> <span class='ocrx_word' id='word_1_692' title='bbox 4095 3924 4153 3989; x_wconf 91' lang='lat' dir='ltr'><strong>si</strong></span> <span class='ocrx_word' id='word_1_693' title='bbox 4199 3929 4386 3990; x_wconf 90' lang='lat' dir='ltr'><strong>tanta</strong></span> 
     </span>
     <span class='ocr_line' id='line_1_100' title="bbox 2441 4007 4381 4095; baseline -0.001 -18"><span class='ocrx_word' id='word_1_694' title='bbox 2441 4012 2790 4078; x_wconf 88' lang='lat' dir='ltr'><strong>severitate</strong></span> <span class='ocrx_word' id='word_1_695' title='bbox 2831 4034 2986 4080; x_wconf 90' lang='lat' dir='ltr'><strong>usus</strong></span> <span class='ocrx_word' id='word_1_696' title='bbox 3019 4015 3217 4080; x_wconf 86' lang='lat' dir='ltr'><strong>fuerit</strong></span> <span class='ocrx_word' id='word_1_697' title='bbox 3257 4013 3474 4090; x_wconf 88' lang='lat' dir='ltr'><strong>Deus,</strong></span> <span class='ocrx_word' id='word_1_698' title='bbox 3516 4032 3712 4095; x_wconf 89' lang='lat' dir='ltr'><strong>quum</strong></span> <span class='ocrx_word' id='word_1_699' title='bbox 3757 4007 3838 4074; x_wconf 90' lang='lat' dir='ltr'><strong>ad</strong></span> <span class='ocrx_word' id='word_1_700' title='bbox 3885 4019 4178 4074; x_wconf 88' lang='lat' dir='ltr'><strong>extrema</strong></span> <span class='ocrx_word' id='word_1_701' title='bbox 4219 4030 4381 4075; x_wconf 90' lang='lat' dir='ltr'><strong>ven-</strong></span> 
     </span>
     <span class='ocr_line' id='line_1_101' title="bbox 2442 4094 4384 4167; baseline 0 -5"><span class='ocrx_word' id='word_1_702' title='bbox 2442 4104 2587 4163; x_wconf 90' lang='lat' dir='ltr'><strong>tum</strong></span> <span class='ocrx_word' id='word_1_703' title='bbox 2623 4105 2811 4165; x_wconf 89' lang='lat' dir='ltr'><strong>esset.</strong></span> <span class='ocrx_word' id='word_1_704' title='bbox 2878 4099 3254 4167; x_wconf 87' lang='lat' dir='ltr'><strong>Notandum</strong></span> <span class='ocrx_word' id='word_1_705' title='bbox 3294 4118 3444 4165; x_wconf 90' lang='lat' dir='ltr'><strong>vero</strong></span> <span class='ocrx_word' id='word_1_706' title='bbox 3478 4105 3580 4161; x_wconf 88' lang='lat' dir='ltr'><strong>est</strong></span> <span class='ocrx_word' id='word_1_707' title='bbox 3621 4097 3950 4163; x_wconf 87' lang='lat' dir='ltr'><strong>inversam</strong></span> <span class='ocrx_word' id='word_1_708' title='bbox 3996 4114 4138 4160; x_wconf 90' lang='lat' dir='ltr'><strong>esse</strong></span> <span class='ocrx_word' id='word_1_709' title='bbox 4181 4094 4384 4162; x_wconf 85' lang='lat' dir='ltr'><strong>histo-</strong></span> 
     </span>
     <span class='ocr_line' id='line_1_102' title="bbox 2440 4181 4386 4270; baseline 0 -22"><span class='ocrx_word' id='word_1_710' title='bbox 2440 4185 2580 4249; x_wconf 89' lang='lat' dir='ltr'><strong>riae</strong></span> <span class='ocrx_word' id='word_1_711' title='bbox 2623 4184 2895 4250; x_wconf 91' lang='lat' dir='ltr'><strong>seriem:</strong></span> <span class='ocrx_word' id='word_1_712' title='bbox 2939 4186 3091 4270; x_wconf 91' lang='lat' dir='ltr'><strong>quia</strong></span> <span class='ocrx_word' id='word_1_713' title='bbox 3125 4181 3429 4255; x_wconf 91' lang='lat' dir='ltr'><strong>credibile</strong></span> <span class='ocrx_word' id='word_1_714' title='bbox 3464 4201 3597 4247; x_wconf 94' lang='lat' dir='ltr'><strong>non</strong></span> <span class='ocrx_word' id='word_1_715' title='bbox 3632 4190 3748 4260; x_wconf 91' lang='lat' dir='ltr'><strong>est,</strong></span> <span class='ocrx_word' id='word_1_716' title='bbox 3793 4188 4137 4265; x_wconf 86' lang='lat' dir='ltr'><strong>postquam</strong></span> <span class='ocrx_word' id='word_1_717' title='bbox 4173 4181 4386 4248; x_wconf 90' lang='lat' dir='ltr'><strong>officio</strong></span> 
     </span>
     <span class='ocr_line' id='line_1_103' title="bbox 2442 4266 4382 4354; baseline 0 -20"><span class='ocrx_word' id='word_1_718' title='bbox 2442 4268 2713 4353; x_wconf 82' lang='lat' dir='ltr'><strong>defungi</strong></span> <span class='ocrx_word' id='word_1_719' title='bbox 2747 4279 3093 4354; x_wconf 90' lang='lat' dir='ltr'><strong>coeperant</strong></span> <span class='ocrx_word' id='word_1_720' title='bbox 3126 4270 3387 4348; x_wconf 87' lang='lat' dir='ltr'><strong>iudices,</strong></span> <span class='ocrx_word' id='word_1_721' title='bbox 3427 4267 3554 4333; x_wconf 91' lang='lat' dir='ltr'><strong>tale</strong></span> <span class='ocrx_word' id='word_1_722' title='bbox 3587 4268 3841 4333; x_wconf 88' lang='lat' dir='ltr'><strong>facinus</strong></span> <span class='ocrx_word' id='word_1_723' title='bbox 3876 4267 4081 4332; x_wconf 82' lang='lat' dir='ltr'><strong>fuisse</strong></span> <span class='ocrx_word' id='word_1_724' title='bbox 4115 4266 4382 4334; x_wconf 88' lang='lat' dir='ltr'><strong>editum.</strong></span> 
     </span>
     <span class='ocr_line' id='line_1_104' title="bbox 2444 4351 4381 4439; baseline -0.001 -18"><span class='ocrx_word' id='word_1_725' title='bbox 2444 4351 2579 4421; x_wconf 84' lang='lat' dir='ltr'><strong>Sed</strong></span> <span class='ocrx_word' id='word_1_726' title='bbox 2623 4355 2784 4423; x_wconf 92' lang='lat' dir='ltr'><strong>haec</strong></span> <span class='ocrx_word' id='word_1_727' title='bbox 2830 4356 3118 4422; x_wconf 91' lang='lat' dir='ltr'><strong>narratio</strong></span> <span class='ocrx_word' id='word_1_728' title='bbox 3168 4353 3482 4422; x_wconf 89' lang='lat' dir='ltr'><strong>inseritur</strong></span> <span class='ocrx_word' id='word_1_729' title='bbox 3525 4361 3601 4417; x_wconf 89' lang='lat' dir='ltr'><strong>ut</strong></span> <span class='ocrx_word' id='word_1_730' title='bbox 3642 4353 3877 4420; x_wconf 90' lang='lat' dir='ltr'><strong>melius</strong></span> <span class='ocrx_word' id='word_1_731' title='bbox 3921 4359 4140 4436; x_wconf 88' lang='lat' dir='ltr'><strong>pateat</strong></span> <span class='ocrx_word' id='word_1_732' title='bbox 4184 4374 4381 4439; x_wconf 90' lang='lat' dir='ltr'><strong>quam</strong></span> 
     </span>
     <span class='ocr_line' id='line_1_105' title="bbox 2440 4438 4382 4525; baseline 0 -20"><span class='ocrx_word' id='word_1_733' title='bbox 2440 4461 2706 4507; x_wconf 89' lang='lat' dir='ltr'><strong>necesse</strong></span> <span class='ocrx_word' id='word_1_734' title='bbox 2747 4441 2949 4507; x_wconf 82' lang='lat' dir='ltr'><strong>fuerit</strong></span> <span class='ocrx_word' id='word_1_735' title='bbox 2992 4440 3074 4507; x_wconf 91' lang='lat' dir='ltr'><strong>ad</strong></span> <span class='ocrx_word' id='word_1_736' title='bbox 3117 4441 3343 4507; x_wconf 89' lang='lat' dir='ltr'><strong>duram</strong></span> <span class='ocrx_word' id='word_1_737' title='bbox 3387 4438 3887 4523; x_wconf 88' lang='lat' dir='ltr'><strong>castigationem</strong></span> <span class='ocrx_word' id='word_1_738' title='bbox 3932 4447 4190 4506; x_wconf 89' lang='lat' dir='ltr'><strong>mature</strong></span> <span class='ocrx_word' id='word_1_739' title='bbox 4232 4459 4382 4525; x_wconf 87' lang='lat' dir='ltr'><strong>pro-</strong></span> 
     </span>
     <span class='ocr_line' id='line_1_106' title="bbox 2439 4524 4381 4612; baseline -0.001 -20"><span class='ocrx_word' id='word_1_740' title='bbox 2439 4525 2655 4612; x_wconf 85' lang='lat' dir='ltr'><strong>gredi:</strong></span> <span class='ocrx_word' id='word_1_741' title='bbox 2707 4528 3011 4611; x_wconf 86' lang='lat' dir='ltr'><strong>quoniam</strong></span> <span class='ocrx_word' id='word_1_742' title='bbox 3056 4525 3298 4609; x_wconf 90' lang='lat' dir='ltr'><strong>alioqui</strong></span> <span class='ocrx_word' id='word_1_743' title='bbox 3340 4545 3471 4590; x_wconf 88' lang='lat' dir='ltr'><strong>non</strong></span> <span class='ocrx_word' id='word_1_744' title='bbox 3517 4532 3773 4607; x_wconf 85' lang='lat' dir='ltr'><strong>poterat</strong></span> <span class='ocrx_word' id='word_1_745' title='bbox 3817 4524 3993 4590; x_wconf 89' lang='lat' dir='ltr'><strong>malo</strong></span> <span class='ocrx_word' id='word_1_746' title='bbox 4038 4524 4381 4609; x_wconf 88' lang='lat' dir='ltr'><strong>desperato</strong></span> 
     </span>
     <span class='ocr_line' id='line_1_107' title="bbox 2440 4609 3535 4696; baseline -0.002 -19"><span class='ocrx_word' id='word_1_747' title='bbox 2440 4613 2510 4677; x_wconf 89' lang='lat' dir='ltr'><strong>in</strong></span> <span class='ocrx_word' id='word_1_748' title='bbox 2556 4622 2849 4696; x_wconf 89' lang='lat' dir='ltr'><strong>tempore</strong></span> <span class='ocrx_word' id='word_1_749' title='bbox 2893 4611 3110 4679; x_wconf 84' lang='lat' dir='ltr'><strong>afferri</strong></span> <span class='ocrx_word' id='word_1_750' title='bbox 3153 4609 3535 4677; x_wconf 90' lang='lat' dir='ltr'><strong>remedium.</strong></span> 
     </span>
    </p>

    <p class='ocr_par' dir='ltr' id='par_1_12' title="bbox 2437 4693 4379 5464">
     <span class='ocr_line' id='line_1_108' title="bbox 2615 4693 4377 4781; baseline 0 -19"><span class='ocrx_word' id='word_1_751' title='bbox 2615 4696 2673 4764; x_wconf 81' lang='lat'><strong>7.</strong></span> <span class='ocrx_word' id='word_1_752' title='bbox 2727 4699 2901 4781; x_wconf 76' lang='lat' dir='ltr'><strong>Quod</strong></span> <span class='ocrx_word' id='word_1_753' title='bbox 2940 4717 3130 4780; x_wconf 76' lang='lat' dir='ltr'><strong>quum</strong></span> <span class='ocrx_word' id='word_1_754' title='bbox 3173 4696 3432 4777; x_wconf 70' lang='lat' dir='ltr'><strong>vidisset</strong></span> <span class='ocrx_word' id='word_1_755' title='bbox 3478 4693 3765 4762; x_wconf 73' lang='lat' dir='ltr'><strong>Phimes.</strong></span> <span class='ocrx_word' id='word_1_756' title='bbox 3853 4695 4197 4762; x_wconf 89' lang='lat' dir='ltr'><strong>Laudatur</strong></span> <span class='ocrx_word' id='word_1_757' title='bbox 4241 4716 4377 4762; x_wconf 93' lang='lat' dir='ltr'><strong>ma-</strong></span> 
     </span>
     <span class='ocr_line' id='line_1_109' title="bbox 2441 4780 4379 4868; baseline 0.001 -21"><span class='ocrx_word' id='word_1_758' title='bbox 2441 4784 2835 4868; x_wconf 90' lang='lat' dir='ltr'><strong>gnanimitas</strong></span> <span class='ocrx_word' id='word_1_759' title='bbox 2879 4782 3191 4863; x_wconf 89' lang='lat' dir='ltr'><strong>Phineos,</strong></span> <span class='ocrx_word' id='word_1_760' title='bbox 3234 4781 3407 4867; x_wconf 89' lang='lat' dir='ltr'><strong>quod</strong></span> <span class='ocrx_word' id='word_1_761' title='bbox 3452 4780 3599 4849; x_wconf 83' lang='lat' dir='ltr'><strong>aliis</strong></span> <span class='ocrx_word' id='word_1_762' title='bbox 3654 4780 4092 4859; x_wconf 86' lang='lat' dir='ltr'><strong>cessantibus,</strong></span> <span class='ocrx_word' id='word_1_763' title='bbox 4150 4792 4379 4848; x_wconf 89' lang='lat' dir='ltr'><strong>sancto</strong></span> 
     </span>
     <span class='ocr_line' id='line_1_110' title="bbox 2439 4865 4378 4952; baseline 0 -19"><span class='ocrx_word' id='word_1_764' title='bbox 2439 4867 2578 4933; x_wconf 83' lang='lat' dir='ltr'><strong>zelo</strong></span> <span class='ocrx_word' id='word_1_765' title='bbox 2611 4871 2751 4951; x_wconf 88' lang='lat' dir='ltr'><strong>ipse</strong></span> <span class='ocrx_word' id='word_1_766' title='bbox 2786 4887 3115 4947; x_wconf 89' lang='lat' dir='ltr'><strong>accensus,</strong></span> <span class='ocrx_word' id='word_1_767' title='bbox 3161 4866 3242 4933; x_wconf 89' lang='lat' dir='ltr'><strong>ad</strong></span> <span class='ocrx_word' id='word_1_768' title='bbox 3277 4887 3553 4952; x_wconf 89' lang='lat' dir='ltr'><strong>poenam</strong></span> <span class='ocrx_word' id='word_1_769' title='bbox 3588 4865 3972 4934; x_wconf 89' lang='lat' dir='ltr'><strong>sumendam</strong></span> <span class='ocrx_word' id='word_1_770' title='bbox 4008 4866 4378 4951; x_wconf 86' lang='lat' dir='ltr'><strong>prosilierit.</strong></span> 
     </span>
     <span class='ocr_line' id='line_1_111' title="bbox 2440 4950 4376 5038; baseline 0 -19"><span class='ocrx_word' id='word_1_771' title='bbox 2440 4952 2663 5019; x_wconf 74' lang='lat' dir='ltr'><strong>Tacite</strong></span> <span class='ocrx_word' id='word_1_772' title='bbox 2706 4974 2857 5038; x_wconf 89' lang='lat' dir='ltr'><strong>ergo</strong></span> <span class='ocrx_word' id='word_1_773' title='bbox 2903 4952 3407 5038; x_wconf 89' lang='lat' dir='ltr'><strong>reprehenditur</strong></span> <span class='ocrx_word' id='word_1_774' title='bbox 3450 4951 3726 5019; x_wconf 89' lang='lat' dir='ltr'><strong>aliorum</strong></span> <span class='ocrx_word' id='word_1_775' title='bbox 3771 4950 4048 5030; x_wconf 89' lang='lat' dir='ltr'><strong>desidia,</strong></span> <span class='ocrx_word' id='word_1_776' title='bbox 4100 4971 4376 5036; x_wconf 90' lang='lat' dir='ltr'><strong>quorum</strong></span> 
     </span>
     <span class='ocr_line' id='line_1_112' title="bbox 2439 5036 4378 5120; baseline -0.001 -15"><span class='ocrx_word' id='word_1_777' title='bbox 2439 5047 2657 5105; x_wconf 88' lang='lat' dir='ltr'><strong>tamen</strong></span> <span class='ocrx_word' id='word_1_778' title='bbox 2722 5037 3047 5120; x_wconf 77' lang='lat' dir='ltr'><strong>lacrymae</strong></span> <span class='ocrx_word' id='word_1_779' title='bbox 3112 5038 3373 5106; x_wconf 90' lang='lat' dir='ltr'><strong>laudem</strong></span> <span class='ocrx_word' id='word_1_780' title='bbox 3439 5045 3808 5106; x_wconf 91' lang='lat' dir='ltr'><strong>merentur:</strong></span> <span class='ocrx_word' id='word_1_781' title='bbox 3889 5036 4002 5102; x_wconf 88' lang='lat' dir='ltr'><strong>sed</strong></span> <span class='ocrx_word' id='word_1_782' title='bbox 4069 5038 4378 5120; x_wconf 89' lang='lat' dir='ltr'><strong>quoniam</strong></span> 
     </span>
     <span class='ocr_line' id='line_1_113' title="bbox 2441 5122 4379 5211; baseline 0.001 -23"><span class='ocrx_word' id='word_1_783' title='bbox 2441 5123 2662 5190; x_wconf 88' lang='lat' dir='ltr'><strong>dolore</strong></span> <span class='ocrx_word' id='word_1_784' title='bbox 2703 5145 2906 5209; x_wconf 91' lang='lat' dir='ltr'><strong>prope</strong></span> <span class='ocrx_word' id='word_1_785' title='bbox 2948 5124 3444 5211; x_wconf 88' lang='lat' dir='ltr'><strong>obtorpuerant,</strong></span> <span class='ocrx_word' id='word_1_786' title='bbox 3491 5146 3621 5190; x_wconf 92' lang='lat' dir='ltr'><strong>non</strong></span> <span class='ocrx_word' id='word_1_787' title='bbox 3664 5122 3745 5189; x_wconf 89' lang='lat' dir='ltr'><strong>ab</strong></span> <span class='ocrx_word' id='word_1_788' title='bbox 3788 5123 3967 5188; x_wconf 92' lang='lat' dir='ltr'><strong>omni</strong></span> <span class='ocrx_word' id='word_1_789' title='bbox 4010 5123 4169 5190; x_wconf 88' lang='lat' dir='ltr'><strong>vitio</strong></span> <span class='ocrx_word' id='word_1_790' title='bbox 4212 5144 4379 5208; x_wconf 88' lang='lat' dir='ltr'><strong>pura</strong></span> 
     </span>
     <span class='ocr_line' id='line_1_114' title="bbox 2438 5208 4378 5294; baseline 0.002 -20"><span class='ocrx_word' id='word_1_791' title='bbox 2438 5208 2565 5275; x_wconf 86' lang='lat' dir='ltr'><strong>fuit</strong></span> <span class='ocrx_word' id='word_1_792' title='bbox 2604 5230 2828 5276; x_wconf 92' lang='lat' dir='ltr'><strong>eorum</strong></span> <span class='ocrx_word' id='word_1_793' title='bbox 2872 5212 3103 5280; x_wconf 89' lang='lat' dir='ltr'><strong>virtus.</strong></span> <span class='ocrx_word' id='word_1_794' title='bbox 3189 5212 3280 5278; x_wconf 84' lang='lat' dir='ltr'><strong>Et</strong></span> <span class='ocrx_word' id='word_1_795' title='bbox 3320 5219 3497 5279; x_wconf 89' lang='lat' dir='ltr'><strong>certe</strong></span> <span class='ocrx_word' id='word_1_796' title='bbox 3539 5229 3740 5294; x_wconf 90' lang='lat' dir='ltr'><strong>quum</strong></span> <span class='ocrx_word' id='word_1_797' title='bbox 3798 5208 4105 5275; x_wconf 78' lang='lat' dir='ltr'><strong>effraenis</strong></span> <span class='ocrx_word' id='word_1_798' title='bbox 4160 5209 4378 5277; x_wconf 90' lang='lat' dir='ltr'><strong>adhuc</strong></span> 
     </span>
     <span class='ocr_line' id='line_1_115' title="bbox 2437 5293 4378 5383; baseline 0.002 -24"><span class='ocrx_word' id='word_1_799' title='bbox 2437 5294 2704 5362; x_wconf 90' lang='lat' dir='ltr'><strong>licentia</strong></span> <span class='ocrx_word' id='word_1_800' title='bbox 2780 5297 3004 5383; x_wconf 89' lang='lat' dir='ltr'><strong>populi</strong></span> <span class='ocrx_word' id='word_1_801' title='bbox 3079 5318 3345 5383; x_wconf 90' lang='lat' dir='ltr'><strong>spumas</strong></span> <span class='ocrx_word' id='word_1_802' title='bbox 3409 5296 3620 5363; x_wconf 87' lang='lat' dir='ltr'><strong>instar</strong></span> <span class='ocrx_word' id='word_1_803' title='bbox 3684 5293 3886 5361; x_wconf 91' lang='lat' dir='ltr'><strong>maris</strong></span> <span class='ocrx_word' id='word_1_804' title='bbox 3951 5296 4378 5380; x_wconf 89' lang='lat' dir='ltr'><strong>tempestuosi</strong></span> 
     </span>
     <span class='ocr_line' id='line_1_116' title="bbox 2437 5379 4378 5464; baseline 0.002 -17"><span class='ocrx_word' id='word_1_805' title='bbox 2437 5379 2735 5464; x_wconf 88' lang='lat' dir='ltr'><strong>eiiceret,</strong></span> <span class='ocrx_word' id='word_1_806' title='bbox 2801 5405 2931 5450; x_wconf 88' lang='lat' dir='ltr'><strong>non</strong></span> <span class='ocrx_word' id='word_1_807' title='bbox 2987 5386 3224 5452; x_wconf 90' lang='lat' dir='ltr'><strong>mirum</strong></span> <span class='ocrx_word' id='word_1_808' title='bbox 3282 5391 3385 5451; x_wconf 91' lang='lat' dir='ltr'><strong>est</strong></span> <span class='ocrx_word' id='word_1_809' title='bbox 3439 5380 3762 5448; x_wconf 89' lang='lat' dir='ltr'><strong>bonorum</strong></span> <span class='ocrx_word' id='word_1_810' title='bbox 3825 5379 4076 5448; x_wconf 87' lang='lat' dir='ltr'><strong>animos</strong></span> <span class='ocrx_word' id='word_1_811' title='bbox 4139 5383 4378 5450; x_wconf 84' lang='lat' dir='ltr'><strong>fractos</strong></span> 
     </span>
    </p>
   </div>
  </div>
 </body>
</html>
