5017 6142
526 441 612 508 63
1955 431 2361 500 REDITUS
2410 432 2537 498 AD
2581 430 3128 499 HISTORIAM.
4446 432 4534 498 64

525 628 786 696 alteram
827 646 969 692 cum
1013 625 1212 691 altera
1254 625 1519 704 uncinis,
1563 627 1618 688 et
1661 625 1753 687 ita
1791 624 2030 705 factum
2071 627 2160 687 est
2194 621 2477 687 taberna-

525 717 736 781 culum
757 732 972 778 unum.
1001 711 1102 776 14.
1131 710 1301 775 Fecit
1321 711 1583 792 insuper
1601 711 1888 776 undecim
1911 710 2183 774 cortinas
2205 728 2237 771 c
2259 728 2478 789 capra-

523 821 668 866 rum
702 800 862 883 pilis
904 799 970 863 in
1007 797 1334 863 tentorium
1377 816 1568 876 super
1608 794 2090 862 tabernaculum.
2162 793 2261 861 15.
2309 794 2473 859 Lon-

520 887 737 971 qitudo
795 885 1065 949 cortinae
1105 883 1303 947 unius
1357 882 1622 964 triqinta
1663 882 2038 959 cubitorum,
2097 885 2155 945 et
2211 884 2477 962 quatuor

524 973 868 1040 cubitorum
922 970 1182 1035 latitudo
1235 969 1510 1033 cortinae
1556 969 1753 1034 unius
1768 1019 1784 1045 ,
1835 987 2132 1033 mensura
2177 986 2310 1031 una
2343 969 2477 1030 erat
2502 966 2516 978 '

523 1058 812 1124 undecim
885 1057 1155 1121 cortinis.
1246 1053 1346 1118 16.
1434 1051 1773 1119 Coniunxit
1855 1055 2126 1135 quinque
2203 1053 2478 1117 cortinas

522 1163 833 1220 seorsum,
895 1148 952 1207 et
1007 1160 1118 1206 sex
1180 1141 1452 1205 cortinas
1515 1159 1807 1205 seorsum.
1899 1139 2000 1205 17.
2072 1137 2244 1204 Fecit
2286 1137 2477 1202 etiam

527 1228 836 1312 laqueolos
894 1227 1350 1309 quinquaqinta
1408 1225 1480 1290 in
1544 1245 1658 1289 ora
1720 1226 1994 1291 cortinae
2041 1229 2318 1290 extrema
2335 1275 2350 1302 ‚
2404 1223 2476 1288 in

522 1314 972 1383 coniunctione.-
1025 1312 1483 1395 quinquaqinta
1526 1312 1671 1376 item
1718 1311 2027 1394 laqueolos
2064 1311 2209 1392 fecit
2251 1311 2321 1374 in
2362 1329 2476 1374 ora

525 1402 816 1477 cortinae,
862 1401 933 1463 in
975 1398 1391 1464 coniunctione
1434 1398 1723 1462 secunda.
1798 1398 1894 1463 18.
1943 1396 2119 1461 Fecit
2147 1399 2477 1476 praeterea

524 1487 782 1553 uncinos
835 1504 1046 1551 aereos
1091 1483 1552 1566 quinquaqinta
1609 1484 1695 1548 ad
1749 1482 2240 1565 coniunqendum
2286 1486 2473 1545 tento-

524 1575 725 1649 rium,
772 1577 842 1637 ut
883 1575 1039 1636 esset
1073 1589 1287 1634 unum.
1366 1569 1465 1633 19.
1517 1567 1687 1633 Fecit
1729 1570 1992 1650 insuper
2033 1570 2475 1652 operimentum

528 1659 788 1726 tentorio
821 1678 854 1721 e
886 1654 1156 1738 pellibus
1203 1656 1470 1721 arietum
1510 1655 1877 1729 rubricatis,
1934 1659 1992 1719 et
2033 1655 2476 1735 operimentum

522 1744 855 1896 {stifft
885 1740 1656 1911 ΞΜὝἝ
1696 1737 2476 1892 mimam-‘⁰⁶22

524 1921 662 1983 erat
705 1914 1016 1998 lonqitudo
1060 1912 1338 1990 tabulae,
1393 1913 1580 1978 cubiti
1630 1933 1768 1977 vero
1824 1917 1881 1977 et
1923 1911 2179 1976 dimidii
2213 1910 2477 1975 latitudo

525 2002 790 2067 tabulae.
880 1999 981 2063 22.
1050 1997 1198 2064 Duo
1239 1999 1527 2064 cardines
1585 2003 1761 2063 erant
1823 1998 2072 2063 tabulae
2112 1998 2225 2062 uni
2269 1998 2477 2061 instar

524 2088 847 2153 scalarum
876 2085 1119 2168 qradus
1151 2084 1462 2164 dispositi,
1507 2083 1660 2147 alter
1701 2106 1733 2150 e
1766 2085 2009 2165 reqione
2051 2083 2341 2147 alterius:
2384 2083 2478 2146 sic

524 2174 673 2256 fecit
714 2172 998 2237 omnibus
1041 2169 1271 2235 tabulis
1324 2170 1724 2235 tabernaculi.
1815 2169 1917 2234 23.
1987 2168 2161 2234 Fecit
2217 2168 2478 2248 inquam

528 2258 774 2325 tabulas
827 2256 1257 2333 tabernaculo,
1324 2256 1549 2338 viqinti
1603 2254 1851 2321 tabulas
1909 2255 1994 2320 ad
2049 2255 2215 2319 latus
2268 2253 2478 2318 austri

529 2346 616 2411 ad
673 2344 1015 2409 meridiem.
1117 2341 1218 2406 24.
1287 2340 1375 2405 Et
1436 2342 1856 2426 quadraqinta
1919 2340 2096 2405 bases
2159 2344 2481 2422 arqenteas

527 2432 673 2514 fecit
727 2428 843 2495 sub
899 2429 1125 2511 viqinti
1175 2427 1438 2505 tabulis,
1492 2428 1656 2493 duas
1712 2428 1893 2493 bases
1932 2427 2047 2491 sub
2083 2425 2305 2510 ,tabula
2348 2445 2479 2489 una

524 2538 645 2600 pro
678 2515 924 2581 duabus
956 2515 1398 2579 incastraturis
1432 2515 1585 2592 eius,
1623 2518 1676 2578 et
1707 2514 1874 2579 duas
1909 2513 2085 2578 bases
2116 2510 2232 2575 sub
2265 2511 2479 2576 tabula

531 2602 732 2668 altera
784 2620 904 2682 pro
967 2599 1216 2666 duabus
1264 2599 1706 2664 incastraturis
1745 2600 1900 2663 eius.
1989 2598 2092 2662 25.
2163 2597 2247 2661 In
2290 2597 2481 2662 latere

529 2708 671 2754 vero
715 2685 1100 2752 tabernaculi
1141 2685 1430 2760 secundo,
1495 2705 1710 2767 nempe
1751 2686 1822 2749 in
1864 2684 2054 2749 latere
2094 2683 2476 2766 aquilonari,

528 2774 675 2856 fecit
714 2773 938 2856 viqinti
970 2771 1237 2837 tabulas.
1304 2771 1408 2836 26.
1471 2767 1563 2836 Et
1595 2770 2014 2853 quadraqinta
2048 2771 2227 2835 bases
2262 2787 2479 2833 earum

531 2864 884 2943 arqenteas,
940 2858 1104 2922 duas
1146 2856 1321 2921 bases
1361 2857 1476 2921 sub
1512 2856 1733 2922 tabula
1775 2877 1939 2931 una,
1998 2861 2054 2922 et
2095 2857 2260 2921 duas
2301 2855 2480 2919 bases

532 2945 649 3012 sub
705 2945 919 3010 tabula
975 2943 1190 3008 altera.
1280 2942 1385 3007 27.
1454 2941 1540 3007 In
1594 2943 1781 3008 latere
1839 2946 2044 3007 autem
2093 2940 2479 3006 tabernaculi

534 3032 624 3097 ad
681 3032 1040 3097 occidentem
1111 3028 1255 3110 fecit
1309 3048 1420 3093 sex
1473 3029 1736 3094 tabulas.
1825 3028 1928 3093 28.
1996 3027 2186 3094 Duas
2231 3026 2480 3091 tabulas

529 3117 675 3200 fecit
716 3116 970 3200 anqulis
1000 3113 1383 3180 tabernaculi
1424 3115 1497 3178 in
1539 3114 1780 3180 duobus
1819 3113 2135 3179 lateribus.
2224 3113 2326 3178 29.
2393 3112 2483 3176 Et

532 3208 711 3269 erant
751 3203 939 3283 quasi
975 3200 1263 3283 qemellae
1307 3200 1562 3282 inferne,
1597 3206 1653 3264 et
1674 3201 1922 3283 pariter
1962 3200 2151 3281 quasi
2190 3198 2481 3282 qemellae

532 3290 605 3354 in
646 3289 998 3353 summitate
1040 3287 1191 3363 eius,
1228 3287 1299 3350 in
1330 3286 1633 3351 circulum
1664 3306 1895 3351 unum.-
1930 3287 2021 3352 sic
2059 3286 2202 3367 fecit
2232 3285 2482 3366 utriwe

532 3376 603 3440 in
645 3374 891 3439 duobus
932 3373 1200 3455 anqulis.
1288 3371 1392 3436 30.
1464 3371 1756 3437 Fuerunt
1793 3373 2003 3453 itaque
2050 3376 2176 3436 octo
2218 3370 2480 3449 tabulae,

534 3465 591 3527 et
652 3458 831 3524 bases
888 3478 1108 3523 earum
1170 3463 1494 3541 arqenteae
1555 3459 1842 3537 sedecim,
1900 3458 2078 3522 bases
2134 3455 2317 3522 binae
2367 3456 2483 3522 sub

534 3545 806 3629 qualibet
863 3543 1093 3609 tabula.
1198 3543 1301 3608 31.
1366 3542 1541 3609 Fecit
1582 3549 1639 3608 et
1690 3548 1882 3608 vectes
1935 3564 1968 3607 e
2021 3543 2213 3626 liqnis
2266 3543 2485 3621 sittim,

534 3632 806 3715 quinque
838 3650 963 3711 pro
1005 3630 1236 3695 tabulis
1279 3630 1471 3694 unius
1523 3630 1741 3694 lateris
1783 3629 2198 3694 tabernaculi:
2244 3627 2345 3694 32.
2394 3628 2484 3692 Et

533 3717 802 3801 quinque
842 3721 1033 3783 vectes
1062 3736 1186 3797 pro
1227 3715 1461 3780 tabulis
1480 3714 1742 3780 alterius
1778 3713 2174 3793 tabernaculi,
2218 3720 2273 3779 et
2294 3716 2481 3796 quin-

532 3823 649 3887 que
690 3808 887 3868 vectes
916 3821 1043 3882 pro
1085 3801 1316 3866 tabulis
1356 3801 1573 3866 lateris
1614 3801 2029 3880 tabernaculi,
2072 3801 2143 3865 in
2183 3800 2483 3865 lateribus

533 3888 771 3955 duobus
803 3888 890 3953 ad
932 3888 1311 3953 occidentem.
1401 3885 1503 3951 33.
1552 3884 1726 3952 Fecit
1759 3888 1904 3952 item
1936 3892 2158 3953 vectem
2191 3887 2481 3964 medium,

532 3980 606 4040 ut
658 3975 951 4039 transiret
998 3993 1117 4054 per
1172 3971 1450 4037 medium
1503 3973 1897 4052 tabularum,
1952 3972 2031 4037 ab
2087 3977 2353 4038 extremo
2397 3972 2483 4037 ad

531 4064 890 4126 extremum.
970 4058 1073 4124 34.
1139 4057 1413 4123 Tabulas
1454 4063 1660 4124 autem
1713 4060 1866 4123 texit
1907 4079 2079 4136 auro,
2123 4063 2177 4122 et
2219 4058 2486 4123 annulos

533 4166 757 4211 earum
794 4145 943 4228 fecit
983 4165 1061 4209 ex
1105 4164 1292 4222 auro,
1325 4164 1447 4224 per
1497 4165 1649 4225 quos
1700 4145 2138 4210 traiicerentur
2169 4149 2389 4208 vectes:
2429 4148 2484 4208 et

533 4233 688 4298 texit
726 4236 918 4297 vectes
958 4251 1135 4295 auro,
1203 4228 1305 4295 35.
1353 4229 1527 4295 Fecit
1551 4232 1739 4295 etiam
1778 4230 1981 4295 velum
2021 4249 2097 4293 ex
2138 4228 2481 4313 hyacintho,

534 4323 590 4383 et
620 4337 924 4398 purpura
965 4320 1020 4381 et
1059 4315 1389 4380 vermiculo
1431 4317 1615 4395 cocci,
1673 4321 1730 4381 et
1767 4317 1946 4399 bysso
1987 4319 2252 4381 retorta:
2306 4335 2484 4396 opere

525 4402 938 4487 phryqionico
980 4402 1126 4483 fecit
1168 4401 1344 4481 illud,
1388 4420 1529 4489 cum
1564 4402 1795 4485 fiquris
1833 4399 2178 4467 Cherubim.
2245 4401 2348 4466 36.
2395 4399 2486 4464 Et

532 4489 678 4573 fecit
728 4488 831 4553 illi
882 4492 1149 4569 quatuor
1201 4486 1519 4552 columnas
1574 4488 1650 4553 de
1699 4488 1890 4571 liqnis
1941 4487 2169 4566 sittim,
2227 4491 2283 4551 et
2335 4487 2486 4551 texit

534 4595 644 4641 eas
697 4593 881 4639 auro:
936 4574 1154 4639 uncini
1210 4577 1414 4637 autem
1469 4592 1690 4638 earum
1730 4578 1907 4638 erant
1948 4573 2165 4637 aurei.-
2218 4578 2275 4638 et
2314 4572 2486 4653 fudit

534 4662 630 4812 231⁹
680 4746 905 4813 ostium
968 4658 1516 4810 alimini?
1524 4657 2485 4827 'hyggintfoedtuqffluffuss

536 4832 872 4898 vermiculo
925 4831 1079 4894 cocci
1096 4879 1111 4906 ,
1176 4834 1232 4894 et
1286 4830 1464 4912 bysso
1520 4836 1750 4896 retorta
1765 4880 1780 4909 ,
1845 4850 2025 4913 opere
2055 4830 2479 4914 phryqionico.

538 4918 643 4983 38.
681 4917 769 4983 Et
799 4917 1117 4983 columnas
1148 4916 1286 4981 eius
1320 4916 1606 4999 quinque,
1643 4922 1700 4982 et
1733 4919 1994 4982 uncinos
2024 4936 2276 4981 eamn.-
2308 4918 2485 4981 textit·

536 5024 655 5085 que
713 5004 925 5084 capita
986 5021 1230 5081 earum,
1288 5006 1343 5064 et
1389 5002 1507 5083 fila
1547 5023 1657 5068 eas
1699 5004 2007 5086 cinqentia
2051 5022 2241 5080 auro,
2306 5003 2485 5068 bases

538 5094 745 5154 autem
773 5109 994 5154 earum
1036 5089 1308 5170 quinque
1349 5108 1583 5154 aereas.

714 5260 771 5325 1.
841 5260 1016 5327 Fecit
1079 5279 1219 5341 erqo
1278 5258 1557 5325 Beseleel
1612 5264 1669 5325 et
1710 5259 1997 5325 Aholiab.
2089 5259 2483 5343 Quanquam

538 5345 814 5413 verbosa
846 5348 1061 5430 potuit
1089 5344 1294 5412 videri
1317 5345 1659 5428 prolixitas
1694 5367 1895 5430 quum
1933 5359 2230 5411 narraret
2266 5346 2482 5412 Deum

2580 634 2927 705 praecepta
2991 621 3071 688 de
3128 621 3527 688 exstruendo
3591 622 4007 688 tabernaculo
4072 621 4355 688 dedisse:
4421 622 4532 691 hic

2581 725 2799 772 tamen
2880 706 3110 773 iisdem
3180 729 3378 791 prope
3446 707 3661 774 verbis
3740 707 4012 773 eandem
4078 709 4529 776 narrationem

2581 795 2848 859 retexit:
2887 793 3002 858 sed
3041 795 3287 877 optimo
3321 794 3593 860 consilio
3628 804 3696 859 et
3732 795 4004 859 ratione.
4083 793 4316 878 Magni
4350 797 4529 862 enim

2578 878 2911 958 interfuit,
2971 901 3054 945 ex
3119 881 3607 963 comparatione
3684 880 3963 963 perspici
4035 900 4233 963 quam
4298 893 4528 949 exacte

2580 967 2843 1048 opifices
2897 967 3118 1030 omnia
3174 964 3257 1031 ad
3318 987 3614 1031 normam
3681 964 4003 1031 divinitus
4060 967 4341 1049 positam
4396 968 4529 1034 for·

2582 1061 2893 1117 mussent.
2980 1052 3213 1134 Neque
3265 1052 3333 1117 id
3392 1052 3606 1117 solum
3650 1052 3721 1116 in
3777 1051 4039 1118 landem
4093 1073 4318 1116 eorum
4375 1055 4528 1121 obe-

2581 1136 2895 1203 dientiae:
2940 1138 3055 1202 sed
3100 1139 3249 1220 quia
3293 1139 3359 1202 in
3405 1145 3543 1202 tota
3585 1146 3916 1203 structura
3949 1136 4117 1202 nihil
4159 1137 4526 1206 humanum

2582 1244 2723 1290 esse
2765 1225 3072 1308 oportuit.
3143 1222 3464 1303 Quamvis
3499 1225 3669 1288 enim
3719 1243 3982 1306 operam
4027 1244 4218 1289 suam
4259 1235 4527 1294 strenue

2581 1331 2697 1391 pro
2741 1331 2811 1375 se
2855 1311 3125 1392 quisque
3167 1308 3644 1392 impenderint:
3705 1309 3887 1375 nefas
3940 1319 4161 1376 tamen
4205 1310 4334 1376 fuit
4376 1332 4526 1395 pro-

2581 1395 2744 1478 priis
2786 1394 3272 1460 inventionibus
3308 1395 3416 1461 vel
3453 1394 3784 1459 tantillum
3832 1394 4154 1461 tribuere:
4190 1397 4322 1461 imo
4367 1397 4528 1465 haec

2580 1482 2750 1547 sacri
2794 1481 3072 1546 aedificii
3118 1481 3483 1563 profanatio
3527 1481 3773 1559 fuisset,
3817 1502 3950 1546 non
3995 1482 4178 1564 sequi
4221 1483 4398 1548 omni
4443 1505 4527 1551 ex

2581 1574 2766 1649 parte
2823 1567 2992 1650 quod
3056 1576 3191 1631 tam
3257 1567 3372 1631 dili
3421 1577 3607 1632 enter
3674 1566 3844 1632 Mosi
3911 1567 4224 1632 dictatum
4292 1569 4526 1637 fuerat.

2580 1651 2775 1733 Quod
2815 1654 3030 1718 valere
3065 1653 3287 1718 debuit
3323 1589 3420 1716 a}
3440 1653 3615 1737 ipsos
3650 1653 3716 1716 in
3747 1663 4077 1736 posterum
4114 1653 4528 1737 cohibendos,

2581 1761 2665 1804 ne
2708 1738 2862 1822 quid
2908 1739 3252 1816 mutando,
3299 1739 3402 1803 vel
3447 1738 3781 1816 novand0‚
3827 1740 4175 1823 imperium
4213 1740 4340 1805 Dei
4385 1742 4528 1808 vio-

2580 1826 2811 1890 larent.
2904 1825 3052 1890 Non
3122 1824 3432 1890 tenebant
3496 1823 3757 1908 quidem
3824 1826 4120 1890 omnium
4183 1826 4528 1908 rationem,

2582 1920 2714 1975 tam
2740 1911 2812 1974 in
2840 1933 3109 1976 numero
3148 1932 3341 1993 quam
3366 1911 3436 1974 in
3473 1929 3819 1976 mensura:
3855 1909 3970 1975 sed
4005 1930 4350 1993 persuasos
4385 1934 4529 1980 esse

2580 1998 2871 2080 oportuit
2929 1998 3145 2062 Deum
3200 1996 3366 2061 nihil
3428 2008 3672 2062 temere
3717 1996 4006 2062 iussisse.
4095 1997 4273 2063 Hinc
4331 1999 4529 2063 etiam

2581 2083 2747 2167 erigi
2791 2082 3009 2148 decuit
3043 2104 3268 2148 eorum
3312 2095 3564 2147 mentes
3601 2081 3683 2146 ad
3727 2084 4002 2148 coeleste
4047 2084 4413 2167 exemplar,
4453 2094 4532 2149 ut

2581 2168 2663 2233 ad
2741 2170 3002 2252 plenam
3070 2171 3210 2233 eius
3289 2167 3887 2234 manifestationem
3967 2170 4307 2248 mysteria,
4379 2170 4532 2237 licet

2581 2255 2890 2333 obscura,
2948 2263 3329 2321 reverenter
3386 2255 3809 2337 suspicerent.
3899 2253 4271 2320 Verborum
4306 2256 4529 2340 itaque

2582 2340 2880 2424 repetitio
2925 2362 3045 2404 nos
3091 2340 3397 2406 admonet
3432 2362 3627 2423 quam
3672 2341 3989 2406 concinne
4025 2342 4416 2424 respondeat
4456 2343 4528 2408 in

2583 2436 2915 2492 structura
2966 2427 3311 2491 hominum
3369 2427 3551 2491 labor
3608 2437 3676 2491 et
3741 2428 4090 2492 artificium
4161 2428 4288 2492 Dei
4341 2448 4527 2511 prae-

2585 2526 2790 2595 cepto.

2754 2599 2813 2662 2.
2857 2598 3030 2664 Nam
3046 2599 3284 2664 vocavit
3307 2597 3518 2663 Moses
3539 2598 3830 2664 Beseleel.
3887 2598 4031 2663 Non
4077 2600 4193 2665 abs
4222 2620 4295 2664 re
4339 2600 4531 2667 toties

2585 2685 2651 2748 in
2689 2685 2992 2750 acumine
3041 2685 3107 2748 in
3159 2686 3290 2748 enii
3327 2697 3394 2749 et
3437 2686 3595 2749 artis
3632 2686 3867 2768 peritia
3900 2686 4172 2768 spiritus
4209 2685 4336 2750 Dei
4379 2708 4530 2771 gra-

2586 2770 2744 2834 tiam
2805 2706 3220 2835 commenffat
3285 2771 3518 2835 Moses.
3608 2770 3839 2836 Priore
3902 2769 4161 2853 quidem
4228 2772 4367 2837 loco
4432 2793 4533 2838 ar·

2584 2856 2900 2922 chitectos
2959 2856 3228 2922 solertes
3281 2867 3505 2921 vocat:
3560 2855 3676 2922 sed
3732 2877 3882 2921 mox
3929 2857 4345 2922 correctionis
4387 2860 4532 2925 vice

2587 2942 2812 3007 adiicit
2864 2941 3184 3007 divinitus
3234 2945 3587 3008 instructos
3642 2942 3847 3008 fuisse
3901 2941 4021 3006 tali
4073 2941 4551 3027 intelligentia„

2586 3026 2736 3108 Quo
2767 3027 3091 3093 refellitur
3138 3029 3536 3113 papistarum
3579 3028 3932 3108 insulsitas,
3976 3024 4210 3112 quibus
4254 3028 4338 3095 ad
4380 3050 4532 3113 pro·

2587 3113 2875 3179 bandum
2935 3113 3210 3178 liberum
3269 3114 3609 3179 arbitrium
3668 3113 3832 3179 satis
3888 3124 3989 3179 est
4032 3113 4206 3180 locos
4242 3116 4533 3199 arripere

2585 3199 2698 3265 ubi
2756 3210 2934 3265 recta
2990 3200 3289 3265 voluntas
3332 3198 3655 3265 laudatur.
3741 3198 3949 3283 Atqui
4005 3201 4309 3283 quamvis
4353 3213 4531 3269 recte

2586 3287 2798 3352 velint
2832 3286 3163 3367 homines,
3207 3286 3407 3351 stulte
3450 3285 3604 3350 inde
3645 3284 3968 3369 colligunt
4010 3285 4216 3352 libero
4260 3286 4531 3353 arbitrio

2634 3372 2916 3439 raeditos
2979 3394 3152 3452 esse,
3220 3372 3347 3437 nisi
3413 3371 3864 3437 demonstrent
3929 3370 4100 3437 velle
4159 3392 4199 3436 a
4242 3393 4313 3438 se
4349 3375 4527 3456 ipsis.

2584 3394 2817 3541 {taque
2862 3457 3033 3541 quod
3092 3457 3391 3541 sequitur
3448 3459 3515 3522 in
3566 3466 3911 3537 contextu,
3971 3457 4266 3548 singulos
4310 3459 4391 3524 ad
4436 3461 4531 3526 fa-

2587 3544 2834 3610 bricam
2880 3542 3281 3610 tabernaculi
3323 3544 3431 3609 vel
3476 3563 3705 3625 operas
3748 3542 3857 3608 vel
3901 3544 4333 3610 substantiam
4381 3565 4532 3611 con-

2584 3629 2833 3709 tulisse,
2870 3640 3065 3712 prout
3098 3630 3295 3694 corda
3330 3650 3450 3694 sua
3484 3630 3957 3706 excitaverant,
3995 3651 4123 3694 non
4153 3630 4247 3694 ita
4269 3640 4530 3698 autores

2586 3716 2674 3798 pii
2719 3715 2990 3783 affectus
3034 3716 3192 3781 facit
3234 3715 3550 3792 homines,
3586 3726 3664 3780 ut
3700 3716 3914 3781 Deum
3961 3713 4152 3779 laude
4195 3736 4314 3780 sua
4355 3717 4535 3782 frau-

2586 3802 2714 3865 det.
2803 3800 3195 3886 Intelligunt
3257 3802 3465 3886 igitur
3529 3802 3858 3873 homines,
3931 3801 4291 3866 voluntarii
4356 3816 4531 3880 sunt,

2586 3908 2657 3953 se
2702 3888 2877 3970 ipsos
2934 3889 3231 3952 animant
3274 3888 3357 3952 ad
3393 3899 3651 3953 sanctos
3693 3902 3993 3952 conatus:
4039 3886 4152 3950 sed
4199 3890 4536 3970 quaeritur

2586 3971 2763 4038 unde
2796 3971 3246 4056 intelligentia.
3284 3973 3594 4038 voluntas
3630 3981 3695 4037 et
3731 3971 4020 4036 studium
4058 3974 4224 4038 bene
4260 3974 4532 4058 agendi:

2586 4079 2755 4143 quae
2825 4061 3151 4142 scriptura
3216 4059 3610 4142 pronunciat
3674 4057 3835 4135 Dei,
3904 4069 3969 4122 et
4035 4058 4308 4141 spiritus
4363 4060 4537 4127 dona

2586 4165 2747 4224 esse,
2795 4165 3133 4227 perperam
3179 4145 3303 4210 sibi
3346 4146 3641 4227 papistae
3685 4156 4012 4227 arrogant.

2757 4230 2816 4296 3.
2892 4230 3307 4314 Tuleruntque
3359 4251 3403 4296 a
3462 4230 3630 4312 facie
3673 4229 3898 4295 Mosis.
3991 4230 4122 4296 Hic
4164 4230 4537 4297 ostenditur

2547 4317 2873 4400 ,primum
2933 4316 3249 4382 sedulitas
3316 4327 3381 4381 et
3445 4314 3791 4398 prudentia
3861 4328 3994 4381 tam
4064 4316 4274 4381 Mosis
4336 4338 4534 4400 quam

2588 4404 2945 4479 artificum,
3003 4401 3238 4468 deinde
3290 4404 3486 4466 etiam
3538 4403 3898 4485 integritas.
3990 4402 4391 4470 Prudentiae
4433 4411 4535 4470 est

2586 4488 2757 4572 quod
2830 4489 3170 4553 materiam
3250 4489 3421 4552 inter
3499 4510 3570 4553 se
3641 4488 4076 4553 distribuunt:
4152 4489 4533 4573 diligentiae

2590 4594 2744 4639 vero
2779 4572 2948 4657 quod
2983 4574 3112 4639 cito
3149 4594 3414 4639 manum
3451 4571 3804 4639 admovent
3844 4575 4058 4657 operi,
4096 4595 4219 4640 nec
4261 4595 4530 4659 exspec-

2586 4670 2734 4725 tant
2779 4659 2935 4724 dum
2979 4670 3282 4741 suppetat
3324 4667 3641 4743 quantum
3687 4660 3847 4724 satis
3893 4660 3982 4724 sit
4023 4660 4106 4725 ad
4151 4680 4317 4743 opus
4359 4681 4529 4727 com-

2586 4745 2921 4831 plendum.
3035 4746 3242 4810 Porro
3321 4766 3538 4810 raram
3639 4745 4091 4829 integritatem
4183 4756 4529 4825 testantur,

2587 4832 2746 4897 dum
2803 4832 2980 4897 ultro
3032 4831 3387 4896 admonent
3440 4831 3738 4896 sufficere
3781 4829 3952 4913 quod
4000 4830 4227 4896 datum
4272 4843 4405 4911 est,
4465 4840 4534 4898 et

2586 4920 2787 4984 finem
2831 4917 3178 4998 imponunt
3220 4916 3652 4983 oblationibus
3670 4967 3686 4996 ,
3744 4937 3827 4980 ne
3871 4915 4136 4982 modum
4186 4917 4525 4983 excedant.

2589 5003 2877 5082 Scimus,
2923 5003 3030 5067 ubi
3074 5000 3226 5067 data
3269 5011 3372 5068 est
3410 5003 3660 5069 occulte
3698 5001 3963 5067 furandi
4005 5006 4286 5083 occasio,
4331 5023 4527 5087 quam

2588 5090 2775 5172 pauci
2810 5110 2883 5154 se
2916 5089 3312 5154 contineant.
3373 5087 3566 5169 Quod
3603 5088 3662 5153 si
3696 5088 3953 5154 animus
3995 5089 4167 5155 absit
4204 5110 4244 5154 a
4278 5089 4527 5170 fraude,

2586 5174 2856 5241 ambitio
2898 5188 3119 5238 tamen
3162 5175 3509 5259 plerosque
3548 5174 3887 5256 sollicitat,
3933 5186 4005 5239 ut
4048 5177 4282 5258 cupide
4325 5196 4526 5260 appe-

2590 5271 2734 5326 tant
2768 5260 3115 5343 largiorem
3150 5282 3346 5343 quam
3386 5281 3504 5342 par
3538 5261 3625 5324 sit
3658 5260 3912 5343 copiam
3956 5268 4256 5328 tractare.
4324 5263 4527 5328 Vide-

2587 5367 2737 5412 mus
2812 5347 3031 5429 itaque
3108 5355 3183 5411 ut
3251 5347 3430 5411 Deus
3493 5365 3721 5412 omnes
3786 5346 3869 5412 ad
3936 5368 4099 5430 opus
4165 5347 4527 5414 sanctuarii
