<?xml version="1.0" encoding="UTF-8"?>
<!DOCTYPE html PUBLIC "-//W3C//DTD XHTML 1.0 Transitional//EN"
    "http://www.w3.org/TR/xhtml1/DTD/xhtml1-transitional.dtd">
<html xmlns="http://www.w3.org/1999/xhtml" xml:lang="en" lang="en">
 <head>
  <title>
</title>
<meta http-equiv="Content-Type" content="text/html;charset=utf-8" />
  <meta name='ocr-system' content='tesseract 3.04.00' />
  <meta name='ocr-capabilities' content='ocr_page ocr_carea ocr_par ocr_line ocrx_word'/>
</head>
<body>
  <div class='ocr_page' id='page_1' title='image "./ioanniscalvinio06unkngoog_0159.png"; bbox 0 0 5017 6142; ppageno 0'>
   <div class='ocr_carea' id='block_1_1' title="bbox 69 5501 74 6019">
    <p class='ocr_par' dir='ltr' id='par_1_1' title="bbox 69 5501 74 6019">
     <span class='ocr_line' id='line_1_1' title="bbox 69 5501 74 6019; baseline 0 0"><span class='ocrx_word' id='word_1_1' title='bbox 69 5501 74 6019; x_wconf 95' lang='lat' dir='ltr'><strong> </strong></span> 
     </span>
    </p>
   </div>
   <div class='ocr_carea' id='block_1_2' title="bbox 431 480 558 548">
    <p class='ocr_par' dir='ltr' id='par_1_2' title="bbox 431 480 558 548">
     <span class='ocr_line' id='line_1_2' title="bbox 431 480 558 548; baseline -0.016 0"><span class='ocrx_word' id='word_1_2' title='bbox 431 480 558 548; x_wconf 81' lang='lat'><strong>293</strong></span> 
     </span>
    </p>
   </div>
   <div class='ocr_carea' id='block_1_3' title="bbox 431 667 2393 5478">
    <p class='ocr_par' dir='ltr' id='par_1_3' title="bbox 431 667 2393 5478">
     <span class='ocr_line' id='line_1_3' title="bbox 431 667 2380 754; baseline -0.003 -18"><span class='ocrx_word' id='word_1_3' title='bbox 431 680 574 749; x_wconf 91' lang='lat' dir='ltr'><strong>tur,</strong></span> <span class='ocrx_word' id='word_1_4' title='bbox 657 667 889 734; x_wconf 91' lang='lat' dir='ltr'><strong>deinde</strong></span> <span class='ocrx_word' id='word_1_5' title='bbox 969 688 1328 752; x_wconf 84' lang='lat' dir='ltr'><strong>pronomen</strong></span> <span class='ocrx_word' id='word_1_6' title='bbox 1393 668 1566 734; x_wconf 86' lang='lat' dir='ltr'><strong>Eum</strong></span> <span class='ocrx_word' id='word_1_7' title='bbox 1650 667 1952 754; x_wconf 88' lang='lat' dir='ltr'><strong>designat</strong></span> <span class='ocrx_word' id='word_1_8' title='bbox 2012 667 2380 753; x_wconf 90' lang='lat' dir='ltr'><strong>quempiam</strong></span> 
     </span>
     <span class='ocr_line' id='line_1_4' title="bbox 431 752 2382 834; baseline -0.004 -10"><span class='ocrx_word' id='word_1_9' title='bbox 431 756 619 824; x_wconf 87' lang='lat' dir='ltr'><strong>cuius</strong></span> <span class='ocrx_word' id='word_1_10' title='bbox 682 753 972 821; x_wconf 90' lang='lat' dir='ltr'><strong>nondum</strong></span> <span class='ocrx_word' id='word_1_11' title='bbox 1037 753 1210 821; x_wconf 86' lang='lat' dir='ltr'><strong>facta</strong></span> <span class='ocrx_word' id='word_1_12' title='bbox 1274 754 1400 821; x_wconf 89' lang='lat' dir='ltr'><strong>fuit</strong></span> <span class='ocrx_word' id='word_1_13' title='bbox 1464 755 1740 834; x_wconf 86' lang='lat' dir='ltr'><strong>mentio,</strong></span> <span class='ocrx_word' id='word_1_14' title='bbox 1812 755 1935 821; x_wconf 92' lang='lat' dir='ltr'><strong>hoc</strong></span> <span class='ocrx_word' id='word_1_15' title='bbox 1996 773 2156 820; x_wconf 91' lang='lat' dir='ltr'><strong>vero</strong></span> <span class='ocrx_word' id='word_1_16' title='bbox 2221 752 2382 819; x_wconf 88' lang='lat' dir='ltr'><strong>satis</strong></span> 
     </span>
     <span class='ocr_line' id='line_1_5' title="bbox 433 838 2385 925; baseline -0.003 -17"><span class='ocrx_word' id='word_1_17' title='bbox 433 844 662 908; x_wconf 86' lang='lat' dir='ltr'><strong>tritum</strong></span> <span class='ocrx_word' id='word_1_18' title='bbox 707 848 807 908; x_wconf 89' lang='lat' dir='ltr'><strong>est</strong></span> <span class='ocrx_word' id='word_1_19' title='bbox 849 839 1202 919; x_wconf 81' lang='lat' dir='ltr'><strong>Hebraeis,</strong></span> <span class='ocrx_word' id='word_1_20' title='bbox 1247 841 1631 925; x_wconf 83' lang='lat' dir='ltr'><strong>praesertim</strong></span> <span class='ocrx_word' id='word_1_21' title='bbox 1676 840 1788 907; x_wconf 89' lang='lat' dir='ltr'><strong>ubi</strong></span> <span class='ocrx_word' id='word_1_22' title='bbox 1834 840 1915 904; x_wconf 92' lang='lat' dir='ltr'><strong>de</strong></span> <span class='ocrx_word' id='word_1_23' title='bbox 1959 838 2385 924; x_wconf 82' lang='lat' dir='ltr'><strong>lerosolyma,</strong></span> 
     </span>
     <span class='ocr_line' id='line_1_6' title="bbox 431 925 2382 1010; baseline -0.003 -17"><span class='ocrx_word' id='word_1_24' title='bbox 431 927 543 993; x_wconf 91' lang='lat' dir='ltr'><strong>vel</strong></span> <span class='ocrx_word' id='word_1_25' title='bbox 585 927 730 993; x_wconf 90' lang='lat' dir='ltr'><strong>Deo</strong></span> <span class='ocrx_word' id='word_1_26' title='bbox 748 978 762 1007; x_wconf 94' lang='lat'>‚</span> <span class='ocrx_word' id='word_1_27' title='bbox 815 926 918 992; x_wconf 93' lang='lat' dir='ltr'><strong>vel</strong></span> <span class='ocrx_word' id='word_1_28' title='bbox 965 925 1045 992; x_wconf 92' lang='lat' dir='ltr'><strong>de</strong></span> <span class='ocrx_word' id='word_1_29' title='bbox 1089 926 1510 993; x_wconf 87' lang='lat' dir='ltr'><strong>celeberrimo</strong></span> <span class='ocrx_word' id='word_1_30' title='bbox 1555 927 1770 1009; x_wconf 88' lang='lat' dir='ltr'><strong>aliquo</strong></span> <span class='ocrx_word' id='word_1_31' title='bbox 1831 926 2092 991; x_wconf 91' lang='lat' dir='ltr'><strong>homine</strong></span> <span class='ocrx_word' id='word_1_32' title='bbox 2147 927 2382 1010; x_wconf 89' lang='lat' dir='ltr'><strong>agitur.</strong></span> 
     </span>
     <span class='ocr_line' id='line_1_7' title="bbox 432 1011 2386 1098; baseline -0.003 -17"><span class='ocrx_word' id='word_1_33' title='bbox 432 1016 619 1098; x_wconf 85' lang='lat' dir='ltr'><strong>Ergo</strong></span> <span class='ocrx_word' id='word_1_34' title='bbox 662 1011 789 1076; x_wconf 76' lang='grc' dir='ltr'><strong>κατ’</strong></span> <span class='ocrx_word' id='word_1_35' title='bbox 823 1011 1030 1095; x_wconf 75' lang='grc' dir='ltr'><em>ἑξοχῆν</em></span> <span class='ocrx_word' id='word_1_36' title='bbox 1086 1011 1438 1078; x_wconf 89' lang='lat' dir='ltr'><strong>relativum</strong></span> <span class='ocrx_word' id='word_1_37' title='bbox 1497 1011 1606 1077; x_wconf 89' lang='lat' dir='ltr'><strong>hic</strong></span> <span class='ocrx_word' id='word_1_38' title='bbox 1644 1013 1912 1096; x_wconf 89' lang='lat' dir='ltr'><strong>ponitur</strong></span> <span class='ocrx_word' id='word_1_39' title='bbox 1959 1031 2080 1095; x_wconf 90' lang='lat' dir='ltr'><strong>pro</strong></span> <span class='ocrx_word' id='word_1_40' title='bbox 2125 1018 2386 1077; x_wconf 88' lang='lat' dir='ltr'><strong>antece-</strong></span> 
     </span>
     <span class='ocr_line' id='line_1_8' title="bbox 436 1096 2386 1182; baseline -0.003 -17"><span class='ocrx_word' id='word_1_41' title='bbox 436 1099 650 1166; x_wconf 80' lang='lat' dir='ltr'><strong>dente.</strong></span> <span class='ocrx_word' id='word_1_42' title='bbox 754 1097 1149 1182; x_wconf 80' lang='lat' dir='ltr'><strong>Quanquam</strong></span> <span class='ocrx_word' id='word_1_43' title='bbox 1242 1106 1460 1163; x_wconf 85' lang='lat' dir='ltr'><strong>autem</strong></span> <span class='ocrx_word' id='word_1_44' title='bbox 1547 1097 1628 1163; x_wconf 91' lang='lat' dir='ltr'><strong>de</strong></span> <span class='ocrx_word' id='word_1_45' title='bbox 1717 1097 1956 1182; x_wconf 90' lang='lat' dir='ltr'><strong>populo</strong></span> <span class='ocrx_word' id='word_1_46' title='bbox 2037 1096 2386 1162; x_wconf 86' lang='lat' dir='ltr'><strong>israelitico</strong></span> 
     </span>
     <span class='ocr_line' id='line_1_9' title="bbox 434 1184 2386 1272; baseline -0.001 -24"><span class='ocrx_word' id='word_1_47' title='bbox 434 1186 608 1272; x_wconf 85' lang='lat' dir='ltr'><strong>agit,</strong></span> <span class='ocrx_word' id='word_1_48' title='bbox 670 1184 938 1250; x_wconf 90' lang='lat' dir='ltr'><strong>dubium</strong></span> <span class='ocrx_word' id='word_1_49' title='bbox 993 1196 1212 1249; x_wconf 90' lang='lat' dir='ltr'><strong>tamen</strong></span> <span class='ocrx_word' id='word_1_50' title='bbox 1274 1194 1373 1248; x_wconf 92' lang='lat' dir='ltr'><strong>est</strong></span> <span class='ocrx_word' id='word_1_51' title='bbox 1430 1197 1713 1266; x_wconf 87' lang='lat' dir='ltr'><strong>caputne</strong></span> <span class='ocrx_word' id='word_1_52' title='bbox 1768 1205 1852 1249; x_wconf 85' lang='lat' dir='ltr'><strong>an</strong></span> <span class='ocrx_word' id='word_1_53' title='bbox 1899 1192 2108 1249; x_wconf 90' lang='lat' dir='ltr'><strong>totum</strong></span> <span class='ocrx_word' id='word_1_54' title='bbox 2153 1202 2386 1264; x_wconf 89' lang='lat' dir='ltr'><strong>corpus</strong></span> 
     </span>
     <span class='ocr_line' id='line_1_10' title="bbox 435 1267 2387 1356; baseline -0.004 -17"><span class='ocrx_word' id='word_1_55' title='bbox 435 1272 765 1356; x_wconf 88' lang='lat' dir='ltr'><strong>designet:</strong></span> <span class='ocrx_word' id='word_1_56' title='bbox 810 1291 938 1353; x_wconf 90' lang='lat' dir='ltr'><strong>qua</strong></span> <span class='ocrx_word' id='word_1_57' title='bbox 978 1269 1060 1335; x_wconf 90' lang='lat' dir='ltr'><strong>de</strong></span> <span class='ocrx_word' id='word_1_58' title='bbox 1109 1292 1180 1335; x_wconf 92' lang='lat' dir='ltr'><strong>re</strong></span> <span class='ocrx_word' id='word_1_59' title='bbox 1225 1291 1355 1335; x_wconf 90' lang='lat' dir='ltr'><strong>non</strong></span> <span class='ocrx_word' id='word_1_60' title='bbox 1392 1289 1792 1353; x_wconf 80' lang='lat' dir='ltr'><strong>magnopere</strong></span> <span class='ocrx_word' id='word_1_61' title='bbox 1836 1267 2191 1346; x_wconf 88' lang='lat' dir='ltr'><strong>eontend0‚</strong></span> <span class='ocrx_word' id='word_1_62' title='bbox 2232 1267 2387 1351; x_wconf 91' lang='lat' dir='ltr'><strong>quia</strong></span> 
     </span>
     <span class='ocr_line' id='line_1_11' title="bbox 432 1353 2384 1443; baseline -0.004 -20"><span class='ocrx_word' id='word_1_63' title='bbox 432 1356 711 1443; x_wconf 86' lang='lat' dir='ltr'><strong>perinde</strong></span> <span class='ocrx_word' id='word_1_64' title='bbox 776 1366 879 1422; x_wconf 90' lang='lat' dir='ltr'><strong>est</strong></span> <span class='ocrx_word' id='word_1_65' title='bbox 943 1355 1151 1440; x_wconf 90' lang='lat' dir='ltr'><strong>quoad</strong></span> <span class='ocrx_word' id='word_1_66' title='bbox 1215 1375 1538 1421; x_wconf 90' lang='lat' dir='ltr'><strong>summam</strong></span> <span class='ocrx_word' id='word_1_67' title='bbox 1607 1355 1720 1421; x_wconf 92' lang='lat' dir='ltr'><strong>rei.</strong></span> <span class='ocrx_word' id='word_1_68' title='bbox 1810 1355 2017 1421; x_wconf 90' lang='lat' dir='ltr'><strong>Porro</strong></span> <span class='ocrx_word' id='word_1_69' title='bbox 2079 1353 2248 1438; x_wconf 91' lang='lat' dir='ltr'><strong>quod</strong></span> <span class='ocrx_word' id='word_1_70' title='bbox 2314 1353 2384 1417; x_wconf 91' lang='lat' dir='ltr'><strong>in</strong></span> 
     </span>
     <span class='ocr_line' id='line_1_12' title="bbox 434 1437 2387 1529; baseline -0.004 -20"><span class='ocrx_word' id='word_1_71' title='bbox 434 1445 702 1529; x_wconf 90' lang='lat' dir='ltr'><strong>longum</strong></span> <span class='ocrx_word' id='word_1_72' title='bbox 742 1451 999 1527; x_wconf 89' lang='lat' dir='ltr'><strong>tempus</strong></span> <span class='ocrx_word' id='word_1_73' title='bbox 1033 1462 1186 1507; x_wconf 91' lang='lat' dir='ltr'><strong>suas</strong></span> <span class='ocrx_word' id='word_1_74' title='bbox 1275 1441 1610 1525; x_wconf 89' lang='lat' dir='ltr'><strong>rophetias</strong></span> <span class='ocrx_word' id='word_1_75' title='bbox 1645 1442 1856 1507; x_wconf 89' lang='lat' dir='ltr'><strong>reiicit</strong></span> <span class='ocrx_word' id='word_1_76' title='bbox 1889 1440 2184 1517; x_wconf 81' lang='lat' dir='ltr'><strong>Balaam,</strong></span> <span class='ocrx_word' id='word_1_77' title='bbox 2228 1437 2387 1504; x_wconf 86' lang='lat' dir='ltr'><strong>facit</strong></span> 
     </span>
     <span class='ocr_line' id='line_1_13' title="bbox 435 1525 2385 1610; baseline -0.004 -14"><span class='ocrx_word' id='word_1_78' title='bbox 435 1529 517 1595; x_wconf 89' lang='lat' dir='ltr'><strong>ad</strong></span> <span class='ocrx_word' id='word_1_79' title='bbox 563 1529 867 1596; x_wconf 87' lang='lat' dir='ltr'><strong>solatium</strong></span> <span class='ocrx_word' id='word_1_80' title='bbox 913 1527 1132 1594; x_wconf 89' lang='lat' dir='ltr'><strong>Balac.</strong></span> <span class='ocrx_word' id='word_1_81' title='bbox 1274 1536 1545 1592; x_wconf 81' lang='lat' dir='ltr'><strong>uantum</strong></span> <span class='ocrx_word' id='word_1_82' title='bbox 1591 1527 1767 1592; x_wconf 91' lang='lat' dir='ltr'><strong>enim</strong></span> <span class='ocrx_word' id='word_1_83' title='bbox 1814 1536 2030 1610; x_wconf 90' lang='lat' dir='ltr'><strong>potest</strong></span> <span class='ocrx_word' id='word_1_84' title='bbox 2070 1525 2385 1592; x_wconf 90' lang='lat' dir='ltr'><strong>invidiam</strong></span> 
     </span>
     <span class='ocr_line' id='line_1_14' title="bbox 436 1611 2388 1697; baseline -0.004 -16"><span class='ocrx_word' id='word_1_85' title='bbox 436 1615 756 1683; x_wconf 89' lang='lat' dir='ltr'><strong>declinat:</strong></span> <span class='ocrx_word' id='word_1_86' title='bbox 816 1614 1087 1697; x_wconf 90' lang='lat' dir='ltr'><strong>ideoque</strong></span> <span class='ocrx_word' id='word_1_87' title='bbox 1141 1612 1452 1677; x_wconf 80' lang='lat' dir='ltr'><strong>admonet</strong></span> <span class='ocrx_word' id='word_1_88' title='bbox 1505 1613 1561 1677; x_wconf 92' lang='lat' dir='ltr'><strong>si</strong></span> <span class='ocrx_word' id='word_1_89' title='bbox 1620 1611 1776 1697; x_wconf 89' lang='lat' dir='ltr'><strong>quid</strong></span> <span class='ocrx_word' id='word_1_90' title='bbox 1822 1612 1973 1677; x_wconf 90' lang='lat' dir='ltr'><strong>mali</strong></span> <span class='ocrx_word' id='word_1_91' title='bbox 2019 1611 2388 1690; x_wconf 74' lang='lat' dir='ltr'><strong>denunciet,</strong></span> 
     </span>
     <span class='ocr_line' id='line_1_15' title="bbox 436 1696 2387 1782; baseline -0.004 -14"><span class='ocrx_word' id='word_1_92' title='bbox 436 1724 564 1768; x_wconf 91' lang='lat' dir='ltr'><strong>non</strong></span> <span class='ocrx_word' id='word_1_93' title='bbox 627 1722 768 1767; x_wconf 91' lang='lat' dir='ltr'><strong>esse</strong></span> <span class='ocrx_word' id='word_1_94' title='bbox 825 1700 952 1764; x_wconf 87' lang='lat' dir='ltr'><strong>cito</strong></span> <span class='ocrx_word' id='word_1_95' title='bbox 1010 1699 1468 1777; x_wconf 91' lang='lat' dir='ltr'><strong>metuendum,</strong></span> <span class='ocrx_word' id='word_1_96' title='bbox 1530 1698 1683 1782; x_wconf 89' lang='lat' dir='ltr'><strong>quia</strong></span> <span class='ocrx_word' id='word_1_97' title='bbox 1741 1697 2002 1763; x_wconf 89' lang='lat' dir='ltr'><strong>disserit</strong></span> <span class='ocrx_word' id='word_1_98' title='bbox 2054 1696 2135 1762; x_wconf 90' lang='lat' dir='ltr'><strong>de</strong></span> <span class='ocrx_word' id='word_1_99' title='bbox 2194 1696 2387 1762; x_wconf 91' lang='lat' dir='ltr'><strong>rebus</strong></span> 
     </span>
     <span class='ocr_line' id='line_1_16' title="bbox 437 1780 2385 1871; baseline -0.004 -17"><span class='ocrx_word' id='word_1_100' title='bbox 437 1788 654 1854; x_wconf 89' lang='lat' dir='ltr'><strong>adhuc</strong></span> <span class='ocrx_word' id='word_1_101' title='bbox 704 1785 934 1871; x_wconf 88' lang='lat' dir='ltr'><strong>procul</strong></span> <span class='ocrx_word' id='word_1_102' title='bbox 983 1786 1270 1850; x_wconf 78' lang='lat' dir='ltr'><strong>remotis,</strong></span> <span class='ocrx_word' id='word_1_103' title='bbox 1363 1782 1739 1849; x_wconf 84' lang='lat' dir='ltr'><strong>Secundum</strong></span> <span class='ocrx_word' id='word_1_104' title='bbox 1798 1784 2161 1849; x_wconf 89' lang='lat' dir='ltr'><strong>membrum</strong></span> <span class='ocrx_word' id='word_1_105' title='bbox 2207 1780 2385 1848; x_wconf 88' lang='lat' dir='ltr'><strong>haud</strong></span> 
     </span>
     <span class='ocr_line' id='line_1_17' title="bbox 441 1868 2387 1956; baseline -0.003 -17"><span class='ocrx_word' id='word_1_106' title='bbox 441 1873 637 1940; x_wconf 90' lang='lat' dir='ltr'><strong>dubie</strong></span> <span class='ocrx_word' id='word_1_107' title='bbox 693 1872 775 1937; x_wconf 89' lang='lat' dir='ltr'><strong>ad</strong></span> <span class='ocrx_word' id='word_1_108' title='bbox 818 1880 1020 1956; x_wconf 89' lang='lat' dir='ltr'><strong>caput</strong></span> <span class='ocrx_word' id='word_1_109' title='bbox 1059 1871 1289 1955; x_wconf 91' lang='lat' dir='ltr'><strong>populi</strong></span> <span class='ocrx_word' id='word_1_110' title='bbox 1333 1870 1784 1954; x_wconf 84' lang='lat' dir='ltr'><strong>restringitur,</strong></span> <span class='ocrx_word' id='word_1_111' title='bbox 1831 1868 2000 1953; x_wconf 89' lang='lat' dir='ltr'><strong>quod</strong></span> <span class='ocrx_word' id='word_1_112' title='bbox 2044 1868 2387 1951; x_wconf 89' lang='lat' dir='ltr'><strong>metapho-</strong></span> 
     </span>
     <span class='ocr_line' id='line_1_18' title="bbox 436 1954 2387 2039; baseline -0.004 -14"><span class='ocrx_word' id='word_1_113' title='bbox 436 1962 569 2025; x_wconf 90' lang='lat' dir='ltr'><strong>rice</strong></span> <span class='ocrx_word' id='word_1_114' title='bbox 622 1967 896 2024; x_wconf 87' lang='lat' dir='ltr'><strong>vocatur</strong></span> <span class='ocrx_word' id='word_1_115' title='bbox 949 1956 1167 2036; x_wconf 87' lang='lat' dir='ltr'><strong>stella,</strong></span> <span class='ocrx_word' id='word_1_116' title='bbox 1225 1955 1462 2022; x_wconf 89' lang='lat' dir='ltr'><strong>deinde</strong></span> <span class='ocrx_word' id='word_1_117' title='bbox 1519 1956 1658 2022; x_wconf 91' lang='lat' dir='ltr'><strong>sine</strong></span> <span class='ocrx_word' id='word_1_118' title='bbox 1722 1957 1937 2039; x_wconf 83' lang='lat' dir='ltr'><strong>figura</strong></span> <span class='ocrx_word' id='word_1_119' title='bbox 1980 1954 2387 2038; x_wconf 84' lang='lat' dir='ltr'><strong>exprimitur,</strong></span> 
     </span>
     <span class='ocr_line' id='line_1_19' title="bbox 436 2041 2385 2132; baseline -0.003 -21"><span class='ocrx_word' id='word_1_120' title='bbox 436 2044 796 2132; x_wconf 87' lang='lat' dir='ltr'><strong>geminatio</strong></span> <span class='ocrx_word' id='word_1_121' title='bbox 853 2044 1028 2108; x_wconf 91' lang='lat' dir='ltr'><strong>enim</strong></span> <span class='ocrx_word' id='word_1_122' title='bbox 1086 2042 1247 2109; x_wconf 88' lang='lat' dir='ltr'><strong>haec</strong></span> <span class='ocrx_word' id='word_1_123' title='bbox 1306 2043 1460 2109; x_wconf 89' lang='lat' dir='ltr'><strong>trita</strong></span> <span class='ocrx_word' id='word_1_124' title='bbox 1512 2051 1613 2107; x_wconf 89' lang='lat' dir='ltr'><strong>est</strong></span> <span class='ocrx_word' id='word_1_125' title='bbox 1657 2041 1976 2108; x_wconf 82' lang='lat' dir='ltr'><strong>Hebraeis</strong></span> <span class='ocrx_word' id='word_1_126' title='bbox 1996 2091 2012 2120; x_wconf 97' lang='lat'><strong>,</strong></span> <span class='ocrx_word' id='word_1_127' title='bbox 2070 2062 2198 2125; x_wconf 88' lang='lat' dir='ltr'><strong>qua</strong></span> <span class='ocrx_word' id='word_1_128' title='bbox 2247 2062 2385 2105; x_wconf 91' lang='lat' dir='ltr'><strong>rem</strong></span> 
     </span>
     <span class='ocr_line' id='line_1_20' title="bbox 434 2126 2386 2208; baseline -0.004 -10"><span class='ocrx_word' id='word_1_129' title='bbox 434 2152 637 2198; x_wconf 88' lang='lat' dir='ltr'><strong>unam</strong></span> <span class='ocrx_word' id='word_1_130' title='bbox 682 2130 781 2196; x_wconf 88' lang='lat' dir='ltr'><strong>bis</strong></span> <span class='ocrx_word' id='word_1_131' title='bbox 824 2139 1353 2196; x_wconf 87' lang='lat' dir='ltr'><strong>commemorant.</strong></span> <span class='ocrx_word' id='word_1_132' title='bbox 1436 2127 1632 2194; x_wconf 85' lang='lat' dir='ltr'><strong>Certe</strong></span> <span class='ocrx_word' id='word_1_133' title='bbox 1676 2148 1806 2193; x_wconf 91' lang='lat' dir='ltr'><strong>non</strong></span> <span class='ocrx_word' id='word_1_134' title='bbox 1855 2126 2031 2192; x_wconf 90' lang='lat' dir='ltr'><strong>aliud</strong></span> <span class='ocrx_word' id='word_1_135' title='bbox 2076 2126 2386 2208; x_wconf 84' lang='lat' dir='ltr'><strong>intelligit</strong></span> 
     </span>
     <span class='ocr_line' id='line_1_21' title="bbox 434 2212 2390 2302; baseline -0.005 -17"><span class='ocrx_word' id='word_1_136' title='bbox 434 2217 675 2302; x_wconf 79' lang='lat' dir='ltr'><strong>sceptri</strong></span> <span class='ocrx_word' id='word_1_137' title='bbox 741 2216 1002 2281; x_wconf 90' lang='lat' dir='ltr'><strong>nomine</strong></span> <span class='ocrx_word' id='word_1_138' title='bbox 1064 2235 1259 2298; x_wconf 90' lang='lat' dir='ltr'><strong>quam</strong></span> <span class='ocrx_word' id='word_1_139' title='bbox 1326 2212 1496 2296; x_wconf 92' lang='lat' dir='ltr'><strong>quod</strong></span> <span class='ocrx_word' id='word_1_140' title='bbox 1564 2234 1679 2296; x_wconf 85' lang='lat' dir='ltr'><strong>per</strong></span> <span class='ocrx_word' id='word_1_141' title='bbox 1743 2214 2000 2278; x_wconf 89' lang='lat' dir='ltr'><strong>stellam</strong></span> <span class='ocrx_word' id='word_1_142' title='bbox 2067 2213 2390 2297; x_wconf 88' lang='lat' dir='ltr'><strong>significa-</strong></span> 
     </span>
     <span class='ocr_line' id='line_1_22' title="bbox 432 2296 2386 2384; baseline -0.004 -14"><span class='ocrx_word' id='word_1_143' title='bbox 432 2313 653 2370; x_wconf 87' lang='lat' dir='ltr'><strong>verat:</strong></span> <span class='ocrx_word' id='word_1_144' title='bbox 710 2303 806 2367; x_wconf 89' lang='lat' dir='ltr'><strong>ita</strong></span> <span class='ocrx_word' id='word_1_145' title='bbox 846 2301 1225 2366; x_wconf 76' lang='lat' dir='ltr'><strong>felicitatem</strong></span> <span class='ocrx_word' id='word_1_146' title='bbox 1283 2299 1507 2384; x_wconf 92' lang='lat' dir='ltr'><strong>populi</strong></span> <span class='ocrx_word' id='word_1_147' title='bbox 1548 2300 1719 2365; x_wconf 89' lang='lat' dir='ltr'><strong>locat</strong></span> <span class='ocrx_word' id='word_1_148' title='bbox 1762 2300 1836 2363; x_wconf 91' lang='lat' dir='ltr'><strong>in</strong></span> <span class='ocrx_word' id='word_1_149' title='bbox 1881 2320 2102 2384; x_wconf 91' lang='lat' dir='ltr'><strong>regno.</strong></span> <span class='ocrx_word' id='word_1_150' title='bbox 2191 2296 2386 2364; x_wconf 90' lang='lat' dir='ltr'><strong>Unde</strong></span> 
     </span>
     <span class='ocr_line' id='line_1_23' title="bbox 434 2384 2386 2474; baseline -0.005 -18"><span class='ocrx_word' id='word_1_151' title='bbox 434 2389 809 2474; x_wconf 86' lang='lat' dir='ltr'><strong>colligimus</strong></span> <span class='ocrx_word' id='word_1_152' title='bbox 864 2397 1107 2453; x_wconf 87' lang='lat' dir='ltr'><strong>statum</strong></span> <span class='ocrx_word' id='word_1_153' title='bbox 1162 2386 1301 2451; x_wconf 89' lang='lat' dir='ltr'><strong>eius</strong></span> <span class='ocrx_word' id='word_1_154' title='bbox 1361 2407 1490 2451; x_wconf 90' lang='lat' dir='ltr'><strong>non</strong></span> <span class='ocrx_word' id='word_1_155' title='bbox 1539 2386 1732 2450; x_wconf 89' lang='lat' dir='ltr'><strong>aliter</strong></span> <span class='ocrx_word' id='word_1_156' title='bbox 1775 2385 1976 2451; x_wconf 89' lang='lat' dir='ltr'><strong>fuisse</strong></span> <span class='ocrx_word' id='word_1_157' title='bbox 2022 2384 2386 2468; x_wconf 84' lang='lat' dir='ltr'><strong>perfectum</strong></span> 
     </span>
     <span class='ocr_line' id='line_1_24' title="bbox 436 2469 2385 2561; baseline -0.004 -20"><span class='ocrx_word' id='word_1_158' title='bbox 436 2497 631 2561; x_wconf 90' lang='lat' dir='ltr'><strong>quam</strong></span> <span class='ocrx_word' id='word_1_159' title='bbox 679 2473 788 2539; x_wconf 90' lang='lat' dir='ltr'><strong>ubi</strong></span> <span class='ocrx_word' id='word_1_160' title='bbox 831 2495 950 2558; x_wconf 91' lang='lat' dir='ltr'><strong>per</strong></span> <span class='ocrx_word' id='word_1_161' title='bbox 992 2493 1261 2537; x_wconf 89' lang='lat' dir='ltr'><strong>manum</strong></span> <span class='ocrx_word' id='word_1_162' title='bbox 1304 2473 1480 2557; x_wconf 92' lang='lat' dir='ltr'><strong>regis</strong></span> <span class='ocrx_word' id='word_1_163' title='bbox 1525 2472 1875 2557; x_wconf 89' lang='lat' dir='ltr'><strong>gubernari</strong></span> <span class='ocrx_word' id='word_1_164' title='bbox 1913 2473 2146 2553; x_wconf 91' lang='lat' dir='ltr'><strong>coepit.</strong></span> <span class='ocrx_word' id='word_1_165' title='bbox 2216 2469 2385 2535; x_wconf 91' lang='lat' dir='ltr'><strong>Nam</strong></span> 
     </span>
     <span class='ocr_line' id='line_1_25' title="bbox 436 2556 2386 2645; baseline -0.003 -19"><span class='ocrx_word' id='word_1_166' title='bbox 436 2563 593 2645; x_wconf 89' lang='lat' dir='ltr'><strong>quia</strong></span> <span class='ocrx_word' id='word_1_167' title='bbox 651 2561 721 2624; x_wconf 91' lang='lat' dir='ltr'><strong>in</strong></span> <span class='ocrx_word' id='word_1_168' title='bbox 769 2558 1039 2625; x_wconf 89' lang='lat' dir='ltr'><strong>Christo</strong></span> <span class='ocrx_word' id='word_1_169' title='bbox 1084 2557 1365 2624; x_wconf 84' lang='lat' dir='ltr'><strong>fundata</strong></span> <span class='ocrx_word' id='word_1_170' title='bbox 1422 2568 1523 2625; x_wconf 89' lang='lat' dir='ltr'><strong>est</strong></span> <span class='ocrx_word' id='word_1_171' title='bbox 1565 2557 1828 2641; x_wconf 85' lang='lat' dir='ltr'><strong>adoptio</strong></span> <span class='ocrx_word' id='word_1_172' title='bbox 1870 2556 2132 2641; x_wconf 91' lang='lat' dir='ltr'><strong>generis</strong></span> <span class='ocrx_word' id='word_1_173' title='bbox 2179 2557 2386 2622; x_wconf 87' lang='lat' dir='ltr'><strong>Abra-</strong></span> 
     </span>
     <span class='ocr_line' id='line_1_26' title="bbox 435 2642 2388 2726; baseline -0.005 -12"><span class='ocrx_word' id='word_1_174' title='bbox 435 2648 596 2726; x_wconf 89' lang='lat' dir='ltr'><strong>hae,</strong></span> <span class='ocrx_word' id='word_1_175' title='bbox 641 2645 778 2712; x_wconf 92' lang='lat' dir='ltr'><strong>illic</strong></span> <span class='ocrx_word' id='word_1_176' title='bbox 821 2644 1087 2710; x_wconf 90' lang='lat' dir='ltr'><strong>nonnisi</strong></span> <span class='ocrx_word' id='word_1_177' title='bbox 1131 2643 1454 2710; x_wconf 87' lang='lat' dir='ltr'><strong>scintillae</strong></span> <span class='ocrx_word' id='word_1_178' title='bbox 1495 2642 1970 2709; x_wconf 85' lang='lat' dir='ltr'><strong>benedictionis</strong></span> <span class='ocrx_word' id='word_1_179' title='bbox 2015 2643 2143 2708; x_wconf 91' lang='lat' dir='ltr'><strong>Dei</strong></span> <span class='ocrx_word' id='word_1_180' title='bbox 2192 2642 2388 2706; x_wconf 90' lang='lat' dir='ltr'><strong>mica-</strong></span> 
     </span>
     <span class='ocr_line' id='line_1_27' title="bbox 436 2726 2389 2814; baseline -0.005 -15"><span class='ocrx_word' id='word_1_181' title='bbox 436 2746 627 2813; x_wconf 85' lang='lat' dir='ltr'><strong>runt,</strong></span> <span class='ocrx_word' id='word_1_182' title='bbox 685 2730 887 2797; x_wconf 91' lang='lat' dir='ltr'><strong>donec</strong></span> <span class='ocrx_word' id='word_1_183' title='bbox 942 2730 1011 2795; x_wconf 92' lang='lat' dir='ltr'><strong>in</strong></span> <span class='ocrx_word' id='word_1_184' title='bbox 1067 2729 1336 2796; x_wconf 88' lang='lat' dir='ltr'><strong>Christo</strong></span> <span class='ocrx_word' id='word_1_185' title='bbox 1382 2730 1522 2814; x_wconf 90' lang='lat' dir='ltr'><strong>ipso</strong></span> <span class='ocrx_word' id='word_1_186' title='bbox 1580 2726 1827 2794; x_wconf 87' lang='lat' dir='ltr'><strong>solidus</strong></span> <span class='ocrx_word' id='word_1_187' title='bbox 1891 2727 2201 2812; x_wconf 86' lang='lat' dir='ltr'><strong>splendor</strong></span> <span class='ocrx_word' id='word_1_188' title='bbox 2265 2728 2389 2792; x_wconf 86' lang='lat' dir='ltr'><strong>fuit</strong></span> 
     </span>
     <span class='ocr_line' id='line_1_28' title="bbox 436 2813 2387 2903; baseline -0.004 -17"><span class='ocrx_word' id='word_1_189' title='bbox 436 2818 844 2903; x_wconf 90' lang='lat' dir='ltr'><strong>conspicuus.</strong></span> <span class='ocrx_word' id='word_1_190' title='bbox 932 2815 1313 2882; x_wconf 88' lang='lat' dir='ltr'><strong>Notandum</strong></span> <span class='ocrx_word' id='word_1_191' title='bbox 1357 2826 1458 2881; x_wconf 92' lang='lat' dir='ltr'><strong>est</strong></span> <span class='ocrx_word' id='word_1_192' title='bbox 1499 2815 1735 2900; x_wconf 89' lang='lat' dir='ltr'><strong>igitur,</strong></span> <span class='ocrx_word' id='word_1_193' title='bbox 1785 2813 1958 2898; x_wconf 90' lang='lat' dir='ltr'><strong>quod</strong></span> <span class='ocrx_word' id='word_1_194' title='bbox 1997 2813 2266 2879; x_wconf 85' lang='lat' dir='ltr'><strong>Balaam</strong></span> <span class='ocrx_word' id='word_1_195' title='bbox 2306 2813 2387 2879; x_wconf 90' lang='lat' dir='ltr'><strong>de</strong></span> 
     </span>
     <span class='ocr_line' id='line_1_29' title="bbox 438 2899 2388 2991; baseline -0.003 -21"><span class='ocrx_word' id='word_1_196' title='bbox 438 2907 657 2991; x_wconf 88' lang='lat' dir='ltr'><strong>gratia</strong></span> <span class='ocrx_word' id='word_1_197' title='bbox 735 2903 866 2968; x_wconf 93' lang='lat' dir='ltr'><strong>Dei</strong></span> <span class='ocrx_word' id='word_1_198' title='bbox 929 2924 1089 2986; x_wconf 91' lang='lat' dir='ltr'><strong>erga</strong></span> <span class='ocrx_word' id='word_1_199' title='bbox 1165 2901 1479 2986; x_wconf 92' lang='lat' dir='ltr'><strong>populum</strong></span> <span class='ocrx_word' id='word_1_200' title='bbox 1560 2900 1977 2967; x_wconf 87' lang='lat' dir='ltr'><strong>israeliticum</strong></span> <span class='ocrx_word' id='word_1_201' title='bbox 2039 2899 2388 2965; x_wconf 89' lang='lat' dir='ltr'><strong>vaticinari</strong></span> 
     </span>
     <span class='ocr_line' id='line_1_30' title="bbox 437 2985 2385 3075; baseline -0.004 -17"><span class='ocrx_word' id='word_1_202' title='bbox 437 2993 791 3075; x_wconf 89' lang='lat' dir='ltr'><strong>incipiens,</strong></span> <span class='ocrx_word' id='word_1_203' title='bbox 857 2990 1078 3054; x_wconf 87' lang='lat' dir='ltr'><strong>statim</strong></span> <span class='ocrx_word' id='word_1_204' title='bbox 1146 2987 1226 3051; x_wconf 90' lang='lat' dir='ltr'><strong>ad</strong></span> <span class='ocrx_word' id='word_1_205' title='bbox 1285 2997 1617 3071; x_wconf 88' lang='lat' dir='ltr'><strong>sceptrum</strong></span> <span class='ocrx_word' id='word_1_206' title='bbox 1679 3007 1798 3053; x_wconf 90' lang='lat' dir='ltr'><strong>nos</strong></span> <span class='ocrx_word' id='word_1_207' title='bbox 1867 2985 1987 3051; x_wconf 87' lang='lat' dir='ltr'><strong>dir&#39;</strong></span> <span class='ocrx_word' id='word_1_208' title='bbox 2041 2986 2122 3066; x_wconf 89' lang='lat' dir='ltr'><strong>it,</strong></span> <span class='ocrx_word' id='word_1_209' title='bbox 2188 3007 2263 3052; x_wconf 86' lang='lat' dir='ltr'><strong>ac</strong></span> <span class='ocrx_word' id='word_1_210' title='bbox 2330 2986 2385 3051; x_wconf 91' lang='lat' dir='ltr'><strong>si</strong></span> 
     </span>
     <span class='ocr_line' id='line_1_31' title="bbox 440 3073 2385 3156; baseline -0.003 -13"><span class='ocrx_word' id='word_1_211' title='bbox 440 3098 672 3143; x_wconf 90' lang='lat' dir='ltr'><strong>verum</strong></span> <span class='ocrx_word' id='word_1_212' title='bbox 739 3085 807 3141; x_wconf 93' lang='lat' dir='ltr'><strong>et</strong></span> <span class='ocrx_word' id='word_1_213' title='bbox 870 3085 1121 3140; x_wconf 89' lang='lat' dir='ltr'><strong>certum</strong></span> <span class='ocrx_word' id='word_1_214' title='bbox 1188 3073 1400 3139; x_wconf 89' lang='lat' dir='ltr'><strong>divini</strong></span> <span class='ocrx_word' id='word_1_215' title='bbox 1474 3073 1718 3139; x_wconf 88' lang='lat' dir='ltr'><strong>favoris</strong></span> <span class='ocrx_word' id='word_1_216' title='bbox 1797 3093 1948 3156; x_wconf 90' lang='lat' dir='ltr'><strong>spec</strong></span> <span class='ocrx_word' id='word_1_217' title='bbox 2020 3093 2130 3137; x_wconf 90' lang='lat' dir='ltr'><strong>um</strong></span> <span class='ocrx_word' id='word_1_218' title='bbox 2194 3081 2385 3138; x_wconf 89' lang='lat' dir='ltr'><strong>esset.</strong></span> 
     </span>
     <span class='ocr_line' id='line_1_32' title="bbox 436 3158 2384 3242; baseline -0.005 -11"><span class='ocrx_word' id='word_1_219' title='bbox 436 3164 576 3231; x_wconf 90' lang='lat' dir='ltr'><strong>Nec</strong></span> <span class='ocrx_word' id='word_1_220' title='bbox 643 3183 799 3228; x_wconf 90' lang='lat' dir='ltr'><strong>vero</strong></span> <span class='ocrx_word' id='word_1_221' title='bbox 857 3160 1047 3227; x_wconf 88' lang='lat' dir='ltr'><strong>aliter</strong></span> <span class='ocrx_word' id='word_1_222' title='bbox 1103 3180 1174 3225; x_wconf 92' lang='lat' dir='ltr'><strong>se</strong></span> <span class='ocrx_word' id='word_1_223' title='bbox 1232 3160 1415 3224; x_wconf 91' lang='lat' dir='ltr'><strong>Deus</strong></span> <span class='ocrx_word' id='word_1_224' title='bbox 1468 3159 1709 3242; x_wconf 91' lang='lat' dir='ltr'><strong>populo</strong></span> <span class='ocrx_word' id='word_1_225' title='bbox 1775 3158 2076 3225; x_wconf 87' lang='lat' dir='ltr'><strong>exhibuit</strong></span> <span class='ocrx_word' id='word_1_226' title='bbox 2132 3167 2384 3241; x_wconf 89' lang='lat' dir='ltr'><strong>patrem</strong></span> 
     </span>
     <span class='ocr_line' id='line_1_33' title="bbox 439 3242 2390 3334; baseline -0.003 -19"><span class='ocrx_word' id='word_1_227' title='bbox 439 3270 639 3334; x_wconf 91' lang='lat' dir='ltr'><strong>quam</strong></span> <span class='ocrx_word' id='word_1_228' title='bbox 681 3268 800 3332; x_wconf 93' lang='lat' dir='ltr'><strong>per</strong></span> <span class='ocrx_word' id='word_1_229' title='bbox 843 3246 1205 3313; x_wconf 82' lang='lat' dir='ltr'><strong>Christum.</strong></span> <span class='ocrx_word' id='word_1_230' title='bbox 1264 3246 1509 3311; x_wconf 85' lang='lat' dir='ltr'><strong>Fateor</strong></span> <span class='ocrx_word' id='word_1_231' title='bbox 1552 3242 1813 3329; x_wconf 92' lang='lat' dir='ltr'><strong>quidem</strong></span> <span class='ocrx_word' id='word_1_232' title='bbox 1857 3244 1986 3309; x_wconf 89' lang='lat' dir='ltr'><strong>iam</strong></span> <span class='ocrx_word' id='word_1_233' title='bbox 2023 3245 2094 3308; x_wconf 92' lang='lat' dir='ltr'><strong>in</strong></span> <span class='ocrx_word' id='word_1_234' title='bbox 2131 3244 2390 3310; x_wconf 88' lang='lat' dir='ltr'><strong>Davide</strong></span> 
     </span>
     <span class='ocr_line' id='line_1_34' title="bbox 438 3329 2389 3418; baseline -0.003 -17"><span class='ocrx_word' id='word_1_235' title='bbox 438 3335 769 3402; x_wconf 82' lang='lat' dir='ltr'><strong>exstitisse</strong></span> <span class='ocrx_word' id='word_1_236' title='bbox 825 3332 1145 3418; x_wconf 90' lang='lat' dir='ltr'><strong>principia</strong></span> <span class='ocrx_word' id='word_1_237' title='bbox 1211 3330 1528 3416; x_wconf 88' lang='lat' dir='ltr'><strong>quaedam</strong></span> <span class='ocrx_word' id='word_1_238' title='bbox 1547 3381 1562 3411; x_wconf 95' lang='lat'><strong>,</strong></span> <span class='ocrx_word' id='word_1_239' title='bbox 1628 3330 1742 3397; x_wconf 89' lang='lat' dir='ltr'><strong>sed</strong></span> <span class='ocrx_word' id='word_1_240' title='bbox 1793 3351 1959 3414; x_wconf 90' lang='lat' dir='ltr'><strong>quae</strong></span> <span class='ocrx_word' id='word_1_241' title='bbox 2010 3329 2389 3416; x_wconf 82' lang='lat' dir='ltr'><strong>longissime</strong></span> 
     </span>
     <span class='ocr_line' id='line_1_35' title="bbox 437 3416 2390 3503; baseline -0.004 -15"><span class='ocrx_word' id='word_1_242' title='bbox 437 3422 758 3488; x_wconf 89' lang='lat' dir='ltr'><strong>distarent</strong></span> <span class='ocrx_word' id='word_1_243' title='bbox 792 3441 835 3486; x_wconf 90' lang='lat' dir='ltr'><strong>a</strong></span> <span class='ocrx_word' id='word_1_244' title='bbox 876 3419 1071 3503; x_wconf 89' lang='lat' dir='ltr'><strong>plena</strong></span> <span class='ocrx_word' id='word_1_245' title='bbox 1114 3416 1513 3484; x_wconf 85' lang='lat' dir='ltr'><strong>exhibitione</strong></span> <span class='ocrx_word' id='word_1_246' title='bbox 1557 3418 1672 3482; x_wconf 90' lang='lat' dir='ltr'><strong>rei.</strong></span> <span class='ocrx_word' id='word_1_247' title='bbox 1760 3416 1988 3500; x_wconf 89' lang='lat' dir='ltr'><strong>Neque</strong></span> <span class='ocrx_word' id='word_1_248' title='bbox 2031 3416 2207 3481; x_wconf 90' lang='lat' dir='ltr'><strong>enim</strong></span> <span class='ocrx_word' id='word_1_249' title='bbox 2249 3416 2390 3481; x_wconf 89' lang='lat' dir='ltr'><strong>diu-</strong></span> 
     </span>
     <span class='ocr_line' id='line_1_36' title="bbox 436 3501 2393 3590; baseline -0.004 -17"><span class='ocrx_word' id='word_1_250' title='bbox 436 3517 641 3573; x_wconf 90' lang='lat' dir='ltr'><strong>turna</strong></span> <span class='ocrx_word' id='word_1_251' title='bbox 682 3504 812 3571; x_wconf 85' lang='lat' dir='ltr'><strong>fuit</strong></span> <span class='ocrx_word' id='word_1_252' title='bbox 855 3504 1044 3590; x_wconf 87' lang='lat' dir='ltr'><strong>regni</strong></span> <span class='ocrx_word' id='word_1_253' title='bbox 1084 3504 1263 3569; x_wconf 90' lang='lat' dir='ltr'><strong>illius</strong></span> <span class='ocrx_word' id='word_1_254' title='bbox 1296 3502 1534 3588; x_wconf 87' lang='lat' dir='ltr'><strong>gloria:</strong></span> <span class='ocrx_word' id='word_1_255' title='bbox 1579 3504 1710 3568; x_wconf 91' lang='lat' dir='ltr'><strong>imo</strong></span> <span class='ocrx_word' id='word_1_256' title='bbox 1752 3503 1974 3568; x_wconf 89' lang='lat' dir='ltr'><strong>statim</strong></span> <span class='ocrx_word' id='word_1_257' title='bbox 2012 3503 2220 3567; x_wconf 87' lang='lat' dir='ltr'><strong>maior</strong></span> <span class='ocrx_word' id='word_1_258' title='bbox 2257 3501 2393 3587; x_wconf 88' lang='lat' dir='ltr'><strong>dig-</strong></span> 
     </span>
     <span class='ocr_line' id='line_1_37' title="bbox 435 3588 2393 3673; baseline -0.005 -13"><span class='ocrx_word' id='word_1_259' title='bbox 435 3596 644 3671; x_wconf 86' lang='lat' dir='ltr'><strong>nitas,</strong></span> <span class='ocrx_word' id='word_1_260' title='bbox 710 3591 933 3660; x_wconf 89' lang='lat' dir='ltr'><strong>decem</strong></span> <span class='ocrx_word' id='word_1_261' title='bbox 988 3589 1277 3656; x_wconf 91' lang='lat' dir='ltr'><strong>tribuum</strong></span> <span class='ocrx_word' id='word_1_262' title='bbox 1336 3588 1727 3673; x_wconf 87' lang='lat' dir='ltr'><strong>defectione,</strong></span> <span class='ocrx_word' id='word_1_263' title='bbox 1792 3589 2078 3672; x_wconf 89' lang='lat' dir='ltr'><strong>collapsa</strong></span> <span class='ocrx_word' id='word_1_264' title='bbox 2133 3598 2267 3669; x_wconf 91' lang='lat' dir='ltr'><strong>est,</strong></span> <span class='ocrx_word' id='word_1_265' title='bbox 2327 3597 2393 3653; x_wconf 93' lang='lat' dir='ltr'><strong>et</strong></span> 
     </span>
     <span class='ocr_line' id='line_1_38' title="bbox 436 3675 2392 3761; baseline -0.003 -17"><span class='ocrx_word' id='word_1_266' title='bbox 436 3678 704 3745; x_wconf 90' lang='lat' dir='ltr'><strong>tandem</strong></span> <span class='ocrx_word' id='word_1_267' title='bbox 750 3698 1018 3761; x_wconf 89' lang='lat' dir='ltr'><strong>prorsus</strong></span> <span class='ocrx_word' id='word_1_268' title='bbox 1062 3676 1418 3742; x_wconf 86' lang='lat' dir='ltr'><strong>exstincta:</strong></span> <span class='ocrx_word' id='word_1_269' title='bbox 1485 3685 1549 3740; x_wconf 91' lang='lat' dir='ltr'><strong>et</strong></span> <span class='ocrx_word' id='word_1_270' title='bbox 1592 3695 1792 3757; x_wconf 88' lang='lat' dir='ltr'><strong>quum</strong></span> <span class='ocrx_word' id='word_1_271' title='bbox 1837 3675 2124 3740; x_wconf 82' lang='lat' dir='ltr'><strong>maxime</strong></span> <span class='ocrx_word' id='word_1_272' title='bbox 2166 3675 2392 3740; x_wconf 88' lang='lat' dir='ltr'><strong>floruit</strong></span> 
     </span>
     <span class='ocr_line' id='line_1_39' title="bbox 435 3759 2390 3847; baseline -0.004 -14"><span class='ocrx_word' id='word_1_273' title='bbox 435 3764 720 3833; x_wconf 88' lang='lat' dir='ltr'><strong>Davidis</strong></span> <span class='ocrx_word' id='word_1_274' title='bbox 798 3764 1118 3847; x_wconf 89' lang='lat' dir='ltr'><strong>potentia,</strong></span> <span class='ocrx_word' id='word_1_275' title='bbox 1202 3783 1331 3827; x_wconf 89' lang='lat' dir='ltr'><strong>non</strong></span> <span class='ocrx_word' id='word_1_276' title='bbox 1415 3770 1636 3826; x_wconf 89' lang='lat' dir='ltr'><strong>tamen</strong></span> <span class='ocrx_word' id='word_1_277' title='bbox 1703 3759 1961 3844; x_wconf 89' lang='lat' dir='ltr'><strong>longius</strong></span> <span class='ocrx_word' id='word_1_278' title='bbox 2040 3760 2390 3843; x_wconf 91' lang='lat' dir='ltr'><strong>imperium</strong></span> 
     </span>
     <span class='ocr_line' id='line_1_40' title="bbox 436 3846 2391 3931; baseline -0.003 -14"><span class='ocrx_word' id='word_1_279' title='bbox 436 3873 634 3918; x_wconf 90' lang='lat' dir='ltr'><strong>suum</strong></span> <span class='ocrx_word' id='word_1_280' title='bbox 713 3848 1010 3915; x_wconf 87' lang='lat' dir='ltr'><strong>extendit</strong></span> <span class='ocrx_word' id='word_1_281' title='bbox 1087 3868 1281 3931; x_wconf 90' lang='lat' dir='ltr'><strong>quam</strong></span> <span class='ocrx_word' id='word_1_282' title='bbox 1363 3847 1444 3911; x_wconf 90' lang='lat' dir='ltr'><strong>ad</strong></span> <span class='ocrx_word' id='word_1_283' title='bbox 1527 3847 1780 3913; x_wconf 86' lang='lat' dir='ltr'><strong>vicinas</strong></span> <span class='ocrx_word' id='word_1_284' title='bbox 1858 3856 2105 3930; x_wconf 85' lang='lat' dir='ltr'><strong>gentes.</strong></span> <span class='ocrx_word' id='word_1_285' title='bbox 2210 3846 2391 3931; x_wconf 85' lang='lat' dir='ltr'><strong>Ergo</strong></span> 
     </span>
     <span class='ocr_line' id='line_1_41' title="bbox 434 3931 2392 4022; baseline -0.004 -19"><span class='ocrx_word' id='word_1_286' title='bbox 434 3957 824 4022; x_wconf 88' lang='lat' dir='ltr'><strong>progressus</strong></span> <span class='ocrx_word' id='word_1_287' title='bbox 857 3934 1085 4001; x_wconf 89' lang='lat' dir='ltr'><strong>stellae</strong></span> <span class='ocrx_word' id='word_1_288' title='bbox 1117 3945 1186 4001; x_wconf 92' lang='lat' dir='ltr'><strong>et</strong></span> <span class='ocrx_word' id='word_1_289' title='bbox 1220 3933 1458 4016; x_wconf 84' lang='lat' dir='ltr'><strong>sceptri</strong></span> <span class='ocrx_word' id='word_1_290' title='bbox 1499 3931 1580 3997; x_wconf 90' lang='lat' dir='ltr'><strong>de</strong></span> <span class='ocrx_word' id='word_1_291' title='bbox 1615 3953 1742 4016; x_wconf 94' lang='lat' dir='ltr'><strong>quo</strong></span> <span class='ocrx_word' id='word_1_292' title='bbox 1781 3931 1803 3996; x_wconf 94' lang='lat' dir='ltr'><strong>l</strong></span> <span class='ocrx_word' id='word_1_293' title='bbox 1891 3933 2067 3996; x_wconf 90' lang='lat' dir='ltr'><strong>uitur</strong></span> <span class='ocrx_word' id='word_1_294' title='bbox 2098 3931 2392 4013; x_wconf 87' lang='lat' dir='ltr'><strong>Balaam,</strong></span> 
     </span>
     <span class='ocr_line' id='line_1_42' title="bbox 436 4018 2390 4108; baseline -0.003 -19"><span class='ocrx_word' id='word_1_295' title='bbox 436 4024 700 4108; x_wconf 92' lang='lat' dir='ltr'><strong>proprie</strong></span> <span class='ocrx_word' id='word_1_296' title='bbox 753 4021 834 4087; x_wconf 91' lang='lat' dir='ltr'><strong>ad</strong></span> <span class='ocrx_word' id='word_1_297' title='bbox 881 4020 1227 4087; x_wconf 85' lang='lat' dir='ltr'><strong>Christum</strong></span> <span class='ocrx_word' id='word_1_298' title='bbox 1270 4027 1521 4104; x_wconf 88' lang='lat' dir='ltr'><strong>spectat</strong></span> <span class='ocrx_word' id='word_1_299' title='bbox 1539 4068 1554 4095; x_wconf 95' lang='lat'><strong>,</strong></span> <span class='ocrx_word' id='word_1_300' title='bbox 1612 4027 1807 4101; x_wconf 90' lang='lat' dir='ltr'><strong>atque</strong></span> <span class='ocrx_word' id='word_1_301' title='bbox 1914 4019 2022 4082; x_wconf 92' lang='lat' dir='ltr'><strong>uic</strong></span> <span class='ocrx_word' id='word_1_302' title='bbox 2079 4018 2390 4084; x_wconf 88' lang='lat' dir='ltr'><strong>vaticinio</strong></span> 
     </span>
     <span class='ocr_line' id='line_1_43' title="bbox 436 4101 2388 4192; baseline -0.003 -18"><span class='ocrx_word' id='word_1_303' title='bbox 436 4107 791 4192; x_wconf 90' lang='lat' dir='ltr'><strong>respondet</strong></span> <span class='ocrx_word' id='word_1_304' title='bbox 824 4105 993 4190; x_wconf 93' lang='lat' dir='ltr'><strong>quod</strong></span> <span class='ocrx_word' id='word_1_305' title='bbox 1027 4106 1271 4192; x_wconf 88' lang='lat' dir='ltr'><strong>legitur</strong></span> <span class='ocrx_word' id='word_1_306' title='bbox 1304 4106 1374 4170; x_wconf 90' lang='lat' dir='ltr'><strong>in</strong></span> <span class='ocrx_word' id='word_1_307' title='bbox 1416 4104 1680 4170; x_wconf 90' lang='lat' dir='ltr'><strong>Psalmo</strong></span> <span class='ocrx_word' id='word_1_308' title='bbox 1716 4101 1892 4189; x_wconf 89' lang='lat'><strong>(110,</strong></span> <span class='ocrx_word' id='word_1_309' title='bbox 1935 4101 2022 4191; x_wconf 80' lang='lat'><strong>2),</strong></span> <span class='ocrx_word' id='word_1_310' title='bbox 2061 4113 2388 4187; x_wconf 85' lang='lat' dir='ltr'><strong>sceptrum</strong></span> 
     </span>
     <span class='ocr_line' id='line_1_44' title="bbox 434 4188 2391 4272; baseline -0.003 -12"><span class='ocrx_word' id='word_1_311' title='bbox 434 4193 844 4260; x_wconf 89' lang='lat' dir='ltr'><strong>fortitudinis</strong></span> <span class='ocrx_word' id='word_1_312' title='bbox 873 4201 1027 4259; x_wconf 88' lang='lat' dir='ltr'><strong>tuae</strong></span> <span class='ocrx_word' id='word_1_313' title='bbox 1055 4193 1308 4257; x_wconf 89' lang='lat' dir='ltr'><strong>emittet</strong></span> <span class='ocrx_word' id='word_1_314' title='bbox 1335 4190 1520 4255; x_wconf 92' lang='lat' dir='ltr'><strong>Deus</strong></span> <span class='ocrx_word' id='word_1_315' title='bbox 1545 4212 1627 4255; x_wconf 92' lang='lat' dir='ltr'><strong>ex</strong></span> <span class='ocrx_word' id='word_1_316' title='bbox 1652 4189 1835 4256; x_wconf 82' lang='lat' dir='ltr'><strong>Sion.</strong></span> <span class='ocrx_word' id='word_1_317' title='bbox 1880 4188 2077 4256; x_wconf 90' lang='lat' dir='ltr'><strong>Unde</strong></span> <span class='ocrx_word' id='word_1_318' title='bbox 2096 4192 2391 4272; x_wconf 90' lang='lat' dir='ltr'><strong>sequitur</strong></span> 
     </span>
     <span class='ocr_line' id='line_1_45' title="bbox 438 4275 2392 4361; baseline -0.003 -15"><span class='ocrx_word' id='word_1_319' title='bbox 438 4279 961 4347; x_wconf 87' lang='lat' dir='ltr'><strong>benedictionem</strong></span> <span class='ocrx_word' id='word_1_320' title='bbox 998 4278 1079 4342; x_wconf 91' lang='lat' dir='ltr'><strong>de</strong></span> <span class='ocrx_word' id='word_1_321' title='bbox 1114 4299 1240 4361; x_wconf 90' lang='lat' dir='ltr'><strong>qua</strong></span> <span class='ocrx_word' id='word_1_322' title='bbox 1276 4277 1569 4361; x_wconf 91' lang='lat' dir='ltr'><strong>loquitur</strong></span> <span class='ocrx_word' id='word_1_323' title='bbox 1597 4275 1871 4341; x_wconf 86' lang='lat' dir='ltr'><strong>Balaam</strong></span> <span class='ocrx_word' id='word_1_324' title='bbox 1909 4275 1987 4341; x_wconf 87' lang='lat' dir='ltr'><strong>ad</strong></span> <span class='ocrx_word' id='word_1_325' title='bbox 2028 4296 2149 4343; x_wconf 91' lang='lat' dir='ltr'><strong>nos</strong></span> <span class='ocrx_word' id='word_1_326' title='bbox 2185 4296 2392 4359; x_wconf 90' lang='lat' dir='ltr'><strong>usque</strong></span> 
     </span>
     <span class='ocr_line' id='line_1_46' title="bbox 440 4362 2390 4448; baseline -0.003 -16"><span class='ocrx_word' id='word_1_327' title='bbox 440 4364 747 4432; x_wconf 87' lang='lat' dir='ltr'><strong>diffundi:</strong></span> <span class='ocrx_word' id='word_1_328' title='bbox 810 4366 961 4448; x_wconf 91' lang='lat' dir='ltr'><strong>quia</strong></span> <span class='ocrx_word' id='word_1_329' title='bbox 1014 4364 1071 4430; x_wconf 92' lang='lat' dir='ltr'><strong>si</strong></span> <span class='ocrx_word' id='word_1_330' title='bbox 1116 4385 1155 4428; x_wconf 90' lang='lat' dir='ltr'><strong>a</strong></span> <span class='ocrx_word' id='word_1_331' title='bbox 1198 4374 1457 4446; x_wconf 88' lang='lat' dir='ltr'><strong>sceptro</strong></span> <span class='ocrx_word' id='word_1_332' title='bbox 1501 4370 1808 4446; x_wconf 86' lang='lat' dir='ltr'><strong>tanquam</strong></span> <span class='ocrx_word' id='word_1_333' title='bbox 1857 4383 1896 4427; x_wconf 91' lang='lat' dir='ltr'><strong>a</strong></span> <span class='ocrx_word' id='word_1_334' title='bbox 1938 4382 2056 4427; x_wconf 91' lang='lat' dir='ltr'><strong>suo</strong></span> <span class='ocrx_word' id='word_1_335' title='bbox 2101 4362 2390 4447; x_wconf 91' lang='lat' dir='ltr'><strong>genuino</strong></span> 
     </span>
     <span class='ocr_line' id='line_1_47' title="bbox 438 4447 2390 4536; baseline -0.002 -19"><span class='ocrx_word' id='word_1_336' title='bbox 438 4452 617 4517; x_wconf 82' lang='lat' dir='ltr'><strong>fonte</strong></span> <span class='ocrx_word' id='word_1_337' title='bbox 660 4451 974 4536; x_wconf 88' lang='lat' dir='ltr'><strong>profluxit</strong></span> <span class='ocrx_word' id='word_1_338' title='bbox 1015 4451 1252 4516; x_wconf 90' lang='lat' dir='ltr'><strong>veteris</strong></span> <span class='ocrx_word' id='word_1_339' title='bbox 1296 4448 1520 4533; x_wconf 91' lang='lat' dir='ltr'><strong>populi</strong></span> <span class='ocrx_word' id='word_1_340' title='bbox 1562 4447 1865 4530; x_wconf 85' lang='lat' dir='ltr'><strong>felicitas,</strong></span> <span class='ocrx_word' id='word_1_341' title='bbox 1919 4447 2134 4531; x_wconf 90' lang='lat' dir='ltr'><strong>quies,</strong></span> <span class='ocrx_word' id='word_1_342' title='bbox 2179 4455 2390 4514; x_wconf 86' lang='lat' dir='ltr'><strong>status</strong></span> 
     </span>
     <span class='ocr_line' id='line_1_48' title="bbox 439 4532 2387 4621; baseline -0.003 -19"><span class='ocrx_word' id='word_1_343' title='bbox 439 4547 616 4603; x_wconf 89' lang='lat' dir='ltr'><strong>recte</strong></span> <span class='ocrx_word' id='word_1_344' title='bbox 650 4538 1068 4621; x_wconf 91' lang='lat' dir='ltr'><strong>compositus,</strong></span> <span class='ocrx_word' id='word_1_345' title='bbox 1105 4535 1410 4621; x_wconf 85' lang='lat' dir='ltr'><strong>dignitas,</strong></span> <span class='ocrx_word' id='word_1_346' title='bbox 1446 4534 1642 4611; x_wconf 89' lang='lat' dir='ltr'><strong>salus,</strong></span> <span class='ocrx_word' id='word_1_347' title='bbox 1677 4533 1903 4619; x_wconf 87' lang='lat' dir='ltr'><strong>gloria,</strong></span> <span class='ocrx_word' id='word_1_348' title='bbox 1949 4555 2080 4599; x_wconf 93' lang='lat' dir='ltr'><strong>non</strong></span> <span class='ocrx_word' id='word_1_349' title='bbox 2116 4532 2387 4598; x_wconf 91' lang='lat' dir='ltr'><strong>dubium</strong></span> 
     </span>
     <span class='ocr_line' id='line_1_49' title="bbox 439 4619 2388 4709; baseline -0.002 -21"><span class='ocrx_word' id='word_1_350' title='bbox 439 4625 594 4709; x_wconf 91' lang='lat' dir='ltr'><strong>quin</strong></span> <span class='ocrx_word' id='word_1_351' title='bbox 663 4623 971 4691; x_wconf 88' lang='lat' dir='ltr'><strong>Christus</strong></span> <span class='ocrx_word' id='word_1_352' title='bbox 1042 4643 1163 4688; x_wconf 90' lang='lat' dir='ltr'><strong>suo</strong></span> <span class='ocrx_word' id='word_1_353' title='bbox 1239 4620 1527 4687; x_wconf 88' lang='lat' dir='ltr'><strong>adventu</strong></span> <span class='ocrx_word' id='word_1_354' title='bbox 1615 4621 1779 4686; x_wconf 89' lang='lat' dir='ltr'><strong>haec</strong></span> <span class='ocrx_word' id='word_1_355' title='bbox 1842 4620 2065 4685; x_wconf 92' lang='lat' dir='ltr'><strong>omnia</strong></span> <span class='ocrx_word' id='word_1_356' title='bbox 2130 4619 2388 4703; x_wconf 91' lang='lat' dir='ltr'><strong>plenius</strong></span> 
     </span>
     <span class='ocr_line' id='line_1_50' title="bbox 440 4705 2389 4855; baseline -0.004 -79"><span class='ocrx_word' id='word_1_357' title='bbox 440 4710 630 4776; x_wconf 91' lang='lat' dir='ltr'><strong>nobis</strong></span> <span class='ocrx_word' id='word_1_358' title='bbox 659 4708 1073 4794; x_wconf 88' lang='lat' dir='ltr'><strong>praestiterit.</strong></span> <span class='ocrx_word' id='word_1_359' title='bbox 1118 4706 1482 4773; x_wconf 83' lang='lat' dir='ltr'><strong>Subiicitur</strong></span> <span class='ocrx_word' id='word_1_360' title='bbox 1502 4716 1818 4789; x_wconf 87' lang='lat' dir='ltr'><strong>tanquam</strong></span> <span class='ocrx_word' id='word_1_361' title='bbox 1834 4706 2020 4790; x_wconf 90' lang='lat' dir='ltr'><strong>regni</strong></span> <span class='ocrx_word' id='word_1_362' title='bbox 2059 4705 2389 4855; x_wconf 46' lang='lat' dir='ltr'><strong>appendix</strong></span> 
     </span>
     <span class='ocr_line' id='line_1_51' title="bbox 438 4791 2384 4880; baseline -0.003 -17"><span class='ocrx_word' id='word_1_363' title='bbox 438 4796 779 4863; x_wconf 83' lang='lat' dir='ltr'><strong>subversio</strong></span> <span class='ocrx_word' id='word_1_364' title='bbox 837 4796 1054 4880; x_wconf 88' lang='lat' dir='ltr'><strong>gentis</strong></span> <span class='ocrx_word' id='word_1_365' title='bbox 1095 4791 1313 4860; x_wconf 83' lang='lat' dir='ltr'><strong>Moab.</strong></span> <span class='ocrx_word' id='word_1_366' title='bbox 1402 4793 1503 4859; x_wconf 90' lang='lat' dir='ltr'><strong>Ac</strong></span> <span class='ocrx_word' id='word_1_367' title='bbox 1558 4794 1770 4875; x_wconf 91' lang='lat' dir='ltr'><strong>primo</strong></span> <span class='ocrx_word' id='word_1_368' title='bbox 1827 4791 2089 4875; x_wconf 88' lang='lat' dir='ltr'><strong>quidem</strong></span> <span class='ocrx_word' id='word_1_369' title='bbox 2177 4812 2384 4857; x_wconf 89' lang='lat' dir='ltr'><strong>enun-</strong></span> 
     </span>
     <span class='ocr_line' id='line_1_52' title="bbox 438 4876 2389 4965; baseline -0.003 -18"><span class='ocrx_word' id='word_1_370' title='bbox 438 4882 568 4947; x_wconf 87' lang='lat' dir='ltr'><strong>ciat</strong></span> <span class='ocrx_word' id='word_1_371' title='bbox 626 4882 938 4959; x_wconf 88' lang='lat' dir='ltr'><strong>Balaam,</strong></span> <span class='ocrx_word' id='word_1_372' title='bbox 998 4880 1323 4965; x_wconf 85' lang='lat' dir='ltr'><strong>principes</strong></span> <span class='ocrx_word' id='word_1_373' title='bbox 1372 4878 1515 4944; x_wconf 90' lang='lat' dir='ltr'><strong>eius</strong></span> <span class='ocrx_word' id='word_1_374' title='bbox 1558 4877 1927 4945; x_wconf 87' lang='lat' dir='ltr'><strong>confossum</strong></span> <span class='ocrx_word' id='word_1_375' title='bbox 1970 4876 2071 4942; x_wconf 89' lang='lat' dir='ltr'><strong>iri.</strong></span> <span class='ocrx_word' id='word_1_376' title='bbox 2160 4876 2235 4942; x_wconf 78' lang='lat' dir='ltr'><strong>si</strong></span> <span class='ocrx_word' id='word_1_377' title='bbox 2280 4877 2389 4943; x_wconf 89' lang='lat' dir='ltr'><strong>cui</strong></span> 
     </span>
     <span class='ocr_line' id='line_1_53' title="bbox 438 4964 2390 5053; baseline -0.003 -20"><span class='ocrx_word' id='word_1_378' title='bbox 438 4969 654 5053; x_wconf 88' lang='lat' dir='ltr'><strong>magis</strong></span> <span class='ocrx_word' id='word_1_379' title='bbox 733 4967 989 5052; x_wconf 87' lang='lat' dir='ltr'><strong>placeat</strong></span> <span class='ocrx_word' id='word_1_380' title='bbox 1066 4967 1283 5051; x_wconf 89' lang='lat' dir='ltr'><strong>legere</strong></span> <span class='ocrx_word' id='word_1_381' title='bbox 1350 4964 1683 5049; x_wconf 86' lang='lat' dir='ltr'><strong>Angulos,</strong></span> <span class='ocrx_word' id='word_1_382' title='bbox 1762 4964 2200 5047; x_wconf 87' lang='lat' dir='ltr'><strong>metaphorice</strong></span> <span class='ocrx_word' id='word_1_383' title='bbox 2263 4965 2390 5028; x_wconf 89' lang='lat' dir='ltr'><strong>erit</strong></span> 
     </span>
     <span class='ocr_line' id='line_1_54' title="bbox 439 5048 2387 5138; baseline -0.003 -18"><span class='ocrx_word' id='word_1_384' title='bbox 439 5053 754 5138; x_wconf 88' lang='lat' dir='ltr'><strong>loquutio,</strong></span> <span class='ocrx_word' id='word_1_385' title='bbox 801 5074 878 5119; x_wconf 90' lang='lat' dir='ltr'><strong>ac</strong></span> <span class='ocrx_word' id='word_1_386' title='bbox 912 5054 971 5117; x_wconf 93' lang='lat' dir='ltr'><strong>si</strong></span> <span class='ocrx_word' id='word_1_387' title='bbox 1007 5052 1254 5119; x_wconf 89' lang='lat' dir='ltr'><strong>dictum</strong></span> <span class='ocrx_word' id='word_1_388' title='bbox 1290 5059 1499 5115; x_wconf 87' lang='lat' dir='ltr'><strong>esset:</strong></span> <span class='ocrx_word' id='word_1_389' title='bbox 1542 5048 1932 5116; x_wconf 91' lang='lat' dir='ltr'><strong>Penetrabit</strong></span> <span class='ocrx_word' id='word_1_390' title='bbox 1966 5049 2387 5126; x_wconf 90' lang='lat' dir='ltr'><strong>munitiones,</strong></span> 
     </span>
     <span class='ocr_line' id='line_1_55' title="bbox 441 5135 2385 5222; baseline -0.002 -19"><span class='ocrx_word' id='word_1_391' title='bbox 441 5141 550 5205; x_wconf 91' lang='lat' dir='ltr'><strong>vel</strong></span> <span class='ocrx_word' id='word_1_392' title='bbox 611 5142 761 5207; x_wconf 86' lang='lat' dir='ltr'><strong>fran</strong></span> <span class='ocrx_word' id='word_1_393' title='bbox 808 5146 877 5204; x_wconf 91' lang='lat' dir='ltr'><strong>et</strong></span> <span class='ocrx_word' id='word_1_394' title='bbox 940 5138 1114 5222; x_wconf 90' lang='lat' dir='ltr'><strong>quod</strong></span> <span class='ocrx_word' id='word_1_395' title='bbox 1181 5135 1443 5202; x_wconf 90' lang='lat' dir='ltr'><strong>videtur</strong></span> <span class='ocrx_word' id='word_1_396' title='bbox 1495 5137 1783 5202; x_wconf 83' lang='lat' dir='ltr'><strong>maxime</strong></span> <span class='ocrx_word' id='word_1_397' title='bbox 1845 5135 2147 5201; x_wconf 90' lang='lat' dir='ltr'><strong>solidum.</strong></span> <span class='ocrx_word' id='word_1_398' title='bbox 2235 5135 2385 5201; x_wconf 86' lang='lat' dir='ltr'><strong>Non</strong></span> 
     </span>
     <span class='ocr_line' id='line_1_56' title="bbox 443 5161 2386 5306; baseline -0.002 -16"><span class='ocrx_word' id='word_1_399' title='bbox 443 5226 669 5293; x_wconf 91' lang='lat' dir='ltr'><strong>dubito</strong></span> <span class='ocrx_word' id='word_1_400' title='bbox 726 5161 901 5291; x_wconf 48' lang='lat' dir='ltr'><strong>idem</strong></span> <span class='ocrx_word' id='word_1_401' title='bbox 954 5223 1332 5290; x_wconf 86' lang='lat' dir='ltr'><strong>confirmari</strong></span> <span class='ocrx_word' id='word_1_402' title='bbox 1389 5243 1505 5306; x_wconf 90' lang='lat' dir='ltr'><strong>per</strong></span> <span class='ocrx_word' id='word_1_403' title='bbox 1556 5222 1726 5289; x_wconf 87' lang='lat' dir='ltr'><strong>filios</strong></span> <span class='ocrx_word' id='word_1_404' title='bbox 1770 5220 1957 5289; x_wconf 78' lang='lat' dir='ltr'><strong>Seth.</strong></span> <span class='ocrx_word' id='word_1_405' title='bbox 2045 5221 2218 5289; x_wconf 89' lang='lat' dir='ltr'><strong>Nam</strong></span> <span class='ocrx_word' id='word_1_406' title='bbox 2276 5222 2386 5305; x_wconf 91' lang='lat' dir='ltr'><strong>qui</strong></span> 
     </span>
     <span class='ocr_line' id='line_1_57' title="bbox 440 5308 2386 5397; baseline -0.003 -19"><span class='ocrx_word' id='word_1_407' title='bbox 440 5312 840 5397; x_wconf 88' lang='lat' dir='ltr'><strong>generaliter</strong></span> <span class='ocrx_word' id='word_1_408' title='bbox 892 5310 1220 5394; x_wconf 89' lang='lat' dir='ltr'><strong>accipiunt</strong></span> <span class='ocrx_word' id='word_1_409' title='bbox 1267 5308 1347 5374; x_wconf 93' lang='lat' dir='ltr'><strong>de</strong></span> <span class='ocrx_word' id='word_1_410' title='bbox 1402 5317 1538 5374; x_wconf 86' lang='lat' dir='ltr'><strong>toto</strong></span> <span class='ocrx_word' id='word_1_411' title='bbox 1583 5309 1871 5374; x_wconf 87' lang='lat' dir='ltr'><strong>humano</strong></span> <span class='ocrx_word' id='word_1_412' title='bbox 1914 5327 2190 5392; x_wconf 89' lang='lat' dir='ltr'><strong>genere,</strong></span> <span class='ocrx_word' id='word_1_413' title='bbox 2240 5314 2386 5373; x_wconf 92' lang='lat' dir='ltr'><strong>tex-</strong></span> 
     </span>
     <span class='ocr_line' id='line_1_58' title="bbox 444 5392 2384 5478; baseline -0.002 -16"><span class='ocrx_word' id='word_1_414' title='bbox 444 5410 583 5464; x_wconf 89' lang='lat' dir='ltr'><strong>tum</strong></span> <span class='ocrx_word' id='word_1_415' title='bbox 641 5419 761 5464; x_wconf 92' lang='lat' dir='ltr'><strong>suo</strong></span> <span class='ocrx_word' id='word_1_416' title='bbox 820 5403 1188 5463; x_wconf 89' lang='lat' dir='ltr'><strong>commento</strong></span> <span class='ocrx_word' id='word_1_417' title='bbox 1246 5394 1570 5461; x_wconf 89' lang='lat' dir='ltr'><strong>violenter</strong></span> <span class='ocrx_word' id='word_1_418' title='bbox 1624 5393 2032 5478; x_wconf 87' lang='lat' dir='ltr'><strong>detorquent.</strong></span> <span class='ocrx_word' id='word_1_419' title='bbox 2121 5392 2384 5459; x_wconf 82' lang='lat' dir='ltr'><strong>Sermo-</strong></span> 
     </span>
    </p>
   </div>
   <div class='ocr_carea' id='block_1_4' title="bbox 1847 476 3022 547">
    <p class='ocr_par' dir='ltr' id='par_1_4' title="bbox 1847 476 3022 547">
     <span class='ocr_line' id='line_1_59' title="bbox 1847 476 3022 547; baseline 0 -2"><span class='ocrx_word' id='word_1_420' title='bbox 1847 476 2255 545; x_wconf 72' lang='lat' dir='ltr'>REDITUS</span> <span class='ocrx_word' id='word_1_421' title='bbox 2300 477 2429 543; x_wconf 89' lang='lat' dir='ltr'><strong>AD</strong></span> <span class='ocrx_word' id='word_1_422' title='bbox 2471 476 3022 547; x_wconf 76' lang='lat' dir='ltr'><strong>HISTORIAM.</strong></span> 
     </span>
    </p>
   </div>
   <div class='ocr_carea' id='block_1_5' title="bbox 2433 668 2450 5442">
    <p class='ocr_par' dir='ltr' id='par_1_5' title="bbox 2433 668 2450 5442">
     <span class='ocr_line' id='line_1_60' title="bbox 2433 668 2450 5442; baseline 0 0"><span class='ocrx_word' id='word_1_423' title='bbox 2433 668 2450 5442; x_wconf 95' lang='lat' dir='ltr'><strong> </strong></span> 
     </span>
    </p>
   </div>
   <div class='ocr_carea' id='block_1_6' title="bbox 4312 481 4443 548">
    <p class='ocr_par' dir='ltr' id='par_1_6' title="bbox 4312 481 4443 548">
     <span class='ocr_line' id='line_1_61' title="bbox 4312 481 4443 548; baseline 0 -1"><span class='ocrx_word' id='word_1_424' title='bbox 4312 481 4443 548; x_wconf 84' lang='lat'><strong>294</strong></span> 
     </span>
    </p>
   </div>
   <div class='ocr_carea' id='block_1_7' title="bbox 2482 666 4444 5542">
    <p class='ocr_par' dir='ltr' id='par_1_7' title="bbox 2482 666 4444 2984">
     <span class='ocr_line' id='line_1_62' title="bbox 2482 666 4433 756; baseline 0.004 -25"><span class='ocrx_word' id='word_1_425' title='bbox 2482 687 2637 732; x_wconf 90' lang='lat' dir='ltr'><strong>nem</strong></span> <span class='ocrx_word' id='word_1_426' title='bbox 2675 666 2875 733; x_wconf 89' lang='lat' dir='ltr'><strong>habet</strong></span> <span class='ocrx_word' id='word_1_427' title='bbox 2896 668 3173 734; x_wconf 89' lang='lat' dir='ltr'><strong>Balaam</strong></span> <span class='ocrx_word' id='word_1_428' title='bbox 3216 669 3297 735; x_wconf 91' lang='lat' dir='ltr'><strong>de</strong></span> <span class='ocrx_word' id='word_1_429' title='bbox 3341 669 3579 736; x_wconf 90' lang='lat' dir='ltr'><strong>vicinis</strong></span> <span class='ocrx_word' id='word_1_430' title='bbox 3622 671 3914 755; x_wconf 88' lang='lat' dir='ltr'><strong>populis:</strong></span> <span class='ocrx_word' id='word_1_431' title='bbox 3960 669 4194 737; x_wconf 89' lang='lat' dir='ltr'><strong>deinde</strong></span> <span class='ocrx_word' id='word_1_432' title='bbox 4235 692 4433 756; x_wconf 89' lang='lat' dir='ltr'><strong>quum</strong></span> 
     </span>
     <span class='ocr_line' id='line_1_63' title="bbox 2485 753 4437 841; baseline 0.005 -26"><span class='ocrx_word' id='word_1_433' title='bbox 2485 753 2784 837; x_wconf 85' lang='lat' dir='ltr'><strong>proximo</strong></span> <span class='ocrx_word' id='word_1_434' title='bbox 2848 775 3047 820; x_wconf 90' lang='lat' dir='ltr'><strong>versu</strong></span> <span class='ocrx_word' id='word_1_435' title='bbox 3114 754 3449 821; x_wconf 91' lang='lat' dir='ltr'><strong>descendit</strong></span> <span class='ocrx_word' id='word_1_436' title='bbox 3514 755 3596 821; x_wconf 88' lang='lat' dir='ltr'><strong>ad</strong></span> <span class='ocrx_word' id='word_1_437' title='bbox 3662 755 3873 822; x_wconf 87' lang='lat' dir='ltr'><strong>Edom</strong></span> <span class='ocrx_word' id='word_1_438' title='bbox 3892 807 3907 837; x_wconf 95' lang='lat'><strong>,</strong></span> <span class='ocrx_word' id='word_1_439' title='bbox 3985 758 4437 841; x_wconf 83' lang='lat' dir='ltr'><strong>explicationis</strong></span> 
     </span>
     <span class='ocr_line' id='line_1_64' title="bbox 2484 838 4436 928; baseline 0.003 -25"><span class='ocrx_word' id='word_1_440' title='bbox 2484 839 2632 905; x_wconf 88' lang='lat' dir='ltr'><strong>vice</strong></span> <span class='ocrx_word' id='word_1_441' title='bbox 2692 838 2875 905; x_wconf 90' lang='lat' dir='ltr'><strong>addit</strong></span> <span class='ocrx_word' id='word_1_442' title='bbox 2930 849 3219 906; x_wconf 92' lang='lat' dir='ltr'><strong>montem</strong></span> <span class='ocrx_word' id='word_1_443' title='bbox 3283 840 3451 907; x_wconf 81' lang='lat' dir='ltr'><strong>Seir.</strong></span> <span class='ocrx_word' id='word_1_444' title='bbox 3541 840 3767 924; x_wconf 80' lang='lat' dir='ltr'><strong>Quum</strong></span> <span class='ocrx_word' id='word_1_445' title='bbox 3826 843 4051 909; x_wconf 89' lang='lat' dir='ltr'><strong>eadem</strong></span> <span class='ocrx_word' id='word_1_446' title='bbox 4099 843 4436 928; x_wconf 89' lang='lat' dir='ltr'><strong>utriusque</strong></span> 
     </span>
     <span class='ocr_line' id='line_1_65' title="bbox 2486 926 4434 1010; baseline 0.003 -21"><span class='ocrx_word' id='word_1_447' title='bbox 2486 926 2852 992; x_wconf 89' lang='lat' dir='ltr'><strong>sententiae</strong></span> <span class='ocrx_word' id='word_1_448' title='bbox 2909 926 3000 991; x_wconf 90' lang='lat' dir='ltr'><strong>sit</strong></span> <span class='ocrx_word' id='word_1_449' title='bbox 3056 928 3253 1007; x_wconf 92' lang='lat' dir='ltr'><strong>ratio,</strong></span> <span class='ocrx_word' id='word_1_450' title='bbox 3308 927 3642 1010; x_wconf 90' lang='lat' dir='ltr'><strong>probabile</strong></span> <span class='ocrx_word' id='word_1_451' title='bbox 3699 949 3830 993; x_wconf 90' lang='lat' dir='ltr'><strong>non</strong></span> <span class='ocrx_word' id='word_1_452' title='bbox 3888 937 3989 994; x_wconf 91' lang='lat' dir='ltr'><strong>est</strong></span> <span class='ocrx_word' id='word_1_453' title='bbox 4047 928 4213 994; x_wconf 89' lang='lat' dir='ltr'><strong>filios</strong></span> <span class='ocrx_word' id='word_1_454' title='bbox 4265 928 4434 995; x_wconf 80' lang='lat' dir='ltr'><strong>Seth</strong></span> 
     </span>
     <span class='ocr_line' id='line_1_66' title="bbox 2486 1008 4437 1097; baseline 0.003 -22"><span class='ocrx_word' id='word_1_455' title='bbox 2486 1008 2651 1077; x_wconf 90' lang='lat' dir='ltr'><strong>alios</strong></span> <span class='ocrx_word' id='word_1_456' title='bbox 2717 1009 2844 1079; x_wconf 91' lang='lat' dir='ltr'><strong>dici</strong></span> <span class='ocrx_word' id='word_1_457' title='bbox 2909 1034 3106 1097; x_wconf 86' lang='lat' dir='ltr'><strong>quam</strong></span> <span class='ocrx_word' id='word_1_458' title='bbox 3176 1012 3506 1079; x_wconf 87' lang='lat' dir='ltr'><strong>Moabitas.</strong></span> <span class='ocrx_word' id='word_1_459' title='bbox 3598 1012 3957 1096; x_wconf 77' lang='lat' dir='ltr'><strong>Quaeritur</strong></span> <span class='ocrx_word' id='word_1_460' title='bbox 4022 1024 4243 1080; x_wconf 90' lang='lat' dir='ltr'><strong>tamen</strong></span> <span class='ocrx_word' id='word_1_461' title='bbox 4318 1037 4437 1081; x_wconf 92' lang='lat' dir='ltr'><strong>cur</strong></span> 
     </span>
     <span class='ocr_line' id='line_1_67' title="bbox 2488 1097 4437 1183; baseline 0.003 -23"><span class='ocrx_word' id='word_1_462' title='bbox 2488 1097 2607 1161; x_wconf 91' lang='lat' dir='ltr'><strong>uni</strong></span> <span class='ocrx_word' id='word_1_463' title='bbox 2691 1098 2874 1181; x_wconf 86' lang='lat' dir='ltr'><strong>genti</strong></span> <span class='ocrx_word' id='word_1_464' title='bbox 2959 1098 3204 1164; x_wconf 89' lang='lat' dir='ltr'><strong>tribuat</strong></span> <span class='ocrx_word' id='word_1_465' title='bbox 3292 1097 3568 1164; x_wconf 89' lang='lat' dir='ltr'><strong>Balaam</strong></span> <span class='ocrx_word' id='word_1_466' title='bbox 3658 1098 3828 1183; x_wconf 91' lang='lat' dir='ltr'><strong>quod</strong></span> <span class='ocrx_word' id='word_1_467' title='bbox 3906 1098 4207 1165; x_wconf 90' lang='lat' dir='ltr'><strong>omnibus</strong></span> <span class='ocrx_word' id='word_1_468' title='bbox 4294 1111 4437 1167; x_wconf 88' lang='lat' dir='ltr'><strong>erat</strong></span> 
     </span>
     <span class='ocr_line' id='line_1_68' title="bbox 2487 1184 4438 1270; baseline 0.002 -21"><span class='ocrx_word' id='word_1_469' title='bbox 2487 1203 2867 1253; x_wconf 88' lang='lat' dir='ltr'><strong>commune:</strong></span> <span class='ocrx_word' id='word_1_470' title='bbox 2926 1205 3153 1250; x_wconf 90' lang='lat' dir='ltr'><strong>omnes</strong></span> <span class='ocrx_word' id='word_1_471' title='bbox 3207 1186 3382 1250; x_wconf 91' lang='lat' dir='ltr'><strong>enim</strong></span> <span class='ocrx_word' id='word_1_472' title='bbox 3437 1205 3758 1270; x_wconf 89' lang='lat' dir='ltr'><strong>peraeque</strong></span> <span class='ocrx_word' id='word_1_473' title='bbox 3814 1208 3853 1251; x_wconf 88' lang='lat' dir='ltr'><strong>a</strong></span> <span class='ocrx_word' id='word_1_474' title='bbox 3911 1185 4054 1251; x_wconf 87' lang='lat' dir='ltr'><strong>Noe</strong></span> <span class='ocrx_word' id='word_1_475' title='bbox 4112 1184 4438 1252; x_wconf 91' lang='lat' dir='ltr'><strong>ducebant</strong></span> 
     </span>
     <span class='ocr_line' id='line_1_69' title="bbox 2488 1269 4432 1355; baseline 0.003 -23"><span class='ocrx_word' id='word_1_476' title='bbox 2488 1269 2810 1352; x_wconf 88' lang='lat' dir='ltr'><strong>originem</strong></span> <span class='ocrx_word' id='word_1_477' title='bbox 2890 1270 3006 1354; x_wconf 91' lang='lat' dir='ltr'><strong>qui</strong></span> <span class='ocrx_word' id='word_1_478' title='bbox 3084 1281 3275 1336; x_wconf 86' lang='lat' dir='ltr'><strong>erant</strong></span> <span class='ocrx_word' id='word_1_479' title='bbox 3351 1292 3435 1336; x_wconf 87' lang='lat' dir='ltr'><strong>ex</strong></span> <span class='ocrx_word' id='word_1_480' title='bbox 3514 1272 3790 1355; x_wconf 84' lang='lat' dir='ltr'><strong>posteris</strong></span> <span class='ocrx_word' id='word_1_481' title='bbox 3870 1270 4056 1337; x_wconf 81' lang='lat' dir='ltr'><strong>Seth.</strong></span> <span class='ocrx_word' id='word_1_482' title='bbox 4149 1270 4432 1354; x_wconf 77' lang='lat' dir='ltr'><strong>Quidam</strong></span> 
     </span>
     <span class='ocr_line' id='line_1_70' title="bbox 2488 1354 4435 1441; baseline 0.004 -23"><span class='ocrx_word' id='word_1_483' title='bbox 2488 1354 2906 1436; x_wconf 87' lang='lat' dir='ltr'><strong>existimant,</strong></span> <span class='ocrx_word' id='word_1_484' title='bbox 2983 1364 3059 1422; x_wconf 90' lang='lat' dir='ltr'><strong>ut</strong></span> <span class='ocrx_word' id='word_1_485' title='bbox 3138 1365 3437 1441; x_wconf 87' lang='lat' dir='ltr'><strong>tegerent</strong></span> <span class='ocrx_word' id='word_1_486' title='bbox 3516 1378 3708 1423; x_wconf 89' lang='lat' dir='ltr'><strong>suum</strong></span> <span class='ocrx_word' id='word_1_487' title='bbox 3776 1356 4053 1422; x_wconf 90' lang='lat' dir='ltr'><strong>dedecus</strong></span> <span class='ocrx_word' id='word_1_488' title='bbox 4122 1357 4435 1441; x_wconf 87' lang='lat' dir='ltr'><strong>gloriatos</strong></span> 
     </span>
     <span class='ocr_line' id='line_1_71' title="bbox 2489 1439 4434 1528; baseline 0.003 -24"><span class='ocrx_word' id='word_1_489' title='bbox 2489 1439 2695 1505; x_wconf 87' lang='lat' dir='ltr'><strong>fuisse</strong></span> <span class='ocrx_word' id='word_1_490' title='bbox 2749 1440 2873 1507; x_wconf 88' lang='lat' dir='ltr'><strong>hac</strong></span> <span class='ocrx_word' id='word_1_491' title='bbox 2926 1442 3161 1525; x_wconf 89' lang='lat' dir='ltr'><strong>stirpe:</strong></span> <span class='ocrx_word' id='word_1_492' title='bbox 3220 1444 3463 1508; x_wconf 89' lang='lat' dir='ltr'><strong>scimus</strong></span> <span class='ocrx_word' id='word_1_493' title='bbox 3521 1442 3696 1507; x_wconf 91' lang='lat' dir='ltr'><strong>enim</strong></span> <span class='ocrx_word' id='word_1_494' title='bbox 3756 1452 4046 1507; x_wconf 89' lang='lat' dir='ltr'><strong>autorem</strong></span> <span class='ocrx_word' id='word_1_495' title='bbox 4093 1445 4308 1528; x_wconf 89' lang='lat' dir='ltr'><strong>gentis</strong></span> <span class='ocrx_word' id='word_1_496' title='bbox 4353 1465 4434 1509; x_wconf 90' lang='lat' dir='ltr'><strong>ex</strong></span> 
     </span>
     <span class='ocr_line' id='line_1_72' title="bbox 2488 1526 4434 1612; baseline 0.003 -22"><span class='ocrx_word' id='word_1_497' title='bbox 2488 1526 2856 1593; x_wconf 91' lang='lat' dir='ltr'><strong>incestuoso</strong></span> <span class='ocrx_word' id='word_1_498' title='bbox 2940 1527 3113 1593; x_wconf 89' lang='lat' dir='ltr'><strong>coitu</strong></span> <span class='ocrx_word' id='word_1_499' title='bbox 3190 1527 3389 1593; x_wconf 87' lang='lat' dir='ltr'><strong>fuisse</strong></span> <span class='ocrx_word' id='word_1_500' title='bbox 3456 1526 3887 1612; x_wconf 82' lang='lat' dir='ltr'><strong>progenitum.</strong></span> <span class='ocrx_word' id='word_1_501' title='bbox 3976 1529 4128 1593; x_wconf 86' lang='lat' dir='ltr'><strong>Alia</strong></span> <span class='ocrx_word' id='word_1_502' title='bbox 4214 1538 4434 1595; x_wconf 90' lang='lat' dir='ltr'><strong>autem</strong></span> 
     </span>
     <span class='ocr_line' id='line_1_73' title="bbox 2488 1612 4438 1698; baseline 0.002 -22"><span class='ocrx_word' id='word_1_503' title='bbox 2488 1613 2701 1696; x_wconf 90' lang='lat' dir='ltr'><strong>aptior</strong></span> <span class='ocrx_word' id='word_1_504' title='bbox 2775 1613 2938 1679; x_wconf 88' lang='lat' dir='ltr'><strong>mihi</strong></span> <span class='ocrx_word' id='word_1_505' title='bbox 3004 1616 3289 1680; x_wconf 90' lang='lat' dir='ltr'><strong>occurrit</strong></span> <span class='ocrx_word' id='word_1_506' title='bbox 3350 1615 3547 1693; x_wconf 86' lang='lat' dir='ltr'><strong>ratio,</strong></span> <span class='ocrx_word' id='word_1_507' title='bbox 3624 1612 3794 1698; x_wconf 91' lang='lat' dir='ltr'><strong>quod</strong></span> <span class='ocrx_word' id='word_1_508' title='bbox 3872 1634 4196 1679; x_wconf 91' lang='lat' dir='ltr'><strong>summam</strong></span> <span class='ocrx_word' id='word_1_509' title='bbox 4274 1616 4438 1680; x_wconf 91' lang='lat' dir='ltr'><strong>anti-</strong></span> 
     </span>
     <span class='ocr_line' id='line_1_74' title="bbox 2488 1698 4434 1784; baseline 0.001 -21"><span class='ocrx_word' id='word_1_510' title='bbox 2488 1698 2804 1780; x_wconf 89' lang='lat' dir='ltr'><strong>quitatem</strong></span> <span class='ocrx_word' id='word_1_511' title='bbox 2878 1699 2984 1766; x_wconf 91' lang='lat' dir='ltr'><strong>sui</strong></span> <span class='ocrx_word' id='word_1_512' title='bbox 3062 1700 3322 1784; x_wconf 88' lang='lat' dir='ltr'><strong>generis</strong></span> <span class='ocrx_word' id='word_1_513' title='bbox 3388 1701 3808 1777; x_wconf 89' lang='lat' dir='ltr'><strong>iactaverint,</strong></span> <span class='ocrx_word' id='word_1_514' title='bbox 3876 1709 3949 1765; x_wconf 91' lang='lat' dir='ltr'><strong>ut</strong></span> <span class='ocrx_word' id='word_1_515' title='bbox 4014 1699 4434 1767; x_wconf 88' lang='lat' dir='ltr'><strong>Amalecitae.</strong></span> 
     </span>
     <span class='ocr_line' id='line_1_75' title="bbox 2486 1782 4435 1869; baseline 0.001 -20"><span class='ocrx_word' id='word_1_516' title='bbox 2486 1782 2670 1868; x_wconf 88' lang='lat' dir='ltr'><strong>Ergo</strong></span> <span class='ocrx_word' id='word_1_517' title='bbox 2750 1806 2952 1867; x_wconf 92' lang='lat' dir='ltr'><strong>quum</strong></span> <span class='ocrx_word' id='word_1_518' title='bbox 3026 1785 3201 1851; x_wconf 89' lang='lat' dir='ltr'><strong>inter</strong></span> <span class='ocrx_word' id='word_1_519' title='bbox 3278 1786 3758 1852; x_wconf 89' lang='lat' dir='ltr'><strong>vetustissimos</strong></span> <span class='ocrx_word' id='word_1_520' title='bbox 3831 1787 4104 1869; x_wconf 90' lang='lat' dir='ltr'><strong>populos</strong></span> <span class='ocrx_word' id='word_1_521' title='bbox 4182 1788 4435 1852; x_wconf 91' lang='lat' dir='ltr'><strong>censeri</strong></span> 
     </span>
     <span class='ocr_line' id='line_1_76' title="bbox 2491 1869 4436 1955; baseline 0.001 -20"><span class='ocrx_word' id='word_1_522' title='bbox 2491 1870 2773 1951; x_wconf 88' lang='lat' dir='ltr'><strong>vellent,</strong></span> <span class='ocrx_word' id='word_1_523' title='bbox 2842 1869 3200 1936; x_wconf 90' lang='lat' dir='ltr'><strong>absurdum</strong></span> <span class='ocrx_word' id='word_1_524' title='bbox 3269 1892 3398 1936; x_wconf 91' lang='lat' dir='ltr'><strong>non</strong></span> <span class='ocrx_word' id='word_1_525' title='bbox 3468 1872 3621 1947; x_wconf 87' lang='lat' dir='ltr'><strong>erit,</strong></span> <span class='ocrx_word' id='word_1_526' title='bbox 3702 1873 3946 1937; x_wconf 91' lang='lat' dir='ltr'><strong>ironica</strong></span> <span class='ocrx_word' id='word_1_527' title='bbox 4001 1871 4436 1955; x_wconf 87' lang='lat' dir='ltr'><strong>appellatione</strong></span> 
     </span>
     <span class='ocr_line' id='line_1_77' title="bbox 2486 1957 4436 2040; baseline 0.001 -19"><span class='ocrx_word' id='word_1_528' title='bbox 2486 1957 2845 2040; x_wconf 89' lang='lat' dir='ltr'><strong>perstringi</strong></span> <span class='ocrx_word' id='word_1_529' title='bbox 2930 1977 3175 2021; x_wconf 90' lang='lat' dir='ltr'><strong>vanum</strong></span> <span class='ocrx_word' id='word_1_530' title='bbox 3272 1977 3498 2022; x_wconf 89' lang='lat' dir='ltr'><strong>eorum</strong></span> <span class='ocrx_word' id='word_1_531' title='bbox 3585 1957 3847 2022; x_wconf 87' lang='lat' dir='ltr'><strong>fastum.</strong></span> <span class='ocrx_word' id='word_1_532' title='bbox 3947 1957 4129 2023; x_wconf 84' lang='lat' dir='ltr'><strong>Fieri</strong></span> <span class='ocrx_word' id='word_1_533' title='bbox 4215 1966 4436 2023; x_wconf 89' lang='lat' dir='ltr'><strong>tamen</strong></span> 
     </span>
     <span class='ocr_line' id='line_1_78' title="bbox 2488 2041 4436 2126; baseline 0 -19"><span class='ocrx_word' id='word_1_534' title='bbox 2488 2051 2701 2125; x_wconf 89' lang='lat' dir='ltr'><strong>potest</strong></span> <span class='ocrx_word' id='word_1_535' title='bbox 2742 2052 2819 2107; x_wconf 92' lang='lat' dir='ltr'><strong>ut</strong></span> <span class='ocrx_word' id='word_1_536' title='bbox 2857 2041 3034 2108; x_wconf 89' lang='lat' dir='ltr'><strong>inter</strong></span> <span class='ocrx_word' id='word_1_537' title='bbox 3077 2042 3600 2125; x_wconf 82' lang='lat' dir='ltr'><strong>posteros-Moab</strong></span> <span class='ocrx_word' id='word_1_538' title='bbox 3644 2043 3964 2126; x_wconf 89' lang='lat' dir='ltr'><strong>quispiam</strong></span> <span class='ocrx_word' id='word_1_539' title='bbox 4012 2042 4135 2109; x_wconf 93' lang='lat' dir='ltr'><strong>hoc</strong></span> <span class='ocrx_word' id='word_1_540' title='bbox 4171 2044 4436 2109; x_wconf 91' lang='lat' dir='ltr'><strong>nomine</strong></span> 
     </span>
     <span class='ocr_line' id='line_1_79' title="bbox 2488 2126 4436 2216; baseline 0.001 -25"><span class='ocrx_word' id='word_1_541' title='bbox 2488 2127 2889 2194; x_wconf 83' lang='lat' dir='ltr'><strong>excelluerit.</strong></span> <span class='ocrx_word' id='word_1_542' title='bbox 2977 2127 3330 2194; x_wconf 81' lang='lat' dir='ltr'><strong>Caeterum</strong></span> <span class='ocrx_word' id='word_1_543' title='bbox 3411 2126 3512 2212; x_wconf 90' lang='lat' dir='ltr'><strong>(ut</strong></span> <span class='ocrx_word' id='word_1_544' title='bbox 3578 2149 3789 2211; x_wconf 89' lang='lat' dir='ltr'><strong>nuper</strong></span> <span class='ocrx_word' id='word_1_545' title='bbox 3854 2126 4018 2216; x_wconf 91' lang='lat' dir='ltr'><strong>dixi)</strong></span> <span class='ocrx_word' id='word_1_546' title='bbox 4085 2150 4124 2192; x_wconf 90' lang='lat' dir='ltr'><strong>a</strong></span> <span class='ocrx_word' id='word_1_547' title='bbox 4183 2128 4436 2194; x_wconf 89' lang='lat' dir='ltr'><strong>Davide</strong></span> 
     </span>
     <span class='ocr_line' id='line_1_80' title="bbox 2487 2212 4434 2299; baseline 0.001 -22"><span class='ocrx_word' id='word_1_548' title='bbox 2487 2212 2748 2296; x_wconf 90' lang='lat' dir='ltr'><strong>quidem</strong></span> <span class='ocrx_word' id='word_1_549' title='bbox 2807 2213 2930 2280; x_wconf 91' lang='lat' dir='ltr'><strong>sub</strong></span> <span class='ocrx_word' id='word_1_550' title='bbox 2973 2215 3198 2299; x_wconf 88' lang='lat' dir='ltr'><strong>iugum</strong></span> <span class='ocrx_word' id='word_1_551' title='bbox 3245 2217 3449 2281; x_wconf 87' lang='lat' dir='ltr'><strong>coacti</strong></span> <span class='ocrx_word' id='word_1_552' title='bbox 3492 2227 3646 2280; x_wconf 89' lang='lat' dir='ltr'><strong>sunt</strong></span> <span class='ocrx_word' id='word_1_553' title='bbox 3695 2224 3831 2280; x_wconf 89' lang='lat' dir='ltr'><strong>tam</strong></span> <span class='ocrx_word' id='word_1_554' title='bbox 3879 2214 4205 2280; x_wconf 86' lang='lat' dir='ltr'><strong>Moabitae</strong></span> <span class='ocrx_word' id='word_1_555' title='bbox 4242 2235 4434 2298; x_wconf 91' lang='lat' dir='ltr'><strong>quam</strong></span> 
     </span>
     <span class='ocr_line' id='line_1_81' title="bbox 2488 2298 4440 2385; baseline 0.001 -22"><span class='ocrx_word' id='word_1_556' title='bbox 2488 2298 2815 2365; x_wconf 86' lang='lat' dir='ltr'><strong>Idumaei:</strong></span> <span class='ocrx_word' id='word_1_557' title='bbox 2897 2301 3065 2367; x_wconf 90' lang='lat' dir='ltr'><strong>sicut</strong></span> <span class='ocrx_word' id='word_1_558' title='bbox 3143 2301 3378 2364; x_wconf 90' lang='lat' dir='ltr'><strong>merito</strong></span> <span class='ocrx_word' id='word_1_559' title='bbox 3459 2300 3538 2365; x_wconf 91' lang='lat' dir='ltr'><strong>de</strong></span> <span class='ocrx_word' id='word_1_560' title='bbox 3616 2299 3745 2364; x_wconf 88' lang='lat' dir='ltr'><strong>illis</strong></span> <span class='ocrx_word' id='word_1_561' title='bbox 3832 2321 3984 2366; x_wconf 91' lang='lat' dir='ltr'><strong>suos</strong></span> <span class='ocrx_word' id='word_1_562' title='bbox 4069 2300 4440 2385; x_wconf 88' lang='lat' dir='ltr'><strong>triumphos</strong></span> 
     </span>
     <span class='ocr_line' id='line_1_82' title="bbox 2489 2384 4438 2469; baseline 0 -17"><span class='ocrx_word' id='word_1_563' title='bbox 2489 2387 2699 2465; x_wconf 86' lang='lat' dir='ltr'><strong>canit,</strong></span> <span class='ocrx_word' id='word_1_564' title='bbox 2756 2387 2951 2452; x_wconf 88' lang='lat' dir='ltr'><strong>Moab</strong></span> <span class='ocrx_word' id='word_1_565' title='bbox 2996 2386 3126 2452; x_wconf 86' lang='lat' dir='ltr'><strong>olla</strong></span> <span class='ocrx_word' id='word_1_566' title='bbox 3167 2384 3429 2451; x_wconf 91' lang='lat' dir='ltr'><strong>lotionis</strong></span> <span class='ocrx_word' id='word_1_567' title='bbox 3472 2405 3682 2449; x_wconf 91' lang='lat' dir='ltr'><strong>meae:</strong></span> <span class='ocrx_word' id='word_1_568' title='bbox 3742 2406 3942 2469; x_wconf 89' lang='lat' dir='ltr'><strong>super</strong></span> <span class='ocrx_word' id='word_1_569' title='bbox 3985 2385 4194 2450; x_wconf 85' lang='lat' dir='ltr'><strong>Edem</strong></span> <span class='ocrx_word' id='word_1_570' title='bbox 4244 2387 4438 2469; x_wconf 91' lang='lat' dir='ltr'><strong>proii-</strong></span> 
     </span>
     <span class='ocr_line' id='line_1_83' title="bbox 2490 2468 4441 2557; baseline 0 -21"><span class='ocrx_word' id='word_1_571' title='bbox 2490 2472 2657 2536; x_wconf 88' lang='lat' dir='ltr'><strong>ciam</strong></span> <span class='ocrx_word' id='word_1_572' title='bbox 2722 2472 2971 2537; x_wconf 88' lang='lat' dir='ltr'><strong>calceos</strong></span> <span class='ocrx_word' id='word_1_573' title='bbox 3014 2493 3220 2537; x_wconf 91' lang='lat' dir='ltr'><strong>meos:</strong></span> <span class='ocrx_word' id='word_1_574' title='bbox 3266 2468 3472 2557; x_wconf 89' lang='lat' dir='ltr'><strong>(Psal.</strong></span> <span class='ocrx_word' id='word_1_575' title='bbox 3519 2471 3636 2545; x_wconf 87' lang='lat'><strong>60,</strong></span> <span class='ocrx_word' id='word_1_576' title='bbox 3695 2469 3803 2557; x_wconf 90' lang='grc'><strong>10)</strong></span> <span class='ocrx_word' id='word_1_577' title='bbox 3849 2471 3956 2537; x_wconf 92' lang='lat' dir='ltr'><strong>sed</strong></span> <span class='ocrx_word' id='word_1_578' title='bbox 4011 2481 4169 2537; x_wconf 89' lang='lat' dir='ltr'><strong>tunc</strong></span> <span class='ocrx_word' id='word_1_579' title='bbox 4214 2470 4441 2538; x_wconf 88' lang='lat' dir='ltr'><strong>adum·</strong></span> 
     </span>
     <span class='ocr_line' id='line_1_84' title="bbox 2491 2555 4440 2640; baseline 0 -18"><span class='ocrx_word' id='word_1_580' title='bbox 2491 2558 2753 2622; x_wconf 84' lang='lat' dir='ltr'><strong>bratum</strong></span> <span class='ocrx_word' id='word_1_581' title='bbox 2811 2559 2937 2623; x_wconf 84' lang='lat' dir='ltr'><strong>fuit</strong></span> <span class='ocrx_word' id='word_1_582' title='bbox 2989 2558 3317 2623; x_wconf 88' lang='lat' dir='ltr'><strong>duntaxat</strong></span> <span class='ocrx_word' id='word_1_583' title='bbox 3372 2556 3544 2640; x_wconf 89' lang='lat' dir='ltr'><strong>quod</strong></span> <span class='ocrx_word' id='word_1_584' title='bbox 3586 2556 3896 2623; x_wconf 89' lang='lat' dir='ltr'><strong>Christus</strong></span> <span class='ocrx_word' id='word_1_585' title='bbox 3942 2555 4207 2622; x_wconf 90' lang='lat' dir='ltr'><strong>demum</strong></span> <span class='ocrx_word' id='word_1_586' title='bbox 4253 2557 4440 2622; x_wconf 87' lang='lat' dir='ltr'><strong>exhi-</strong></span> 
     </span>
     <span class='ocr_line' id='line_1_85' title="bbox 2492 2642 4441 2728; baseline 0 -20"><span class='ocrx_word' id='word_1_587' title='bbox 2492 2642 2669 2708; x_wconf 87' lang='lat' dir='ltr'><strong>buit:</strong></span> <span class='ocrx_word' id='word_1_588' title='bbox 2736 2644 2887 2726; x_wconf 90' lang='lat' dir='ltr'><strong>quia</strong></span> <span class='ocrx_word' id='word_1_589' title='bbox 2952 2645 3022 2708; x_wconf 90' lang='lat' dir='ltr'><strong>in</strong></span> <span class='ocrx_word' id='word_1_590' title='bbox 3087 2642 3369 2708; x_wconf 90' lang='lat' dir='ltr'><strong>nihilum</strong></span> <span class='ocrx_word' id='word_1_591' title='bbox 3437 2643 3689 2727; x_wconf 75' lang='lat' dir='ltr'><strong>redegit</strong></span> <span class='ocrx_word' id='word_1_592' title='bbox 3753 2653 3984 2728; x_wconf 84' lang='lat' dir='ltr'><strong>gentes</strong></span> <span class='ocrx_word' id='word_1_593' title='bbox 4042 2662 4268 2708; x_wconf 89' lang='lat' dir='ltr'><strong>omnes</strong></span> <span class='ocrx_word' id='word_1_594' title='bbox 4325 2664 4441 2708; x_wconf 91' lang='lat' dir='ltr'><strong>suo</strong></span> 
     </span>
     <span class='ocr_line' id='line_1_86' title="bbox 2490 2726 4442 2811; baseline 0 -18"><span class='ocrx_word' id='word_1_595' title='bbox 2490 2729 2766 2811; x_wconf 91' lang='lat' dir='ltr'><strong>imperio</strong></span> <span class='ocrx_word' id='word_1_596' title='bbox 2820 2729 3132 2796; x_wconf 89' lang='lat' dir='ltr'><strong>adversas</strong></span> <span class='ocrx_word' id='word_1_597' title='bbox 3176 2738 3245 2795; x_wconf 90' lang='lat' dir='ltr'><strong>et</strong></span> <span class='ocrx_word' id='word_1_598' title='bbox 3286 2730 3574 2796; x_wconf 87' lang='lat' dir='ltr'><strong>infestas.</strong></span> <span class='ocrx_word' id='word_1_599' title='bbox 3663 2728 3823 2794; x_wconf 92' lang='lat' dir='ltr'><strong>Ideo</strong></span> <span class='ocrx_word' id='word_1_600' title='bbox 3878 2728 4142 2794; x_wconf 87' lang='lat' dir='ltr'><strong>dicitur:</strong></span> <span class='ocrx_word' id='word_1_601' title='bbox 4199 2726 4442 2793; x_wconf 90' lang='lat' dir='ltr'><strong>Perdet</strong></span> 
     </span>
     <span class='ocr_line' id='line_1_87' title="bbox 2490 2814 4444 2899; baseline -0.001 -19"><span class='ocrx_word' id='word_1_602' title='bbox 2490 2814 2825 2880; x_wconf 88' lang='lat' dir='ltr'><strong>residuum</strong></span> <span class='ocrx_word' id='word_1_603' title='bbox 2889 2837 2971 2880; x_wconf 88' lang='lat' dir='ltr'><strong>ex</strong></span> <span class='ocrx_word' id='word_1_604' title='bbox 3030 2815 3327 2895; x_wconf 91' lang='lat' dir='ltr'><strong>urbibus,</strong></span> <span class='ocrx_word' id='word_1_605' title='bbox 3388 2836 3627 2899; x_wconf 90' lang='lat' dir='ltr'><strong>nempe</strong></span> <span class='ocrx_word' id='word_1_606' title='bbox 3685 2834 4104 2898; x_wconf 89' lang='lat' dir='ltr'><strong>quoscunque</strong></span> <span class='ocrx_word' id='word_1_607' title='bbox 4163 2816 4444 2897; x_wconf 88' lang='lat' dir='ltr'><strong>reperiet</strong></span> 
     </span>
     <span class='ocr_line' id='line_1_88' title="bbox 2492 2900 3141 2984; baseline 0.003 -19"><span class='ocrx_word' id='word_1_608' title='bbox 2492 2900 2859 2984; x_wconf 90' lang='lat' dir='ltr'><strong>deploratos</strong></span> <span class='ocrx_word' id='word_1_609' title='bbox 2900 2901 3141 2969; x_wconf 86' lang='lat' dir='ltr'><strong>hostes.</strong></span> 
     </span>
    </p>

    <p class='ocr_par' dir='ltr' id='par_1_8' title="bbox 2486 2985 4444 4772">
     <span class='ocr_line' id='line_1_89' title="bbox 2663 2985 4440 3070; baseline -0.001 -18"><span class='ocrx_word' id='word_1_610' title='bbox 2663 2987 2768 3053; x_wconf 83' lang='lat'><strong>20.</strong></span> <span class='ocrx_word' id='word_1_611' title='bbox 2826 2986 2916 3052; x_wconf 81' lang='lat' dir='ltr'><strong>Et</strong></span> <span class='ocrx_word' id='word_1_612' title='bbox 2971 3006 3163 3070; x_wconf 75' lang='lat' dir='ltr'><strong>quum</strong></span> <span class='ocrx_word' id='word_1_613' title='bbox 3213 2986 3475 3052; x_wconf 74' lang='lat' dir='ltr'><strong>vidisset</strong></span> <span class='ocrx_word' id='word_1_614' title='bbox 3527 2985 3802 3053; x_wconf 73' lang='lat' dir='ltr'><strong>Amalec.</strong></span> <span class='ocrx_word' id='word_1_615' title='bbox 3893 2989 4112 3051; x_wconf 88' lang='lat' dir='ltr'><strong>Antea</strong></span> <span class='ocrx_word' id='word_1_616' title='bbox 4181 2985 4440 3051; x_wconf 89' lang='lat' dir='ltr'><strong>coelesti</strong></span> 
     </span>
     <span class='ocr_line' id='line_1_90' title="bbox 2493 3070 4440 3157; baseline -0.001 -19"><span class='ocrx_word' id='word_1_617' title='bbox 2493 3072 2756 3139; x_wconf 88' lang='lat' dir='ltr'><strong>decreto</strong></span> <span class='ocrx_word' id='word_1_618' title='bbox 2830 3073 3187 3140; x_wconf 88' lang='lat' dir='ltr'><strong>destinatus</strong></span> <span class='ocrx_word' id='word_1_619' title='bbox 3245 3072 3446 3139; x_wconf 89' lang='lat' dir='ltr'><strong>exitio</strong></span> <span class='ocrx_word' id='word_1_620' title='bbox 3499 3073 3718 3139; x_wconf 84' lang='lat' dir='ltr'><strong>fuerat</strong></span> <span class='ocrx_word' id='word_1_621' title='bbox 3770 3072 4053 3157; x_wconf 91' lang='lat' dir='ltr'><strong>populus</strong></span> <span class='ocrx_word' id='word_1_622' title='bbox 4115 3070 4256 3152; x_wconf 91' lang='lat' dir='ltr'><strong>ille,</strong></span> <span class='ocrx_word' id='word_1_623' title='bbox 4328 3070 4440 3137; x_wconf 92' lang='lat' dir='ltr'><strong>sed</strong></span> 
     </span>
     <span class='ocr_line' id='line_1_91' title="bbox 2492 3158 4439 3243; baseline -0.001 -19"><span class='ocrx_word' id='word_1_624' title='bbox 2492 3158 2664 3243; x_wconf 91' lang='lat' dir='ltr'><strong>quod</strong></span> <span class='ocrx_word' id='word_1_625' title='bbox 2723 3160 2855 3225; x_wconf 88' lang='lat' dir='ltr'><strong>iam</strong></span> <span class='ocrx_word' id='word_1_626' title='bbox 2911 3159 3465 3243; x_wconf 86' lang='lat' dir='ltr'><strong>pronunciaverat</strong></span> <span class='ocrx_word' id='word_1_627' title='bbox 3506 3159 3719 3238; x_wconf 90' lang='lat' dir='ltr'><strong>Deus,</strong></span> <span class='ocrx_word' id='word_1_628' title='bbox 3764 3179 3883 3241; x_wconf 91' lang='lat' dir='ltr'><strong>per</strong></span> <span class='ocrx_word' id='word_1_629' title='bbox 3924 3158 4155 3223; x_wconf 91' lang='lat' dir='ltr'><strong>Mosen</strong></span> <span class='ocrx_word' id='word_1_630' title='bbox 4201 3158 4439 3223; x_wconf 88' lang='lat' dir='ltr'><strong>iterum</strong></span> 
     </span>
     <span class='ocr_line' id='line_1_92' title="bbox 2493 3243 4444 3326; baseline -0.001 -14"><span class='ocrx_word' id='word_1_631' title='bbox 2493 3246 2803 3312; x_wconf 86' lang='lat' dir='ltr'><strong>sancitur.</strong></span> <span class='ocrx_word' id='word_1_632' title='bbox 2906 3247 3053 3312; x_wconf 87' lang='lat' dir='ltr'><strong>Etsi</strong></span> <span class='ocrx_word' id='word_1_633' title='bbox 3127 3254 3348 3311; x_wconf 88' lang='lat' dir='ltr'><strong>autem</strong></span> <span class='ocrx_word' id='word_1_634' title='bbox 3430 3243 3721 3310; x_wconf 88' lang='lat' dir='ltr'><strong>vindicta</strong></span> <span class='ocrx_word' id='word_1_635' title='bbox 3792 3264 3985 3326; x_wconf 89' lang='lat' dir='ltr'><strong>quam</strong></span> <span class='ocrx_word' id='word_1_636' title='bbox 4060 3253 4444 3326; x_wconf 84' lang='lat' dir='ltr'><strong>sumpturus</strong></span> 
     </span>
     <span class='ocr_line' id='line_1_93' title="bbox 2494 3329 4441 3417; baseline -0.001 -20"><span class='ocrx_word' id='word_1_637' title='bbox 2494 3339 2636 3397; x_wconf 88' lang='lat' dir='ltr'><strong>erat</strong></span> <span class='ocrx_word' id='word_1_638' title='bbox 2689 3333 2904 3411; x_wconf 91' lang='lat' dir='ltr'><strong>Deus,</strong></span> <span class='ocrx_word' id='word_1_639' title='bbox 2963 3331 3177 3417; x_wconf 89' lang='lat' dir='ltr'><strong>sopita</strong></span> <span class='ocrx_word' id='word_1_640' title='bbox 3221 3329 3520 3414; x_wconf 90' lang='lat' dir='ltr'><strong>pluribus</strong></span> <span class='ocrx_word' id='word_1_641' title='bbox 3563 3329 3840 3395; x_wconf 86' lang='lat' dir='ltr'><strong>saeculis</strong></span> <span class='ocrx_word' id='word_1_642' title='bbox 3882 3329 4117 3407; x_wconf 88' lang='lat' dir='ltr'><strong>iacuit,</strong></span> <span class='ocrx_word' id='word_1_643' title='bbox 4178 3329 4441 3395; x_wconf 87' lang='lat' dir='ltr'><strong>tandem</strong></span> 
     </span>
     <span class='ocr_line' id='line_1_94' title="bbox 2493 3416 4440 3503; baseline -0.002 -20"><span class='ocrx_word' id='word_1_644' title='bbox 2493 3438 2567 3483; x_wconf 89' lang='lat' dir='ltr'><strong>re</strong></span> <span class='ocrx_word' id='word_1_645' title='bbox 2612 3419 2755 3503; x_wconf 88' lang='lat' dir='ltr'><strong>ipsa</strong></span> <span class='ocrx_word' id='word_1_646' title='bbox 2812 3419 3145 3502; x_wconf 91' lang='lat' dir='ltr'><strong>cognitum</strong></span> <span class='ocrx_word' id='word_1_647' title='bbox 3191 3418 3318 3482; x_wconf 87' lang='lat' dir='ltr'><strong>fuit</strong></span> <span class='ocrx_word' id='word_1_648' title='bbox 3358 3417 3574 3481; x_wconf 90' lang='lat' dir='ltr'><strong>Deum</strong></span> <span class='ocrx_word' id='word_1_649' title='bbox 3629 3437 3758 3480; x_wconf 91' lang='lat' dir='ltr'><strong>non</strong></span> <span class='ocrx_word' id='word_1_650' title='bbox 3813 3416 4056 3481; x_wconf 85' lang='lat' dir='ltr'><strong>frustra</strong></span> <span class='ocrx_word' id='word_1_651' title='bbox 4121 3417 4440 3481; x_wconf 90' lang='lat' dir='ltr'><strong>minatum</strong></span> 
     </span>
     <span class='ocr_line' id='line_1_95' title="bbox 2492 3500 4441 3589; baseline 0.001 -23"><span class='ocrx_word' id='word_1_652' title='bbox 2492 3524 2653 3569; x_wconf 89' lang='lat' dir='ltr'><strong>esse.</strong></span> <span class='ocrx_word' id='word_1_653' title='bbox 2743 3503 2951 3568; x_wconf 90' lang='lat' dir='ltr'><strong>Porro</strong></span> <span class='ocrx_word' id='word_1_654' title='bbox 3040 3523 3416 3589; x_wconf 89' lang='lat' dir='ltr'><strong>quanquam</strong></span> <span class='ocrx_word' id='word_1_655' title='bbox 3482 3524 3521 3567; x_wconf 92' lang='lat' dir='ltr'><strong>a</strong></span> <span class='ocrx_word' id='word_1_656' title='bbox 3599 3500 3797 3568; x_wconf 87' lang='lat' dir='ltr'><strong>Saule</strong></span> <span class='ocrx_word' id='word_1_657' title='bbox 3885 3501 4081 3567; x_wconf 86' lang='lat' dir='ltr'><strong>deleti</strong></span> <span class='ocrx_word' id='word_1_658' title='bbox 4160 3502 4441 3581; x_wconf 87' lang='lat' dir='ltr'><strong>fuerant,</strong></span> 
     </span>
     <span class='ocr_line' id='line_1_96' title="bbox 2489 3586 4442 3671; baseline -0.001 -17"><span class='ocrx_word' id='word_1_659' title='bbox 2489 3588 2801 3654; x_wconf 89' lang='lat' dir='ltr'><strong>discimus</strong></span> <span class='ocrx_word' id='word_1_660' title='bbox 2845 3599 3068 3655; x_wconf 89' lang='lat' dir='ltr'><strong>tamen</strong></span> <span class='ocrx_word' id='word_1_661' title='bbox 3112 3611 3193 3654; x_wconf 94' lang='lat' dir='ltr'><strong>ex</strong></span> <span class='ocrx_word' id='word_1_662' title='bbox 3239 3588 3553 3654; x_wconf 90' lang='lat' dir='ltr'><strong>historiae</strong></span> <span class='ocrx_word' id='word_1_663' title='bbox 3595 3595 3907 3654; x_wconf 90' lang='lat' dir='ltr'><strong>contextu</strong></span> <span class='ocrx_word' id='word_1_664' title='bbox 3951 3588 4151 3653; x_wconf 85' lang='lat' dir='ltr'><strong>fuisse</strong></span> <span class='ocrx_word' id='word_1_665' title='bbox 4193 3586 4442 3671; x_wconf 89' lang='lat' dir='ltr'><strong>aliquos</strong></span> 
     </span>
     <span class='ocr_line' id='line_1_97' title="bbox 2490 3671 4441 3758; baseline -0.001 -18"><span class='ocrx_word' id='word_1_666' title='bbox 2490 3676 2910 3758; x_wconf 88' lang='lat' dir='ltr'><strong>superstites,</strong></span> <span class='ocrx_word' id='word_1_667' title='bbox 2990 3683 3057 3741; x_wconf 89' lang='lat' dir='ltr'><strong>et</strong></span> <span class='ocrx_word' id='word_1_668' title='bbox 3137 3695 3367 3741; x_wconf 88' lang='lat' dir='ltr'><strong>rursus</strong></span> <span class='ocrx_word' id='word_1_669' title='bbox 3433 3675 3500 3739; x_wconf 93' lang='lat' dir='ltr'><strong>in</strong></span> <span class='ocrx_word' id='word_1_670' title='bbox 3569 3695 3688 3739; x_wconf 86' lang='lat' dir='ltr'><strong>sua</strong></span> <span class='ocrx_word' id='word_1_671' title='bbox 3768 3673 4032 3757; x_wconf 91' lang='lat' dir='ltr'><strong>regione</strong></span> <span class='ocrx_word' id='word_1_672' title='bbox 4096 3671 4441 3738; x_wconf 88' lang='lat' dir='ltr'><strong>habitasse.</strong></span> 
     </span>
     <span class='ocr_line' id='line_1_98' title="bbox 2489 3757 4440 3845; baseline -0.001 -20"><span class='ocrx_word' id='word_1_673' title='bbox 2489 3760 2724 3845; x_wconf 91' lang='lat' dir='ltr'><strong>Itaque</strong></span> <span class='ocrx_word' id='word_1_674' title='bbox 2768 3769 2845 3826; x_wconf 91' lang='lat' dir='ltr'><strong>ut</strong></span> <span class='ocrx_word' id='word_1_675' title='bbox 2887 3762 3074 3827; x_wconf 90' lang='lat' dir='ltr'><strong>nobis</strong></span> <span class='ocrx_word' id='word_1_676' title='bbox 3117 3770 3369 3828; x_wconf 87' lang='lat' dir='ltr'><strong>constet</strong></span> <span class='ocrx_word' id='word_1_677' title='bbox 3413 3759 3618 3826; x_wconf 86' lang='lat' dir='ltr'><strong>solida</strong></span> <span class='ocrx_word' id='word_1_678' title='bbox 3661 3761 3925 3835; x_wconf 89' lang='lat' dir='ltr'><strong>veritas,</strong></span> <span class='ocrx_word' id='word_1_679' title='bbox 3970 3758 4054 3823; x_wconf 90' lang='lat' dir='ltr'><strong>ad</strong></span> <span class='ocrx_word' id='word_1_680' title='bbox 4100 3757 4440 3824; x_wconf 82' lang='lat' dir='ltr'><strong>Christum</strong></span> 
     </span>
     <span class='ocr_line' id='line_1_99' title="bbox 2492 3847 4443 3929; baseline -0.002 -17"><span class='ocrx_word' id='word_1_681' title='bbox 2492 3847 2720 3912; x_wconf 88' lang='lat' dir='ltr'><strong>venire</strong></span> <span class='ocrx_word' id='word_1_682' title='bbox 2797 3867 3060 3912; x_wconf 90' lang='lat' dir='ltr'><strong>necesse</strong></span> <span class='ocrx_word' id='word_1_683' title='bbox 3136 3856 3270 3925; x_wconf 92' lang='lat' dir='ltr'><strong>est,</strong></span> <span class='ocrx_word' id='word_1_684' title='bbox 3350 3848 3536 3913; x_wconf 90' lang='lat' dir='ltr'><strong>cuius</strong></span> <span class='ocrx_word' id='word_1_685' title='bbox 3614 3865 3889 3929; x_wconf 90' lang='lat' dir='ltr'><strong>regnum</strong></span> <span class='ocrx_word' id='word_1_686' title='bbox 3957 3853 4266 3910; x_wconf 89' lang='lat' dir='ltr'><strong>aeternus</strong></span> <span class='ocrx_word' id='word_1_687' title='bbox 4343 3858 4443 3911; x_wconf 90' lang='lat' dir='ltr'><strong>est</strong></span> 
     </span>
     <span class='ocr_line' id='line_1_100' title="bbox 2490 3929 4441 4017; baseline -0.002 -19"><span class='ocrx_word' id='word_1_688' title='bbox 2490 3933 2787 3998; x_wconf 90' lang='lat' dir='ltr'><strong>omnium</strong></span> <span class='ocrx_word' id='word_1_689' title='bbox 2832 3930 3277 4017; x_wconf 89' lang='lat' dir='ltr'><strong>improborum</strong></span> <span class='ocrx_word' id='word_1_690' title='bbox 3323 3932 3646 3998; x_wconf 89' lang='lat' dir='ltr'><strong>interitus.</strong></span> <span class='ocrx_word' id='word_1_691' title='bbox 3735 3929 4080 4014; x_wconf 84' lang='lat' dir='ltr'><strong>Frigidum</strong></span> <span class='ocrx_word' id='word_1_692' title='bbox 4128 3941 4227 3993; x_wconf 89' lang='lat' dir='ltr'><strong>est</strong></span> <span class='ocrx_word' id='word_1_693' title='bbox 4272 3929 4441 4014; x_wconf 90' lang='lat' dir='ltr'><strong>quod</strong></span> 
     </span>
     <span class='ocr_line' id='line_1_101' title="bbox 2490 4017 4440 4103; baseline -0.002 -19"><span class='ocrx_word' id='word_1_694' title='bbox 2490 4028 2728 4103; x_wconf 88' lang='lat' dir='ltr'><strong>putant</strong></span> <span class='ocrx_word' id='word_1_695' title='bbox 2804 4019 3067 4103; x_wconf 89' lang='lat' dir='ltr'><strong>quidam</strong></span> <span class='ocrx_word' id='word_1_696' title='bbox 3155 4021 3578 4102; x_wconf 87' lang='lat' dir='ltr'><strong>interpretes,</strong></span> <span class='ocrx_word' id='word_1_697' title='bbox 3665 4017 4061 4102; x_wconf 88' lang='lat' dir='ltr'><strong>principium</strong></span> <span class='ocrx_word' id='word_1_698' title='bbox 4147 4017 4440 4100; x_wconf 91' lang='lat' dir='ltr'><strong>gentium</strong></span> 
     </span>
     <span class='ocr_line' id='line_1_102' title="bbox 2492 4102 4442 4189; baseline -0.003 -20"><span class='ocrx_word' id='word_1_699' title='bbox 2492 4107 2711 4171; x_wconf 91' lang='lat' dir='ltr'><strong>vocari</strong></span> <span class='ocrx_word' id='word_1_700' title='bbox 2778 4105 3078 4185; x_wconf 87' lang='lat' dir='ltr'><strong>Amalec,</strong></span> <span class='ocrx_word' id='word_1_701' title='bbox 3145 4106 3298 4189; x_wconf 90' lang='lat' dir='ltr'><strong>quia</strong></span> <span class='ocrx_word' id='word_1_702' title='bbox 3362 4104 3556 4188; x_wconf 91' lang='lat' dir='ltr'><strong>primi</strong></span> <span class='ocrx_word' id='word_1_703' title='bbox 3621 4123 3807 4169; x_wconf 91' lang='lat' dir='ltr'><strong>arma</strong></span> <span class='ocrx_word' id='word_1_704' title='bbox 3871 4102 4305 4185; x_wconf 89' lang='lat' dir='ltr'><strong>sumpserint,</strong></span> <span class='ocrx_word' id='word_1_705' title='bbox 4374 4112 4442 4165; x_wconf 91' lang='lat' dir='ltr'><strong>et</strong></span> 
     </span>
     <span class='ocr_line' id='line_1_103' title="bbox 2491 4188 4435 4273; baseline -0.002 -17"><span class='ocrx_word' id='word_1_706' title='bbox 2491 4191 2897 4257; x_wconf 89' lang='lat' dir='ltr'><strong>occurrerint</strong></span> <span class='ocrx_word' id='word_1_707' title='bbox 2954 4190 3272 4257; x_wconf 87' lang='lat' dir='ltr'><strong>Israelitis</strong></span> <span class='ocrx_word' id='word_1_708' title='bbox 3329 4188 3409 4254; x_wconf 87' lang='lat' dir='ltr'><strong>ad</strong></span> <span class='ocrx_word' id='word_1_709' title='bbox 3467 4188 3947 4273; x_wconf 88' lang='lat' dir='ltr'><strong>prohibendum</strong></span> <span class='ocrx_word' id='word_1_710' title='bbox 4010 4208 4234 4253; x_wconf 89' lang='lat' dir='ltr'><strong>eorum</strong></span> <span class='ocrx_word' id='word_1_711' title='bbox 4292 4189 4435 4252; x_wconf 90' lang='lat' dir='ltr'><strong>iter.</strong></span> 
     </span>
     <span class='ocr_line' id='line_1_104' title="bbox 2489 4272 4436 4361; baseline -0.002 -18"><span class='ocrx_word' id='word_1_712' title='bbox 2489 4276 2726 4344; x_wconf 89' lang='lat' dir='ltr'><strong>Potius</strong></span> <span class='ocrx_word' id='word_1_713' title='bbox 2812 4276 3072 4361; x_wconf 88' lang='lat' dir='ltr'><strong>oblique</strong></span> <span class='ocrx_word' id='word_1_714' title='bbox 3155 4274 3479 4341; x_wconf 85' lang='lat' dir='ltr'><strong>refellitur</strong></span> <span class='ocrx_word' id='word_1_715' title='bbox 3558 4294 3784 4340; x_wconf 89' lang='lat' dir='ltr'><strong>eorum</strong></span> <span class='ocrx_word' id='word_1_716' title='bbox 3863 4272 4201 4357; x_wconf 89' lang='lat' dir='ltr'><strong>superbia,</strong></span> <span class='ocrx_word' id='word_1_717' title='bbox 4287 4294 4436 4358; x_wconf 91' lang='lat' dir='ltr'><strong>quo·</strong></span> 
     </span>
     <span class='ocr_line' id='line_1_105' title="bbox 2490 4358 4436 4446; baseline 0 -20"><span class='ocrx_word' id='word_1_718' title='bbox 2490 4363 2670 4427; x_wconf 90' lang='lat' dir='ltr'><strong>niam</strong></span> <span class='ocrx_word' id='word_1_719' title='bbox 2735 4384 2808 4429; x_wconf 91' lang='lat' dir='ltr'><strong>se</strong></span> <span class='ocrx_word' id='word_1_720' title='bbox 2872 4362 3018 4428; x_wconf 90' lang='lat' dir='ltr'><strong>aliis</strong></span> <span class='ocrx_word' id='word_1_721' title='bbox 3084 4360 3393 4446; x_wconf 89' lang='lat' dir='ltr'><strong>gentibus</strong></span> <span class='ocrx_word' id='word_1_722' title='bbox 3460 4360 3902 4445; x_wconf 83' lang='lat' dir='ltr'><strong>praeferrent:</strong></span> <span class='ocrx_word' id='word_1_723' title='bbox 3971 4358 4169 4443; x_wconf 88' lang='lat' dir='ltr'><strong>idque</strong></span> <span class='ocrx_word' id='word_1_724' title='bbox 4212 4370 4436 4427; x_wconf 88' lang='lat' dir='ltr'><strong>vetus-</strong></span> 
     </span>
     <span class='ocr_line' id='line_1_106' title="bbox 2490 4446 4438 4531; baseline -0.003 -18"><span class='ocrx_word' id='word_1_725' title='bbox 2490 4449 2645 4514; x_wconf 90' lang='lat' dir='ltr'><strong>tatis</strong></span> <span class='ocrx_word' id='word_1_726' title='bbox 2702 4449 2995 4530; x_wconf 90' lang='lat' dir='ltr'><strong>nomine‚</strong></span> <span class='ocrx_word' id='word_1_727' title='bbox 3068 4469 3142 4513; x_wconf 91' lang='lat' dir='ltr'><strong>ac</strong></span> <span class='ocrx_word' id='word_1_728' title='bbox 3194 4446 3253 4512; x_wconf 92' lang='lat' dir='ltr'><strong>si</strong></span> <span class='ocrx_word' id='word_1_729' title='bbox 3307 4467 3439 4512; x_wconf 89' lang='lat' dir='ltr'><strong>una</strong></span> <span class='ocrx_word' id='word_1_730' title='bbox 3495 4468 3644 4513; x_wconf 89' lang='lat' dir='ltr'><strong>cum</strong></span> <span class='ocrx_word' id='word_1_731' title='bbox 3701 4446 3835 4511; x_wconf 90' lang='lat' dir='ltr'><strong>sole</strong></span> <span class='ocrx_word' id='word_1_732' title='bbox 3884 4457 3950 4510; x_wconf 91' lang='lat' dir='ltr'><strong>et</strong></span> <span class='ocrx_word' id='word_1_733' title='bbox 4006 4446 4165 4531; x_wconf 79' lang='lat' dir='ltr'><strong>luna</strong></span> <span class='ocrx_word' id='word_1_734' title='bbox 4221 4454 4438 4511; x_wconf 91' lang='lat' dir='ltr'><strong>essent</strong></span> 
     </span>
     <span class='ocr_line' id='line_1_107' title="bbox 2488 4530 4437 4619; baseline -0.002 -21"><span class='ocrx_word' id='word_1_735' title='bbox 2488 4535 2833 4619; x_wconf 88' lang='lat' dir='ltr'><strong>procreati.</strong></span> <span class='ocrx_word' id='word_1_736' title='bbox 2920 4534 3266 4599; x_wconf 88' lang='lat' dir='ltr'><strong>Concinna</strong></span> <span class='ocrx_word' id='word_1_737' title='bbox 3309 4542 3410 4599; x_wconf 91' lang='lat' dir='ltr'><strong>est</strong></span> <span class='ocrx_word' id='word_1_738' title='bbox 3455 4542 3674 4599; x_wconf 89' lang='lat' dir='ltr'><strong>autem</strong></span> <span class='ocrx_word' id='word_1_739' title='bbox 3734 4531 3965 4597; x_wconf 84' lang='lat' dir='ltr'><strong>allusio</strong></span> <span class='ocrx_word' id='word_1_740' title='bbox 4008 4534 4178 4596; x_wconf 90' lang='lat' dir='ltr'><strong>inter</strong></span> <span class='ocrx_word' id='word_1_741' title='bbox 4222 4530 4437 4595; x_wconf 90' lang='lat' dir='ltr'><strong>nobile</strong></span> 
     </span>
     <span class='ocr_line' id='line_1_108' title="bbox 2488 4616 4438 4772; baseline -0.002 -87"><span class='ocrx_word' id='word_1_742' title='bbox 2488 4618 2652 4685; x_wconf 89' lang='lat' dir='ltr'><strong>illud</strong></span> <span class='ocrx_word' id='word_1_743' title='bbox 2680 4619 3145 4772; x_wconf 82' lang='lat' dir='ltr'><strong>bprincipium,</strong></span> <span class='ocrx_word' id='word_1_744' title='bbox 3214 4628 3280 4684; x_wconf 93' lang='lat' dir='ltr'><strong>et</strong></span> <span class='ocrx_word' id='word_1_745' title='bbox 3341 4617 3592 4685; x_wconf 91' lang='lat' dir='ltr'><strong>cladem</strong></span> <span class='ocrx_word' id='word_1_746' title='bbox 3629 4637 3828 4702; x_wconf 25' lang='lat' dir='ltr'><strong>‘quae</strong></span> <span class='ocrx_word' id='word_1_747' title='bbox 3890 4617 3961 4681; x_wconf 93' lang='lat' dir='ltr'><strong>in</strong></span> <span class='ocrx_word' id='word_1_748' title='bbox 4028 4616 4210 4682; x_wconf 84' lang='lat' dir='ltr'><strong>exitu</strong></span> <span class='ocrx_word' id='word_1_749' title='bbox 4263 4617 4438 4700; x_wconf 92' lang='lat' dir='ltr'><strong>ipsos</strong></span> 
     </span>
     <span class='ocr_line' id='line_1_109' title="bbox 2486 4713 2811 4772; baseline -0.003 -1"><span class='ocrx_word' id='word_1_750' title='bbox 2486 4726 2680 4772; x_wconf 91' lang='lat' dir='ltr'><strong>mane</strong></span> <span class='ocrx_word' id='word_1_751' title='bbox 2725 4713 2811 4771; x_wconf 89' lang='lat' dir='ltr'><strong>at.</strong></span> 
     </span>
    </p>

    <p class='ocr_par' dir='ltr' id='par_1_9' title="bbox 2487 4785 4438 5478">
     <span class='ocr_line' id='line_1_110' title="bbox 2660 4785 4438 4870; baseline -0.002 -14"><span class='ocrx_word' id='word_1_752' title='bbox 2660 4791 2764 4856; x_wconf 84' lang='lat'><strong>21.</strong></span> <span class='ocrx_word' id='word_1_753' title='bbox 2858 4791 3007 4856; x_wconf 80' lang='lat' dir='ltr'><strong>Viso</strong></span> <span class='ocrx_word' id='word_1_754' title='bbox 3085 4791 3274 4856; x_wconf 79' lang='lat' dir='ltr'><strong>etiam</strong></span> <span class='ocrx_word' id='word_1_755' title='bbox 3357 4789 3608 4855; x_wconf 70' lang='lat' dir='ltr'><strong>Oimeo.</strong></span> <span class='ocrx_word' id='word_1_756' title='bbox 3699 4789 3846 4870; x_wconf 77' lang='lat' dir='ltr'><strong>Quo</strong></span> <span class='ocrx_word' id='word_1_757' title='bbox 3925 4809 4122 4854; x_wconf 88' lang='lat' dir='ltr'><strong>seusu</strong></span> <span class='ocrx_word' id='word_1_758' title='bbox 4188 4785 4438 4852; x_wconf 89' lang='lat' dir='ltr'><strong>dicatur</strong></span> 
     </span>
     <span class='ocr_line' id='line_1_111' title="bbox 2487 4871 4437 4958; baseline -0.003 -15"><span class='ocrx_word' id='word_1_759' title='bbox 2487 4877 2765 4943; x_wconf 90' lang='lat' dir='ltr'><strong>Balaam</strong></span> <span class='ocrx_word' id='word_1_760' title='bbox 2830 4877 3073 4942; x_wconf 90' lang='lat' dir='ltr'><strong>vidisse</strong></span> <span class='ocrx_word' id='word_1_761' title='bbox 3138 4886 3272 4943; x_wconf 86' lang='lat' dir='ltr'><strong>tam</strong></span> <span class='ocrx_word' id='word_1_762' title='bbox 3341 4875 3620 4942; x_wconf 86' lang='lat' dir='ltr'><strong>Cinaeos</strong></span> <span class='ocrx_word' id='word_1_763' title='bbox 3700 4894 3895 4958; x_wconf 86' lang='lat' dir='ltr'><strong>quam</strong></span> <span class='ocrx_word' id='word_1_764' title='bbox 3964 4871 4126 4938; x_wconf 90' lang='lat' dir='ltr'><strong>alias</strong></span> <span class='ocrx_word' id='word_1_765' title='bbox 4191 4884 4437 4954; x_wconf 91' lang='lat' dir='ltr'><strong>gentes,</strong></span> 
     </span>
     <span class='ocr_line' id='line_1_112' title="bbox 2488 4960 4436 5047; baseline -0.002 -20"><span class='ocrx_word' id='word_1_766' title='bbox 2488 4962 2780 5029; x_wconf 89' lang='lat' dir='ltr'><strong>nondum</strong></span> <span class='ocrx_word' id='word_1_767' title='bbox 2848 4962 3068 5047; x_wconf 88' lang='lat' dir='ltr'><strong>attigi:</strong></span> <span class='ocrx_word' id='word_1_768' title='bbox 3148 4972 3217 5027; x_wconf 88' lang='lat' dir='ltr'><strong>at</strong></span> <span class='ocrx_word' id='word_1_769' title='bbox 3281 4981 3460 5027; x_wconf 89' lang='lat' dir='ltr'><strong>nunc</strong></span> <span class='ocrx_word' id='word_1_770' title='bbox 3525 4981 3778 5044; x_wconf 91' lang='lat' dir='ltr'><strong>quoque</strong></span> <span class='ocrx_word' id='word_1_771' title='bbox 3843 4960 4243 5036; x_wconf 88' lang='lat' dir='ltr'><strong>omitterem,</strong></span> <span class='ocrx_word' id='word_1_772' title='bbox 4309 4960 4436 5023; x_wconf 89' lang='lat' dir='ltr'><strong>nisi</strong></span> 
     </span>
     <span class='ocr_line' id='line_1_113' title="bbox 2487 5043 4433 5134; baseline -0.002 -20"><span class='ocrx_word' id='word_1_773' title='bbox 2487 5049 2641 5134; x_wconf 90' lang='lat' dir='ltr'><strong>quia</strong></span> <span class='ocrx_word' id='word_1_774' title='bbox 2696 5050 2992 5116; x_wconf 83' lang='lat' dir='ltr'><strong>referunt</strong></span> <span class='ocrx_word' id='word_1_775' title='bbox 3046 5049 3169 5115; x_wconf 91' lang='lat' dir='ltr'><strong>hoc</strong></span> <span class='ocrx_word' id='word_1_776' title='bbox 3229 5047 3531 5114; x_wconf 90' lang='lat' dir='ltr'><strong>nonnulli</strong></span> <span class='ocrx_word' id='word_1_777' title='bbox 3590 5044 3670 5111; x_wconf 92' lang='lat' dir='ltr'><strong>ad</strong></span> <span class='ocrx_word' id='word_1_778' title='bbox 3729 5045 4046 5110; x_wconf 87' lang='lat' dir='ltr'><strong>visionem</strong></span> <span class='ocrx_word' id='word_1_779' title='bbox 4104 5043 4433 5126; x_wconf 82' lang='lat' dir='ltr'><strong>propheti·</strong></span> 
     </span>
     <span class='ocr_line' id='line_1_114' title="bbox 2487 5128 4437 5219; baseline -0.003 -16"><span class='ocrx_word' id='word_1_780' title='bbox 2487 5156 2663 5203; x_wconf 87' lang='lat' dir='ltr'><strong>cam:</strong></span> <span class='ocrx_word' id='word_1_781' title='bbox 2729 5155 3004 5219; x_wconf 89' lang='lat' dir='ltr'><strong>quorum</strong></span> <span class='ocrx_word' id='word_1_782' title='bbox 3071 5135 3435 5202; x_wconf 87' lang='lat' dir='ltr'><strong>sententiae</strong></span> <span class='ocrx_word' id='word_1_783' title='bbox 3500 5153 3633 5198; x_wconf 92' lang='lat' dir='ltr'><strong>non</strong></span> <span class='ocrx_word' id='word_1_784' title='bbox 3698 5128 4064 5209; x_wconf 90' lang='lat' dir='ltr'><strong>subscribo,</strong></span> <span class='ocrx_word' id='word_1_785' title='bbox 4131 5128 4437 5197; x_wconf 89' lang='lat' dir='ltr'><strong>historice</strong></span> 
     </span>
     <span class='ocr_line' id='line_1_115' title="bbox 2488 5214 4436 5298; baseline -0.002 -11"><span class='ocrx_word' id='word_1_786' title='bbox 2488 5223 2664 5287; x_wconf 89' lang='lat' dir='ltr'><strong>enim</strong></span> <span class='ocrx_word' id='word_1_787' title='bbox 2724 5229 2950 5286; x_wconf 86' lang='lat' dir='ltr'><strong>narrat</strong></span> <span class='ocrx_word' id='word_1_788' title='bbox 3005 5221 3257 5298; x_wconf 89' lang='lat' dir='ltr'><strong>Moses,</strong></span> <span class='ocrx_word' id='word_1_789' title='bbox 3314 5220 3544 5285; x_wconf 86' lang='lat' dir='ltr'><strong>faciem</strong></span> <span class='ocrx_word' id='word_1_790' title='bbox 3589 5238 3777 5282; x_wconf 91' lang='lat' dir='ltr'><strong>suam</strong></span> <span class='ocrx_word' id='word_1_791' title='bbox 3822 5214 4103 5281; x_wconf 87' lang='lat' dir='ltr'><strong>Balaam</strong></span> <span class='ocrx_word' id='word_1_792' title='bbox 4161 5217 4436 5283; x_wconf 88' lang='lat' dir='ltr'><strong>vertisse</strong></span> 
     </span>
     <span class='ocr_line' id='line_1_116' title="bbox 2490 5301 4430 5392; baseline -0.001 -22"><span class='ocrx_word' id='word_1_793' title='bbox 2490 5306 2573 5370; x_wconf 89' lang='lat' dir='ltr'><strong>ad</strong></span> <span class='ocrx_word' id='word_1_794' title='bbox 2652 5327 2762 5374; x_wconf 91' lang='lat' dir='ltr'><strong>eas</strong></span> <span class='ocrx_word' id='word_1_795' title='bbox 2841 5306 3067 5392; x_wconf 88' lang='lat' dir='ltr'><strong>plagas</strong></span> <span class='ocrx_word' id='word_1_796' title='bbox 3148 5306 3261 5373; x_wconf 91' lang='lat' dir='ltr'><strong>ubi</strong></span> <span class='ocrx_word' id='word_1_797' title='bbox 3324 5314 3484 5370; x_wconf 90' lang='lat' dir='ltr'><strong>tunc</strong></span> <span class='ocrx_word' id='word_1_798' title='bbox 3550 5302 3895 5387; x_wconf 87' lang='lat' dir='ltr'><strong>degebant.</strong></span> <span class='ocrx_word' id='word_1_799' title='bbox 3996 5301 4144 5366; x_wconf 88' lang='lat' dir='ltr'><strong>Etsi</strong></span> <span class='ocrx_word' id='word_1_800' title='bbox 4173 5350 4182 5357; x_wconf 85' lang='lat'><strong>.</strong></span> <span class='ocrx_word' id='word_1_801' title='bbox 4215 5312 4430 5368; x_wconf 85' lang='lat' dir='ltr'><strong>autem</strong></span> 
     </span>
     <span class='ocr_line' id='line_1_117' title="bbox 2489 5385 4431 5478; baseline -0.003 -20"><span class='ocrx_word' id='word_1_802' title='bbox 2489 5393 2789 5459; x_wconf 87' lang='lat' dir='ltr'><strong>homines</strong></span> <span class='ocrx_word' id='word_1_803' title='bbox 2842 5395 3017 5478; x_wconf 89' lang='lat' dir='ltr'><strong>ipsos</strong></span> <span class='ocrx_word' id='word_1_804' title='bbox 3076 5412 3211 5458; x_wconf 90' lang='lat' dir='ltr'><strong>non</strong></span> <span class='ocrx_word' id='word_1_805' title='bbox 3276 5392 3477 5469; x_wconf 89' lang='lat' dir='ltr'><strong>vidit,</strong></span> <span class='ocrx_word' id='word_1_806' title='bbox 3535 5391 3692 5455; x_wconf 89' lang='lat' dir='ltr'><strong>satis</strong></span> <span class='ocrx_word' id='word_1_807' title='bbox 3749 5388 3881 5453; x_wconf 85' lang='lat' dir='ltr'><strong>fuit</strong></span> <span class='ocrx_word' id='word_1_808' title='bbox 3922 5385 4005 5452; x_wconf 90' lang='lat' dir='ltr'><strong>ad</strong></span> <span class='ocrx_word' id='word_1_809' title='bbox 4051 5388 4431 5453; x_wconf 89' lang='lat' dir='ltr'><strong>vaticinium</strong></span> 
     </span>
    </p>

    <p class='ocr_par' dir='ltr' id='par_1_10' title="bbox 3922 5487 4023 5542">
     <span class='ocr_line' id='line_1_118' title="bbox 3922 5487 4023 5542; baseline 0.01 -1"><span class='ocrx_word' id='word_1_810' title='bbox 3922 5487 4023 5542; x_wconf 78' lang='lat'>19¹·</span> 
     </span>
    </p>
   </div>
   <div class='ocr_carea' id='block_1_8' title="bbox 4950 9 4955 747">
    <p class='ocr_par' dir='ltr' id='par_1_11' title="bbox 4950 9 4955 747">
     <span class='ocr_line' id='line_1_119' title="bbox 4950 9 4955 747; baseline 0 0"><span class='ocrx_word' id='word_1_811' title='bbox 4950 9 4955 747; x_wconf 95' lang='lat' dir='ltr'><strong> </strong></span> 
     </span>
    </p>
   </div>
   <div class='ocr_carea' id='block_1_9' title="bbox 4950 4394 4953 5145">
    <p class='ocr_par' dir='ltr' id='par_1_12' title="bbox 4950 4394 4953 5145">
     <span class='ocr_line' id='line_1_120' title="bbox 4950 4394 4953 5145; baseline 0 0"><span class='ocrx_word' id='word_1_812' title='bbox 4950 4394 4953 5145; x_wconf 95' lang='lat' dir='ltr'><strong> </strong></span> 
     </span>
    </p>
   </div>
  </div>
 </body>
</html>
