5017 6142
398 454 523 518 117

396 640 700 721 esuriem,
738 661 857 707 nee
890 661 1039 707 cum
1083 639 1316 706 edendi
1350 638 1706 723 cupiditate
1738 638 2025 705 luctatus
2058 649 2178 720 est,
2210 659 2333 705 nec

397 729 610 810 magis
663 726 882 793 cibum
945 726 1046 791 vel
1107 735 1334 809 potum
1393 725 1713 808 appetivit
1751 743 1949 807 quam
1992 727 2335 807 unusquis-

394 812 573 896 piam
612 833 694 878 ex
736 811 1008 895 angelis,
1094 811 1330 894 Itaque
1372 810 1534 878 haec
1569 810 1965 876 abstinentia
2000 831 2332 894 nunquam

396 897 470 963 in
504 897 880 981 exemplum
918 919 958 963 a
998 897 1340 981 prophetis
1385 906 1596 964 tracta
1635 895 1782 970 fuit,
1826 916 1945 962 nec
1989 899 2334 980 quisquam

397 984 645 1049 imitari
705 983 989 1048 tentavit
1043 982 1217 1064 quod
1263 982 1555 1049 sciebant
1616 1001 1843 1046 omnes
1895 980 2022 1045 sibi
2064 982 2335 1046 minime

396 1090 540 1135 esse
587 1067 831 1135 datum.
899 1067 1116 1134 Eliam
1163 1069 1434 1150 excipio,
1472 1067 1586 1150 qui
1627 1065 1711 1132 ad
1753 1066 2198 1133 renovandam
2241 1066 2334 1133 le·

443 1175 550 1219 em
593 1156 853 1236 missus,
897 1174 1062 1237 quae
1112 1154 1248 1219 fere
1293 1153 1736 1228 interciderat,
1783 1152 1966 1235 quasi
2012 1152 2335 1219 secundus

396 1177 629 1321 ξίφος,
665 1241 805 1322 ipse
838 1260 1094 1322 quoque
1126 1259 1169 1304 a
1201 1238 1344 1306 cibo
1387 1250 1456 1304 et
1497 1238 2014 1320 potu-abstinuit
2049 1259 2167 1322 per
2196 1239 2335 1304 dies

396 1325 839 1410 quadraginta
902 1322 990 1412 (1.
1057 1325 1221 1409 Reg.
1282 1325 1384 1404 19,
1438 1323 1526 1411 8).
1614 1323 1871 1390 Similis
1924 1322 2054 1389 fuit
2102 1323 2333 1389 ieiunii

397 1412 652 1477 Christi
695 1413 893 1479 ratio:
947 1411 1099 1494 quia
1152 1422 1225 1475 ut
1273 1409 1613 1494 evangelie
1671 1429 1789 1475 suo
1833 1408 2093 1492 plenam
2139 1409 2333 1475 fldem

397 1498 798 1580 acquireret,
859 1507 1174 1561 testatum
1231 1495 1445 1562 facere
1500 1495 1709 1561 voluit
1765 1515 1836 1560 se
1883 1493 2055 1562 Mosi
2098 1494 2223 1561 hac
2262 1494 2334 1559 in

397 1596 587 1667 parte
644 1603 1055 1665 nequaquam
1100 1581 1330 1646 cedere
1375 1578 1593 1666 (Matt.
1638 1582 1700 1659 4,
1744 1580 1831 1667 2).
1918 1579 2071 1661 Quo
2112 1582 2334 1645 minus

392 1668 793 1734 excusabilis
837 1680 939 1733 est
982 1688 1165 1732 error
1196 1689 1282 1732 cx
1326 1687 1545 1733 crassa
1586 1668 1843 1732 inscitia
1884 1680 2113 1745 natus,
2176 1668 2335 1731 dum

397 1775 621 1819 annuo
691 1755 933 1820 ieiunio
1001 1761 1342 1818 tentarunt
1412 1774 1638 1818 omnes
1707 1756 2073 1834 promiscue
2125 1753 2335 1817 filium

397 1839 531 1905 Dei
574 1840 917 1905 aemulari:
965 1859 1040 1905 ac
1082 1841 1139 1904 si
1181 1860 1354 1904 nova
1395 1838 1725 1922 evangelii
1766 1838 2201 1923 promulgatio
2235 1837 2334 1921 ip·

394 1927 489 1992 sis
550 1924 859 1990 mandata
910 1936 1106 1990 esset.
1194 1923 1423 2006 Neque
1477 1925 1651 1988 enim
1706 1932 1844 1988 tota
1886 1924 2024 1987 vita
2070 1923 2196 1989 nisi
2240 1945 2336 1989 se-

395 2010 534 2077 mel
589 2012 905 2076 ieiunavit
958 2010 1262 2077 Christus
1324 2032 1442 2093 per
1495 2009 1924 2091 quadraginta
1981 2009 2153 2075 dies:
2214 2029 2336 2074 nec

397 2111 537 2162 toto
594 2097 708 2161 illo
766 2108 1057 2180 tempore
1109 2095 1367 2161 esuriit:
1415 2094 1957 2177 quemadmodum
2002 2095 2175 2160 clare
2220 2115 2334 2159 ex-

392 2184 741 2268 primitur:
799 2196 867 2247 et
908 2202 1057 2247 eum
1102 2180 1184 2245 ab
1228 2181 1566 2246 hominum
1611 2179 2081 2246 consuetudine
2115 2201 2333 2264 segre-

391 2270 584 2352 gavit
624 2266 919 2334 coelestis
964 2279 1164 2350 pater,
1208 2287 1410 2349 quum
1454 2287 1525 2331 se
1567 2266 1935 2349 accingeret
1969 2265 2054 2331 ad
2095 2267 2335 2332 obeun-

392 2355 557 2419 dum
603 2353 886 2420 doctoris
926 2374 1190 2418 munus.

571 2439 677 2506 29.
725 2439 991 2505 Factum
1028 2443 1121 2504 est
1160 2444 1365 2503 autem
1404 2457 1596 2521 quum
1647 2437 2041 2503 descenderet.
2130 2436 2333 2501 Aliud

386 2526 656 2609 insigne
699 2525 865 2609 legis
908 2524 1104 2590 decus
1148 2534 1488 2589 narratur:
1533 2523 1705 2605 quod
1762 2524 2013 2588 scilicet
2054 2523 2122 2586 in
2167 2522 2331 2588 facie

389 2612 606 2678 Eosis
658 2610 1035 2695 apparuerit
1092 2608 1391 2675 coelestis
1445 2609 1690 2694 gloriae
1743 2607 1980 2692 fulgor.
2068 2606 2332 2673 Dicitur

392 2699 576 2762 enim
636 2698 834 2762 facies
891 2698 1032 2762 eius
1084 2695 1374 2761 radiasse
1420 2695 1524 2760 vel
1570 2696 1773 2760 fuisse
1816 2693 2086 2759 radiata.
2178 2694 2327 2760 Vox

390 2783 575 2849 enim
631 2796 739 2879 Π)
789 2802 828 2845 a
884 2802 1085 2847 cornu
1131 2780 1491 2859 deducitur,
1548 2779 1819 2862 ideoque
1863 2779 2194 2862 probabile
2224 2792 2329 2845 est

391 2869 616 2934 radios
661 2869 935 2933 micasse
978 2889 1063 2931 ex
1098 2868 1239 2933 eius
1281 2866 1467 2945 facie,
1509 2870 1620 2948 qui
1664 2865 2072 2951 splendidam
2120 2867 2330 2949 ipsam

392 2953 770 3020 redderent.
849 2953 1051 3018 Hunc
1090 2952 1504 3035 splendorem
1539 2953 1608 3015 in
1653 2953 1868 3034 ipsum
1903 2952 2085 3016 Deus
2114 2961 2333 3016 trans-

393 3040 590 3119 fudit,
633 3037 894 3123 quando
937 3059 1086 3103 eum
1123 3038 1490 3121 alloquutus
1534 3038 1747 3103 fuerat
1778 3038 1847 3101 in
1882 3045 2124 3102 monte.
2193 3035 2331 3104 Cur

390 3138 621 3192 autem
666 3124 1018 3191 nesciverit
1054 3124 1271 3189 Moses
1314 3144 1385 3189 se
1423 3123 1518 3187 ita
1551 3122 1870 3188 divinitus
1908 3122 2330 3202 illustratum,

393 3212 567 3277 ratio
601 3220 782 3276 certa
815 3232 945 3274 non
982 3219 1117 3289 est,
1175 3210 1303 3274 nisi
1347 3207 1518 3292 quod
1559 3208 1895 3292 probabile
1938 3208 2200 3273 videtur
2232 3229 2332 3273 ce-

394 3298 614 3362 latum
668 3296 756 3362 ad
816 3296 1014 3360 breve
1057 3306 1315 3378 tempus
1357 3294 1582 3374 fuisse,
1625 3314 1752 3377 quo
1796 3294 2063 3359 liberius
2096 3293 2181 3358 ad
2227 3315 2334 3377 po-

393 3382 633 3467 pulum
673 3380 1038 3459 accederet,
1083 3395 1278 3463 atque
1320 3381 1416 3445 ita
1454 3403 1537 3445 ex
1581 3382 1878 3463 propiore
1912 3380 2153 3444 intuitu
2196 3401 2332 3445 me·

394 3470 529 3534 lius
584 3468 1019 3533 innotesceret
1062 3466 1469 3533 miraculum.
1559 3465 1749 3546 Quod
1802 3476 2030 3548 postea
2073 3464 2333 3544 dicitur,

396 3555 681 3621 Aharon
736 3565 802 3618 et
853 3552 1022 3618 filios
1084 3552 1291 3617 Israel
1343 3552 1484 3619 viso
1540 3550 1886 3633 splendore
1939 3550 2142 3616 fuisse
2187 3572 2332 3633 per-

397 3641 689 3718 territos,
727 3652 804 3703 ut
841 3636 1146 3704 accedere
1180 3659 1314 3701 non
1351 3636 1682 3712 auderent,
1729 3658 1860 3701 non
1904 3637 1998 3701 ita
2036 3636 2335 3720 intelligo

396 3749 481 3792 ac
516 3728 572 3790 si
607 3726 830 3789 statim
866 3714 1291 3807 refugissent:
1352 3723 1522 3788 Nam
1561 3743 1759 3805 quum
1797 3722 1937 3787 eius
1975 3742 2131 3787 voce
2154 3742 2337 3786 revo-

394 3813 531 3878 cati
590 3809 871 3889 fuerint,
932 3810 1109 3874 haud
1170 3808 1362 3874 dubie
1418 3830 1551 3874 non
1594 3809 1816 3892 procul
1861 3817 2339 3890 conspexerant

400 3897 643 3976 radios,
686 3895 797 3961 sed
842 3916 1045 3977 quum
1090 3895 1339 3960 vellent
1379 3916 1526 3959 eum
1571 3894 1889 3976 excipere,
1935 3908 2002 3959 et
2042 3893 2337 3959 vicissim

400 3983 730 4066 perferret
780 3982 922 4063 ipse
965 3979 1090 4046 Dei
1138 3980 1466 4046 mandata.
1556 3979 1785 4062 Itaque
1828 3978 1998 4064 quod
2043 3979 2338 4061 sequitur

400 4068 601 4152 paulo
657 4079 842 4151 post:
900 4066 1120 4147 Quum
1179 4067 1379 4130 finem
1422 4065 1682 4132 fecisset
1724 4064 2050 4148 loquendi,
2095 4065 2338 4130 texisse

402 4155 556 4219 velo
612 4154 841 4220 faciem
861 4203 876 4230 ,
930 4150 1144 4217 refero
1202 4149 1284 4216 ad
1342 4150 1626 4235 primum
1684 4170 2085 4231 sermonem,
2147 4171 2337 4233 quem

402 4252 670 4307 coactus
719 4239 936 4304 fuerat
983 4238 1369 4319 abrumpere
1414 4237 1637 4320 populi
1682 4236 1970 4303 discessu
2018 4236 2121 4300 vel
2163 4236 2337 4320 fuga,

402 4339 486 4391 ut
527 4327 617 4390 sit
657 4342 921 4390 sensus:
960 4322 1183 4405 Quum
1220 4324 1416 4388 sciret
1449 4343 1709 4389 causam
1746 4323 2036 4401 terroris,
2072 4320 2340 4388 desiisse

402 4411 602 4495 loqui,
639 4422 705 4476 et
738 4410 1033 4493 opposito
1071 4410 1394 4474 velamine
1427 4410 1758 4492 operuisse
1793 4409 2043 4474 faciem.
2108 4406 2338 4490 Neque

398 4500 581 4564 enim
639 4518 757 4561 cur
812 4496 1115 4580 fugerent
1172 4495 1339 4560 scire
1386 4495 1576 4559 aliter
1625 4496 1837 4578 potuit
1879 4515 2071 4577 quam
2117 4494 2338 4560 scisci-

402 4582 626 4648 tando.
717 4580 999 4661 Quidam
1056 4590 1133 4646 ut
1175 4580 1643 4645 absurditatem
1689 4582 1931 4657 vitent,
1977 4580 2336 4645 secundum

402 4668 777 4733 membrum
848 4665 1237 4751 disiungunt
1288 4688 1329 4732 a
1386 4667 1620 4748 priori,
1686 4688 1761 4731 ac
1818 4676 2054 4749 putant
2110 4663 2338 4730 ordine

402 4753 811 4839 praecedere.
868 4750 1005 4819 Sed
1028 4753 1188 4817 mihi
1212 4764 1435 4817 coacta
1472 4749 1734 4816 videtur
1768 4752 2101 4834 expositio.
2155 4751 2338 4816 Bene

403 4851 630 4905 autem
692 4837 864 4925 (meo
931 4835 1193 4923 iudicio)
1257 4837 1571 4901 convenit
1648 4837 1912 4915 Mosen,
1990 4848 2335 4920 postquam

400 4925 578 4991 vidit
623 4928 1072 4991 consternatos
1130 4923 1508 4999 abscedere,
1556 4922 1709 5005 quia
1752 4942 1884 4986 non
1929 4921 2334 5002 audiebatur,

404 5033 697 5078 cessasse
754 5010 951 5093 loqui,
997 5020 1064 5074 et
1105 5029 1301 5075 causa
1343 5009 1602 5093 cognita
1643 5009 2022 5090 opposuisse
2065 5006 2185 5073 sibi
2222 5028 2335 5072 ve-

398 5098 563 5163 lum.
653 5096 788 5162 Hic
838 5097 1132 5161 exoritur
1179 5098 1500 5178 quaestio,
1558 5091 1878 5178 quomodo
1922 5092 2334 5176 splendorem

400 5184 654 5268 gloriae
698 5185 823 5248 Dei
885 5183 1276 5247 sustinuerit
1318 5183 1573 5258 Moses,
1634 5179 1851 5245 radios
1907 5192 2157 5255 autem,
2222 5182 2334 5262 qui

398 5270 741 5335 micabant
773 5269 845 5333 in
874 5268 1016 5332 eius
1053 5267 1235 5346 facie,
1280 5288 1411 5331 non
1447 5267 1675 5331 tulerit
1708 5265 2006 5350 populus.
2074 5262 2211 5331 Sed
2240 5266 2332 5328 fa—

396 5355 549 5421 cilis
572 5355 809 5420 solutio
833 5362 953 5432 est,
973 5352 1144 5418 hanc
1166 5352 1500 5419 dedecoris
1522 5361 1744 5417 notam
1767 5351 1900 5417 illis
1920 5351 2122 5416 fuisse
2155 5350 2333 5415 inus-

1798 448 2207 522 REDITUS
2252 453 2381 521 AD
2423 448 2970 522 HISTORIAM.

4254 454 4382 521 118

2437 650 2608 719 tam,
2681 650 2754 706 ut
2815 653 3244 726 agnoscerent
3306 664 3504 726 quam
3565 641 3790 726 procul
3841 661 3960 708 sua
4009 640 4388 727 ingr-atita*

2426 725 2589 793 ‘dine
2611 729 3032 794 recessissent
3054 750 3093 793 a
3118 729 3276 809 Deo,
3311 729 3423 811 qui
3461 728 3543 795 ad
3577 729 3755 794 servi
3787 740 4210 810 conspectum
4256 746 4377 793 ex-

2434 813 2889 894 pavescebant.
2978 812 3124 879 Hoc
3180 815 3382 897 igitur
3425 812 3804 880 discrimine
3845 814 4113 878 fuerunt
4149 814 4376 879 humi-

2434 898 2610 975 liati,
2665 897 2836 980 quod
2896 900 3113 965 Moses
3169 920 3396 966 secure
3446 920 3484 964 a
3543 900 3669 964 Dei
3712 898 4028 983 colloquio
4070 898 4151 964 ad
4196 902 4373 982 ipsos

2434 982 2760 1068 prodibat,
2796 988 3099 1066 quamvis
3139 1006 3359 1052 secum
3407 995 3693 1069 gestaret
3736 985 4021 1067 insignia
4059 983 4378 1052 terribilis

2443 1070 2567 1133 Dei
2614 1073 2958 1155 potentiae,
3003 1070 3126 1153 ipsi
3165 1086 3389 1135 autem
3430 1083 3610 1135 metu
3657 1071 3913 1135 attoniti
3959 1070 4378 1153 refugiebant

2439 1153 2724 1219 hominis
2757 1156 3053 1222 mortalis
3085 1166 3528 1239 conspectum.
3574 1157 3925 1239 Postquam
3950 1168 4167 1221 autem
4205 1156 4376 1221 Pau-

2439 1240 2542 1304 lus
2597 1237 2683 1324 (2.
2748 1240 2897 1307 Cor.
2942 1242 3003 1319 3,
3052 1240 3158 1328 13)
3205 1243 3566 1325 genuinum
3614 1242 3810 1306 huius
3851 1240 4122 1325 fulgoris
4181 1260 4374 1307 usum

2438 1325 2677 1405 docuit,
2717 1347 2955 1409 nempe
2991 1338 3065 1392 ut
3096 1328 3207 1393 lex
3243 1327 3525 1411 gloriosa
3567 1338 3756 1405 esset,
3801 1327 4060 1410 longius
4105 1346 4375 1411 progre-

2441 1411 2648 1492 ditur,
2713 1416 3124 1495 praesagium
3172 1412 3295 1479 hoc
3338 1413 3538 1477 fuisse
3582 1414 3841 1478 futurae
3893 1413 4375 1479 excaecationis

2432 1517 2605 1579 quae
2663 1497 2967 1563 manebat
3005 1499 3299 1564 Iudaeos.
3383 1499 3604 1563 Primo
3645 1498 3850 1582 igitur
3889 1497 4072 1564 dicit:
4121 1496 4373 1579 Quam-

2439 1582 2543 1647 vis
2602 1583 2711 1647 lex
2767 1593 3023 1648 tantum
3061 1598 3237 1649 esset
3280 1584 3472 1648 litera
3512 1595 3804 1663 mortua,
3848 1596 3914 1647 et
3955 1582 4374 1648 administra·

2438 1669 2529 1733 tie
2575 1670 2821 1747 mortis,
2857 1668 3064 1734 fuisse
3107 1681 3328 1734 tamen
3365 1668 3572 1753 gloria
3608 1691 3725 1735 sua
3763 1678 4165 1734 exornatam.
4231 1667 4372 1732 De—

2436 1753 2592 1819 inde
2648 1754 2948 1837 adiungit
2997 1754 3169 1838 quod
3213 1766 3314 1821 est
3356 1755 3784 1832 accidentale,
3823 1755 4124 1819 velamen
4167 1753 4372 1820 fuisse

2437 1861 2656 1906 coram
2701 1840 2862 1905 facie
2924 1840 3158 1906 Mesia:
3203 1841 3359 1923 quia
3401 1841 3693 1906 futurum
3737 1853 3881 1905 erat
3924 1852 4000 1905 ut
4041 1861 4173 1905 non
4220 1860 4370 1922 poe-

2437 1939 2586 1992 sent
2608 1927 2981 2008 conspicere
3002 1925 3231 1992 Iudaei
3266 1926 3432 2009 quod
3471 1928 3891 2008 praecipuum
3919 1939 4069 1990 erat
4099 1924 4168 1990 in
4206 1926 4374 2010 legs,

2437 2032 2648 2095 neque
2705 2011 3055 2076 attendere
3102 2011 3187 2076 ad
3246 2032 3473 2076 verum
3532 2013 3672 2077 eius
3713 2013 3947 2076 finem:
3989 2011 4188 2077 sicuti
4229 2024 4381 2094 post

2438 2097 2798 2161 adventum
2849 2096 3107 2162 Christi
3149 2097 3475 2163 obcaecati
3520 2110 3677 2162 sunt
3718 2117 3946 2162 eorum
3990 2117 4254 2177 sensus,
4311 2106 4384 2161 et

2439 2183 2741 2248 velamen
2808 2182 2942 2247 illis
3005 2199 3106 2249 est
3160 2184 3571 2264 impositum,
3631 2181 3836 2247 donec
3890 2182 3975 2246 ad
4029 2181 4378 2248 Christum

2438 2266 2578 2354 (qui
2623 2268 2788 2351 legis
2839 2283 2938 2335 est
2997 2267 3240 2354 anima)
3285 2268 3506 2334 Moses
3555 2268 3636 2333 ab
3677 2268 3835 2350 ipsis
3880 2286 4236 2334 conversus
4279 2267 4386 2333 fu·

2437 2355 2581 2420 erit.
2671 2354 2868 2419 Nunc
2911 2376 3109 2437 quum
3172 2356 3244 2419 in
3309 2354 3650 2436 evangelio
3697 2364 3940 2418 retecta
3984 2354 4146 2420 facie
4190 2355 4380 2420 Deus

2434 2462 2505 2505 se
2551 2452 3031 2522 repraesentet,
3098 2438 3447 2506 videndum
3514 2449 3614 2504 est
3655 2459 3742 2504 ne
3805 2438 4111 2522 princeps
4179 2438 4382 2505 huius

2433 2525 2665 2590 mundi
2726 2537 2977 2591 mentes
3040 2541 3296 2592 nostras
3369 2524 3779 2590 obtenebret:
3856 2524 3972 2590 sed
4031 2526 4244 2607 potius
4305 2537 4381 2590 ut

2436 2610 2979 2676 transformemur
3022 2632 3062 2676 a
3105 2611 3314 2696 gloria
3349 2611 3417 2675 in
3460 2611 3759 2695 gloriam.

2640 3001 3140 3071 ΒΕΡΕΤΙΤΙΟ
3183 3001 3604 3071 EIUSDEM
3643 3000 4175 3069 HISTORJAE.

3100 3209 3231 3274 EX
3282 3207 3551 3276 DEUT.
3597 3206 3717 3273 IX.

2611 3380 2668 3444 7.
2716 3378 3037 3457 Memento,
3082 3400 3159 3444 ne
3191 3381 3579 3446 obliviscaris
3620 3379 3783 3462 quod
3823 3379 3911 3444 ad
3951 3380 4121 3444 iram
4157 3399 4381 3462 provo-

2436 3465 2593 3529 casti
2630 3464 2925 3531 Ielwoam
2946 3464 3156 3531 Deum
3191 3471 3369 3532 tuum
3402 3467 3472 3531 in
3503 3467 3763 3546 deserto,
3797 3485 3842 3528 a
3871 3465 3978 3531 die
4011 3482 4140 3547 qua
4178 3484 4210 3529 e
4286 3486 4380 3531 es·

2437 3570 2552 3614 sus
2607 3571 2673 3615 es
2728 3572 2760 3616 e
2814 3557 2984 3615 terra
3025 3551 3315 3634 Aeyypti‚
3359 3553 3544 3619 donec
3585 3551 3854 3635 inyressi
3896 3551 4045 3615 estis
4085 3551 4172 3616 ad
4301 3572 4379 3619 nc

2437 3635 2651 3715 locum,
2685 3635 2932 3702 rebelles
2961 3637 3183 3719 fuistis
3217 3637 3499 3703 Iehovae.
3572 3637 3629 3702 8.
3673 3637 3846 3701 Nam
3878 3637 3950 3700 in
3986 3634 4195 3701 Horeb
4221 3658 4379 3720 pro-

2436 3722 2703 3786 vocastis
2738 3720 3059 3787 Iehovam:
3099 3728 3157 3787 et
3199 3724 3533 3790 manduit
3577 3722 3809 3787 Iekova
3849 3722 3920 3786 iot
3961 3741 4067 3787 vos
4110 3723 4197 3787 ad
4226 3743 4378 3803 per-

2436 3808 2709 3872 dendum
2740 3828 2863 3873 vos.
2952 3807 3012 3873 9.
3057 3809 3261 3889 Quum
3296 3809 3706 3875 ascendissem
3749 3809 3818 3872 in
3859 3812 4118 3872 montem
4159 3814 4233 3873 ut
4279 3830 4379 3876 ae-

2438 3893 2704 3975 ciperem
2744 3893 2993 3960 tabulas
3032 3894 3348 3975 lapideas,
3409 3893 3655 3960 tabulas
3696 3893 3963 3974 foederis
4004 3894 4168 3975 quod
4197 3896 4379 3977 pepi-

2436 3984 2614 4063 9erat
2672 3977 2903 4044 Iebova
2945 3980 3253 4046 vobiscum
3269 4031 3285 4059 ,
3329 3985 3473 4046 tunc
3515 3979 3723 4045 mansi
3764 3982 3834 4044 in
3875 3984 4071 4044 monte
4102 3981 4378 4062 quadra-

2438 4065 2619 4149 9inta
2662 4065 2800 4131 dies
2847 4070 2905 4130 et
2958 4066 3385 4148 quadrayinta
3432 4070 3662 4140 noctes,
3706 4063 3816 4129 ubi
3846 4085 4081 4145 panem
4122 4086 4244 4130 non
4285 4087 4381 4133 co-

2441 4150 2637 4227 medi,
2696 4155 2754 4215 et
2795 4171 3027 4232 aquam
3068 4171 3191 4215 non
3232 4150 3374 4216 bibi.
3467 4152 3566 4216 10.
3612 4150 3701 4215 Et
3740 4150 3908 4214 dedit
3949 4149 4108 4214 mihi
4148 4151 4379 4218 Iehova

2441 4237 2611 4303 duas
2651 4234 2899 4301 tabulas
2940 4236 3223 4317 lapideas
3263 4238 3532 4320 scriptas
3563 4237 3758 4320 diyito
3804 4234 3957 4315 Dei,
4002 4240 4056 4300 et
4097 4237 4166 4301 in
4209 4238 4380 4319 ipsis

2444 4327 2582 4387 erat
2621 4321 2805 4386 iuxta
2833 4323 3048 4387 omnia
3088 4321 3274 4387 verba
3316 4342 3476 4404 quae
3518 4322 3808 4403 loquutus
3825 4321 4033 4403 fuerat
4056 4320 4284 4388 Iehova
4307 4324 4377 4388 in

2442 4413 2641 4473 monte
2672 4427 2705 4473 e
2735 4407 2937 4472 medio
2970 4408 3155 4490 tynis,
3196 4415 3261 4472 e'n
3295 4406 3398 4472 die
3431 4413 3773 4474 conventus.
3867 4407 3967 4471 11.
4014 4405 4102 4472 Et
4140 4407 4378 4489 factum

2441 4499 2534 4557 est
2575 4514 2619 4559 a
2649 4492 2775 4573 fine
2807 4493 3234 4575 quadraginta
3266 4494 3512 4559 dierum
3545 4499 3603 4558 et
3635 4493 4059 4573 quadraqinta
4091 4495 4379 4573 noctium,

2440 4583 2512 4643 ut
2564 4576 2742 4643 daret
2782 4577 3013 4643 Iehova
3053 4577 3212 4643 mihi
3252 4580 3417 4645 duas
3460 4577 3706 4644 tabulas
3760 4578 4075 4660 lapideas,
4130 4579 4378 4644 tabulas

2436 4664 2720 4748 foederis.
2772 4663 2868 4728 12.
2895 4663 3090 4729 Dixit
3125 4670 3332 4729 autem
3356 4663 3514 4729 mibi
3537 4664 3800 4729 Iebova:
3836 4663 4052 4748 Surye,
4087 4665 4377 4731 descende

2438 4750 2586 4814 hinc
2635 4748 2937 4815 celeriter.-
3002 4751 3156 4831 quia
3230 4751 3509 4833 corrupit
3560 4770 3626 4814 se
3662 4750 3942 4831 populus
3995 4755 4142 4814 tuus
4197 4768 4377 4832 quem

2439 4835 2716 4902 eduxisti
2777 4854 2855 4900 ex
2915 4835 3224 4918 Aeyypto:
3303 4841 3678 4901 recesserunt
3737 4836 3853 4901 cito
3918 4855 3951 4899 e
4014 4836 4121 4899 via
4185 4856 4376 4917 quam

2429 4940 2874 5005 praeceperam
2929 4920 3093 4986 mis:
3144 4921 3419 5003 fecerunt
3477 4921 3600 4986 sibi
3642 4920 3956 5000 conflatile.
4050 4919 4147 4984 13.
4200 4921 4378 4987 Tunc

2441 5007 2609 5073 dixit
2648 5005 2808 5071 mihi
2846 5005 3102 5071 Iehova:
3162 5006 3309 5072 Vidi
3338 5006 3641 5088 populum
3683 5005 3861 5083 hunc,
3903 5010 3957 5069 et
3998 5025 4138 5082 ecce,
4175 5027 4381 5088 popu-

2440 5095 2543 5159 lus
2575 5098 2663 5158 est
2695 5093 2894 5158 durae
2922 5092 3194 5157 cervicis.
3259 5092 3358 5158 14.
3400 5092 3552 5157 Sine
3585 5111 3680 5157 me
3712 5097 3782 5155 ut
3811 5091 4076 5172 perdam
4113 5111 4231 5171 eos,
4275 5093 4380 5158 de-

2437 5178 2713 5260 leamque
2771 5197 2990 5243 nomen
3031 5197 3242 5242 eorum
3283 5178 3398 5243 sub
3440 5178 3614 5259 coelo,
3660 5180 3715 5240 et
3752 5176 3989 5256 faciam
4022 5180 4080 5240 te
4122 5178 4193 5242 in
4231 5200 4377 5263 yen-

2437 5269 2556 5330 tem
2587 5265 2995 5345 potentiorem
3036 5268 3092 5328 et
3124 5265 3423 5330 maiorem
3464 5263 3598 5328 illa.
3692 5259 3788 5325 15.
3843 5261 4019 5325 Tunc
4059 5265 4217 5328 verti
4260 5287 4373 5341 me,

2439 5356 2498 5415 et
2548 5350 2839 5416 descendi
2892 5370 2924 5414 e
2978 5353 3176 5415 monte
3233 5347 3435 5435 (mons
3490 5352 3694 5413 autem
3740 5348 3875 5426 ipse
3917 5348 4173 5415 ardebat
4214 5352 4377 5439 ἐφη)
