5017 6142
612 487 740 555 50⁷

611 696 833 746 earum
879 675 1035 758 cepit
1080 675 1298 753 Iasae,
1336 673 1766 756 parmaeque
1821 691 1928 738 eos
1968 669 2371 754 acieqladii‚
2420 689 2571 752 per-

610 764 811 833 dendo
872 782 975 828 eos
1018 761 1205 828 sionei
1256 762 1662 843 praeceperat
1719 756 1932 825 Moses
1993 776 2211 823 servus
2282 755 2565 821 Iehovae.

614 851 717 917 13.
765 847 1213 916 Tantummodo
1253 844 1874 926 ommurbeequae
1914 840 2356 909 mnebantin
2399 844 2569 907 statu

611 956 727 1005 suo
766 954 889 1000 non
930 932 1259 999 combussit
1302 930 1836 1013 Israel‚praeter
1877 928 2095 994 Hir-sor
2135 926 2337 993 solam
2376 945 2569 1025 qaam

608 1020 941 1091 combussit
982 1018 1184 1085 lom.
1275 1016 1375 1083 14.
1445 1014 1536 1082 Et
1589 1016 1802 1082 omnia
1856 1014 2063 1096 spolia
2114 1011 2371 1077 urbicam
2411 1016 2568 1078 asta—

610 1128 776 1189 mus,
819 1111 875 1173 et
905 1102 1494 1187 iumentapraodati
1539 1106 1688 1166 eunt
1718 1099 1845 1168 sibi
1881 1099 2010 1181 filii
2046 1097 2290 1165 lsrael.-
2328 1117 2569 1163 vm

610 1201 823 1262 tamen
865 1210 1075 1257 omnes
1115 1189 1393 1256 hmines
1436 1190 1885 1271 permsmnt
1935 1184 2068 1251 acie
2103 1182 2309 1268 ylaaii
2345 1203 2569 1266 quous*

612 1300 732 1363 que
783 1277 1113 1361 perderent
1174 1294 1307 1342 eos:
1370 1293 1496 1340 non
1557 1273 1940 1354 reliquerim&
2001 1270 2204 1337 allam
2265 1271 2568 1350 anionam,

1018 1381 1125 1427 um
1177 1363 1582 1444 praeceperat
1645 1357 1878 1423 Iehova
1944 1355 2121 1421 Mosi
2183 1374 2362 1420 aereo
2422 1374 2569 1420 suo.-

608 1448 1056 1617 fflffl
1054 1442 2045 1612 &mmmmm
1936 1442 2112 1592 ’Ἦ
2125 1445 2357 1593 m:
2381 1441 2565 1593 m

786 1707 844 1772 1.
918 1704 1123 1788 Quum
1166 1703 1445 1769 audisset
1488 1699 1698 1766 Iabin.
1785 1698 1871 1764 In
1923 1696 2048 1764 hac
2091 1716 2345 1780 quoque
2388 1715 2565 1762 nova

609 1791 1093 1877 conspiratione
1158 1790 1397 1854 iterum
1461 1787 1743 1872 refulget
1805 1784 1955 1867 plus
2025 1802 2221 1866 quam
2286 1790 2566 1866 paterna

612 1879 740 1945 Dei
783 1897 942 1943 cura
994 1875 1066 1942 in
1109 1871 1577 1959 praecavendis
1634 1889 1902 1938 suorum
1947 1867 2255 1952 periculis
2271 1916 2289 1949 ‚
2331 1866 2563 1933 simul-

612 1986 741 2049 que
791 1963 863 2028 in
914 1959 1199 2028 levanda
1252 1959 1634 2025 infirmitate
1687 1953 2104 2041 indulgentia
2143 1961 2214 2019 et
2255 1951 2563 2018 humani·

611 2059 733 2117 tas.
825 2046 901 2115 Si
996 2045 1227 2114 vicinis
1324 2045 1590 2128 regibus
1680 2041 1874 2109 Iabin
1963 2060 2114 2106 cum
2211 2036 2562 2104 foederatis

610 2155 887 2221 quorum
930 2153 1105 2199 nunc
1149 2133 1224 2198 fit
1266 2131 1538 2205 mentio,
1596 2129 1841 2196 socium
1877 2148 1949 2192 se
1995 2132 2169 2191 esset
2208 2122 2559 2209 professae,

613 2220 880 2307 gravior
959 2218 1359 2285 incubuisset
1422 2214 1576 2282 belli
1641 2213 1847 2280 moles
1909 2209 2264 2277 Israelitis:
2354 2211 2560 2276 maior

611 2329 725 2374 eos
789 2302 1155 2371 sollicitudo
1221 2312 1290 2369 et
1352 2303 1651 2368 anxietas
1710 2299 2053 2366 turbasset.
2139 2294 2366 2363 Facile
2414 2296 2559 2378 qui-

614 2393 763 2459 dem
807 2389 951 2456 Deo
1005 2388 1268 2467 fuisset,
1333 2396 1469 2454 tam
1524 2388 1672 2453 illas
1728 2385 2034 2470 ingentes
2090 2382 2311 2468 copias
2358 2379 2560 2446 simul

612 2485 1027 2564 prosternere
1043 2525 1058 2555 ,
1126 2496 1324 2559 quam
1389 2473 1716 2540 discutere
1782 2479 2031 2537 metum
2085 2476 2154 2534 et
2213 2482 2562 2533 terrorem:

613 2563 824 2631 noluit
877 2570 1098 2628 tamen
1156 2568 1418 2643 praeter
1475 2558 1742 2624 modum
1803 2577 1957 2623 suos
2011 2553 2255 2637 alioqui
2313 2551 2561 2618 debiles

610 2668 912 2735 premere
929 2698 943 2726 ,
1033 2655 1111 2712 ut
1176 2645 1382 2711 nimia
1435 2642 1859 2710 multitudine
1923 2641 2175 2707 obiecta
2238 2658 2557 2721 expaves·

612 2743 838 2802 serent
890 2753 967 2799 ac
1021 2731 1287 2800 demum
1351 2730 1796 2797 conciderent:
1864 2726 1978 2794 sed
2024 2724 2266 2791 multas
2330 2731 2563 2808 gentes

610 2842 775 2906 quae
816 2840 889 2885 se
930 2818 1322 2903 tempestive
1363 2836 1619 2881 armare
1664 2813 2045 2892 debuerant,
2090 2810 2274 2896 quasi
2317 2808 2564 2893 sopitas

612 2917 683 2974 et
743 2906 1059 2972 attonitas
1121 2903 1363 2970 tenuit:
1436 2901 1640 2968 donec
1704 2897 2074 2985 insignibus
2139 2895 2430 2963 victoriis
2479 2891 2564 2960 ad

611 2991 875 3060 residua
937 2990 1111 3056 bella
1182 2988 1472 3074 gerenda
1534 2987 1779 3054 electus
1857 2984 2139 3069 populus
2205 2981 2564 3048 animosior

610 3079 827 3146 factus
867 3091 1057 3143 esset.
1124 3074 1435 3159 Amplam
1458 3073 1771 3140 ditionem
1814 3079 2081 3139 vastant
2114 3087 2192 3136 ac
2226 3066 2562 3150 diripiunt,

611 3162 927 3231 nudatam
991 3161 1224 3229 incolis
1281 3167 1350 3227 et
1403 3159 1635 3244 opibus
1692 3156 2101 3224 exinanitam
2159 3153 2562 3235 relinquunt.

611 3249 823 3316 Nemo
888 3270 973 3314 ex
1038 3248 1267 3314 vicinis
1333 3246 1445 3331 qui
1491 3266 1646 3312 mox
1687 3245 2007 3327 impetum
2051 3239 2289 3307 facturi
2336 3251 2562 3338 erant.

612 3356 685 3401 se
748 3341 1130 3402 commovet.
1216 3334 1548 3399 Revisunt
1609 3331 1824 3397 securi
1890 3347 2128 3394 uxores
2184 3333 2252 3391 et
2307 3322 2563 3391 liberos.

610 3420 746 3489 Ubi
785 3419 1071 3488 collectis
1112 3419 1350 3485 animis
1394 3419 1478 3484 ad
1522 3436 1772 3484 novum
1815 3414 2060 3482 bellum
2113 3411 2348 3509 parati·
2371 3421 2563 3509 sunt:

612 3514 882 3590 repente
959 3509 1253 3571 exoritur
1326 3504 1658 3570 maximus
1725 3502 2053 3567 exercitus
2129 3518 2213 3563 ex
2285 3494 2565 3595 diversis

613 3590 873 3677 populis
937 3592 1288 3669 conflatus,
1376 3590 1490 3674 qui
1566 3590 1883 3655 hactenus
1957 3580 2346 3671 quiescendo
2415 3602 2564 3648 vin·

610 3676 802 3747 cendi
856 3676 1141 3762 spatium
1197 3674 1531 3742 dederant.
1618 3673 1812 3756 Quod
1855 3674 2034 3738 enim
2077 3669 2288 3738 serius
2331 3687 2565 3767 exper-

696 3763 852 3830 facti
906 3770 1096 3844 sunt,
1160 3760 1430 3847 perinde
1472 3761 1597 3826 fuit
1641 3781 1717 3827 ac
1774 3759 1831 3825 si
1866 3764 2098 3845 pactae
2142 3755 2419 3822 fuissent
2459 3774 2564 3818 in·

657 3849 857 3916 uciae.
946 3847 1172 3931 Itaque
1228 3846 1415 3913 Deus
1480 3867 1609 3912 non
1675 3855 1932 3912 tantum
2044 3864 2117 3910 ro
2177 3841 2383 3907 electo
2445 3859 2566 3923 po·

609 3935 766 4019 pulo
813 3934 1169 4019 pugnavit:
1261 3932 1376 3999 sed
1430 3933 1654 3999 hostes
1717 3931 1990 3998 scinden
2035 3951 2075 3994 o
2137 3926 2321 3994 illius
2385 3929 2566 4024 vires

608 4020 838 4086 multis
893 4019 1145 4086 vicibus
1203 4019 1564 4084 renovavit.
1652 4016 1873 4099 Quam
1929 4012 2361 4082 formidabilis
2404 4014 2566 4077 fuis·

611 4113 716 4172 set
755 4105 863 4172 hic
920 4125 1263 4183 occursus,
1332 4104 1458 4170 nisi
1513 4102 1833 4188 paulatim
1888 4101 2237 4169 assuefacti
2287 4098 2567 4164 fixissent

611 4192 953 4259 Israelitae
1008 4190 1092 4256 ad
1142 4190 1484 4274 pugnandi
1538 4189 1909 4270 audaciam,
1976 4198 2041 4254 et
2096 4185 2297 4252 simul
2350 4184 2565 4249 mani-

610 4278 853 4344 festum
911 4275 1041 4343 Dei
1106 4276 1427 4343 auxilium
1495 4275 1795 4360 experti?
1885 4271 2246 4341 Multitudo
2311 4271 2565 4338 confer-

613 4373 722 4429 tur
779 4383 1015 4428 arenae
1071 4363 1302 4443 maris,
1374 4361 1609 4428 deinde
1663 4383 1896 4430 currus
1952 4371 2018 4427 et
2077 4360 2361 4443 equites:
2435 4376 2563 4440 quo

612 4458 931 4535 apparatu
997 4449 1239 4514 mirum
1296 4447 1426 4513 fuit
1485 4469 1617 4514 non
1683 4446 2050 4515 exanimari
2103 4445 2214 4530 qui
2264 4443 2564 4529 equitatu

611 4556 883 4621 prorsus
961 4536 1287 4601 carebant.
1376 4534 1724 4602 Gradatim
1803 4554 1958 4618 ergo
2034 4531 2335 4616 producti
2409 4542 2565 4595 sunt

612 4620 826 4706 quoad
868 4620 1116 4688 ferebat
1170 4641 1398 4686 eorum
1438 4620 1734 4687 facultas.
1823 4619 1996 4686 Nam
2056 4628 2228 4686 certe
2272 4614 2564 4700 superio·

612 4707 795 4773 ribus
872 4704 1166 4791 praeliis,
1248 4715 1564 4790 tanquam
1636 4704 1935 4772 iucundis
2027 4702 2378 4788 praeludiis
2451 4722 2564 4768 eos

610 4802 868 4858 tantum
934 4799 1335 4859 exercuerat.
1425 4791 1618 4857 Adde
1675 4790 1846 4875 quod
1913 4791 2208 4874 pluribus
2273 4788 2562 4856 victoriis

609 4876 885 4946 subinde
940 4886 1245 4945 testatam
1301 4878 1452 4946 fecit
1506 4898 1693 4944 suam
1758 4877 2147 4960 potentiam,
2207 4897 2291 4940 ne
2345 4874 2562 4941 levius

610 4965 1075 5030 aestimaretur
1135 4984 1329 5046 quam
1372 4984 1496 5046 par
1539 4971 1700 5031 erat.
1794 4961 1867 5030 Si
1912 4963 2087 5029 enim
2132 4983 2358 5029 omnes
2400 4962 2563 5026 fuis-

609 5060 761 5117 sent
818 5049 1016 5115 simul
1072 5049 1432 5135 profligati:
1500 5049 1847 5135 magnifice
1891 5048 2152 5133 quidem
2197 5047 2562 5115 celebratae

609 5137 889 5203 fuissent
921 5134 1051 5201 Dei
1084 5133 1345 5201 laudes:
1388 5135 1501 5201 sed
1536 5137 1917 5203 memoriam
1954 5134 2341 5200 intercidere
2371 5133 2563 5201 facile

611 5232 773 5289 erat.
864 5221 1191 5289 Distinete
1246 5242 1400 5306 ergo
1454 5231 1520 5287 et
1573 5242 1867 5289 seorsum
1925 5220 2119 5305 plura
2173 5218 2563 5288 documenta

612 5308 685 5372 in
739 5306 1027 5372 medium
1091 5309 1363 5390 proponi
1421 5308 1733 5393 oportuit:
1812 5327 1897 5372 ne
1955 5306 2291 5374 victoriam
2358 5327 2560 5374 unam

610 5393 912 5459 fortunae
955 5392 1417 5459 adscriberent.

1807 480 2552 551 COMMENTARIUS
2598 482 2700 548 IN
2741 480 3023 550 IOSUE
3067 482 3267 550 OAP.
3313 482 3439 548 XI.

4489 480 4612 548 508

2845 672 2907 738 6.
2975 672 3173 739 Dixit
3226 675 3431 737 autem
3475 669 3723 737 Isltova.
3811 669 3961 752 Quo
4024 669 4174 755 plus
4237 669 4486 755 negotii
4548 679 4617 736 et

2673 756 3075 825 difficultatis
3138 767 3281 824 erat
3332 757 3404 823 in
3458 755 3732 823 delendo
3790 763 3923 821 tam
3972 755 4283 841 populoso
4347 765 4416 821 et
4481 765 4614 821 tam

2674 843 2839 910 bene
2885 844 3211 911 instructo
3266 843 3562 910 exercitu
3581 892 3598 921 ‚
3664 862 3743 908 eo
3799 841 4014 927 magis
4068 843 4438 908 necessaria
4491 842 4618 907 fuit

2672 949 2846 995 nova
2913 928 3190 996 fiduciae
3261 929 3559 996 aooessio.
3643 926 3879 1012 Itaque
3963 928 4143 994 Deus
4225 947 4420 995 servo
4500 947 4616 994 suo

2670 1015 2866 1081 Iosue
2928 1024 3227 1099 apparet,
3304 1035 3380 1082 ac
3441 1013 3769 1100 promittit
3830 1012 4112 1079 eundem
4175 1033 4369 1097 quem
4431 1013 4618 1099 prius

2671 1101 3015 1186 aliquoties
3059 1099 3329 1167 dederat
3368 1120 3764 1168 successum.
3844 1098 4216 1184 Diligenter
4258 1098 4617 1165 notandum

2671 1196 2798 1265 est,
2857 1187 3112 1271 quoties
3155 1207 3309 1253 suas
3347 1186 3814 1269 promissiones
3855 1186 4084 1263 iterat,
4132 1185 4618 1252 commonefleri

2673 1272 2968 1339 homines
3011 1293 3167 1339 suae
3212 1273 3318 1337 vel
3359 1270 3725 1351 oblivionis,
3772 1270 3877 1338 vel
3913 1269 4265 1349 socordiae,
4312 1271 4417 1337 vel
4461 1270 4622 1337 levi-

2671 1360 2841 1425 tatis.
2932 1358 3076 1424 Nisi
3134 1358 3309 1424 enim
3366 1356 3723 1424 identidem
3767 1356 4208 1423 adhibeantur
4251 1377 4425 1423 nova
4466 1356 4620 1423 fidei

2668 1444 2988 1523 fomenta,
3056 1465 3210 1510 mox
3267 1444 3553 1510 effluunt
3608 1452 3677 1508 et
3731 1450 4152 1509 evanescunt.
4241 1443 4332 1508 Et
4394 1452 4620 1509 tamen

2752 1551 2977 1597 rverso
3024 1529 3287 1597 fastidio
3349 1528 3724 1596 laboramus
3739 1579 3757 1608 ,
3822 1540 3899 1594 ut
3955 1530 4092 1594 fere
4158 1528 4380 1613 pigeat
4443 1528 4619 1595 idem

2711 1618 2768 1683 is
2803 1616 3050 1683 audire.
3132 1614 3356 1697 Quare
3390 1615 3736 1694 discamus,
3781 1614 4035 1698 quoties
4062 1622 4413 1681 occurrunt
4448 1635 4621 1681 nova

2667 1703 3057 1782 certamina,
3115 1702 3186 1767 in
3251 1703 3506 1767 animos
3571 1720 3877 1768 revocare
3941 1700 4069 1766 Dei
4132 1700 4617 1785 promissiones,

2666 1809 2831 1873 quae
2886 1790 3217 1872 corrigant
3273 1787 3656 1872 languorem
3714 1794 4012 1853 nostrum
4030 1835 4048 1866 ‚
4114 1784 4217 1852 vel
4271 1786 4618 1871 segnitiem

2665 1875 2970 1941 excitent.
3060 1874 3459 1940 Praesertim
3523 1871 3693 1957 quod
3750 1872 3823 1938 in
3884 1892 4127 1957 genere
4191 1871 4439 1938 dictum
4496 1880 4617 1951 est,

2665 1960 2749 2026 ad
2814 1959 3226 2044 quotidianos
3292 1980 3450 2026 usus
3515 1957 4111 2026 accommodemus:
4181 1957 4376 2024 sicuti
4441 1978 4620 2024 nunc

2665 2046 2848 2112 Deus
2914 2046 3081 2129 quod
3142 2044 3224 2110 de
3304 2045 3604 2111 omnibus
3681 2044 3988 2129 gentibus
4067 2043 4622 2128 pronunciaverat

2661 2131 3033 2215 specialiter
3084 2132 3157 2197 in
3210 2152 3283 2197 re
3347 2131 3673 2214 praesenti
3716 2135 3965 2196 certum
4022 2130 4419 2213 firmumque
4482 2130 4621 2196 fore

2662 2218 2917 2284 asserit.
3003 2217 3354 2285 Caeterum
3411 2237 3497 2282 ex
3536 2215 4027 2283 circumstantia
4081 2215 4393 2299 temporis
4434 2214 4621 2282 colli·

2661 2306 2871 2389 gitur,
2933 2325 2968 2368 r
3176 2302 3335 2369 istos
3376 2301 3786 2386 aliquantum
3840 2300 4098 2367 itineris
4150 2301 4354 2367 fnisse
4393 2321 4620 2369 emen—

2663 2410 2801 2470 sos,
2864 2397 2941 2455 ut
3041 2409 3197 2455 osus
3261 2397 3329 2455 et
3406 2387 3715 2473 populum
3781 2387 3853 2451 iu
3917 2384 4145 2472 Gilgal
4209 2386 4616 2454 invaderent.

2663 2473 2951 2541 Oraculo
3022 2475 3199 2541 enim
3269 2474 3679 2541 subnectitur
3754 2472 4084 2558 expeditio
4148 2472 4364 2540 Iosue.
4451 2473 4620 2541 Pro-

2664 2561 2950 2627 mittitur
3004 2560 3077 2626 in
3129 2560 3488 2627 crastinum
3555 2559 3731 2626 diem
3796 2559 4089 2625 victoria.
4178 2558 4331 2626 Non
4391 2558 4666 2644 procul-

2663 2648 2884 2730 itaque
2950 2647 3241 2713 aberant.
3329 2646 3421 2712 Et
3478 2644 3660 2711 lacus
3694 2645 3953 2711 Merum
4010 2645 4121 2711 ubi
4174 2652 4395 2712 castra
4447 2645 4621 2713 loca·

2666 2739 2934 2813 verant,·
2961 2733 3071 2816 qui
3117 2732 3383 2798 Iordani
3426 2731 3776 2815 contiguus
3798 2738 3916 2810 est,
3962 2731 4158 2815 lenge
4201 2732 4471 2815 propius
4515 2753 4620 2800 ac-

2666 2816 2841 2884 cedit
2896 2815 2980 2884 ad
3023 2818 3249 2905 Gilgal
3317 2837 3514 2902 quam
3575 2817 3948 2896 Genesara,
4014 2838 4101 2883 ex
4156 2816 4346 2884 cuius
4404 2827 4620 2885 tractu

2876 2904 3166 2970 hostium
3223 2904 3514 2987 profecta
3565 2911 3725 2968 erat.
3813 2901 4070 2968 Dicunt
4124 2910 4343 2969 autem
4403 2903 4620 2970 lacum

2717 3012 2844 3058 unc
2887 2988 2992 3055 vel
3035 2988 3312 3054 diminui
3356 2987 3464 3055 vel
3507 3008 3833 3070 crescere,
3898 2997 4095 3070 prout
4135 2988 4326 3055 nives
4367 2988 4620 3075 rigidae

2666 3074 3015 3142 subsidunt
3048 3075 3117 3140 in
3161 3073 3520 3155 montibus,
3564 3075 3674 3140 vel
3716 3074 4107 3158 liquescunt.
4195 3074 4407 3140 Porro
4450 3073 4621 3159 quod

2667 3162 2863 3228 Iosue
2904 3169 2971 3227 et
3009 3159 3250 3248 populo
3302 3160 3725 3245 praecipitur,
3789 3170 3867 3226 ut
3922 3157 4260 3226 succidant
4301 3180 4621 3244 equorum

2666 3267 2859 3314 crura
2891 3245 2998 3312 vel
3032 3267 3117 3330 po
3163 3246 3330 3329 lites,
3374 3254 3442 3312 et
3462 3266 3696 3314 currus
3729 3254 4033 3324 exurant,
4076 3247 4399 3329 spectavit
4442 3247 4620 3314 haud

2668 3332 2863 3400 dubie
2919 3331 3003 3398 ad
3060 3342 3126 3397 to
3177 3330 3381 3397 endas
3437 3352 3606 3414 quae
3661 3331 3950 3416 profanis
4006 3330 4313 3417 gentibus
4366 3333 4438 3398 in
4495 3354 4619 3399 usu

2667 3429 2855 3486 erant
2902 3417 3116 3503 magis
3172 3418 3529 3502 exquisitas
3584 3415 3869 3483 bellandi
3927 3418 4235 3484 rationes.
4324 3418 4618 3485 Militare

2667 3504 2929 3590 quidem
2986 3505 3163 3588 ipsos
3180 3554 3196 3586 ,
3262 3512 3331 3570 et
3388 3513 3660 3571 strenue
3714 3523 3868 3569 cum
3929 3503 4223 3570 hostibus
4266 3505 4618 3591 confligere

2665 3591 2989 3678 oportuit:
3047 3588 3160 3657 sed
3204 3590 3302 3656 ita
3346 3599 3420 3656 ut
3462 3611 3504 3655 a
3547 3590 3690 3655 Deo
3734 3590 3871 3655 solo
3915 3586 4311 3673 penderent,
4357 3602 4437 3657 ut
4477 3592 4618 3658 eius

2666 3680 2911 3746 virtute
2965 3696 3036 3741 se
3092 3674 3294 3742 fortes
3350 3697 3493 3742 esse
3558 3683 3972 3760 reputarent,
4036 3675 4495 3744 recumberent
4547 3678 4618 3743 in

2667 3785 2819 3831 eum
2875 3762 3118 3828 solum:
3180 3761 3355 3845 quod
3396 3761 3541 3829 fieri
3584 3762 3697 3829 vix
3739 3770 4022 3846 poterat,
4089 3761 4150 3828 si
4208 3764 4618 3847 equestribus

2667 3849 2873 3935 copiis
2915 3856 2984 3913 et
3013 3844 3339 3937 [curruum
3382 3856 3701 3931 apparatu
3746 3847 4022 3914 fuissent
4061 3845 4392 3916 instructi.
4485 3847 4619 3917 Sci-

2668 3956 2816 4002 mus
2868 3934 3044 4000 enim
3101 3942 3176 3999 ut
3229 3933 3541 4019 splendor
3591 3932 3703 3998 ille
3769 3933 4174 4018 perstringat
4236 3935 4489 4016 oculos,
4554 3945 4619 4001 et

2668 4020 2950 4105 superba
3006 4018 3401 4087 confidentia
3458 4026 3708 4085 mentes
3754 4019 4050 4085 inebriet.
4139 4018 4285 4085 Iam
4327 4020 4443 4087 lex
4486 4021 4621 4087 lata

2669 4115 2842 4185 erat,
2926 4126 3010 4171 ne
3090 4126 3279 4188 reges
3357 4105 3484 4173 sibi
3564 4125 3763 4189 equos
3828 4114 3895 4170 et
3955 4125 4192 4172 currus
4270 4118 4614 4190 pararent:

2667 4191 2895 4280 (Deut.
2945 4193 3059 4270 17,
3109 4190 3219 4279 16)
3261 4191 3703 4293 quia-scilicet
3748 4190 3916 4256 nihil
3964 4191 4320 4275 proclivius
4362 4192 4616 4293 fuisset,

2668 4276 3491 4465 33¹5300³13¹23⁰32<f2f¹1¹1¹1¹3¹3
3493 4276 4621 4463 ffimffissfffitfffiffiffffi

2667 4452 2817 4532 bus,
2885 4450 2957 4515 hi
3013 4470 3086 4514 1n
3151 4468 3371 4533 equis:
3436 4469 3557 4516 nos
3616 4459 3835 4514 autem
3891 4469 3964 4513 m
4020 4449 4283 4515 nomine
4332 4449 4619 4518 Iehovae

2669 4537 2796 4603 Dei
2854 4536 3063 4602 nostri
3121 4535 3426 4600 tollemus
3482 4534 3801 4601 vexillum
3862 4531 3999 4620 (Ps.
4045 4533 4164 4615 20,
4210 4532 4295 4637 8).
4384 4536 4620 4604 Voluit

2666 4623 2869 4689 etiam
2923 4619 3109 4687 Deus
3173 4618 3483 4687 audaciae
3545 4621 3888 4686 materiam
3954 4621 4093 4688 suis
4154 4619 4474 4703 adimere,
4545 4631 4619 4688 ut

2665 4709 2908 4775 finibus
2929 4707 3066 4773 suis
3087 4706 3379 4772 contenti
3421 4704 3675 4790 placide
3718 4706 4164 4789 quiescerent:
4209 4728 4422 4792 neque
4463 4710 4617 4775 vici-

2665 4813 2788 4860 uos
2822 4792 3062 4858 iniuste
3081 4792 3614 4893 aggrederentur.
3680 4790 3902 4893 Atque
3936 4793 4342 4893 experientia
4373 4794 4615 4875 docuit,

2664 4898 3208 5044 :maffia
3223 4878 3495 5030 Ἓῗὲῖἓ
3553 4897 3801 5029 332⁸..
3835 4878 4616 5048 'ffffiffiz'ssfe‘limssffss

2663 5051 2796 5116 illis
2854 5059 3161 5134 suscepta
3209 5050 3408 5116 fuisse
3457 5048 3645 5116 bella.
3734 5050 3960 5134 Equos
4003 5071 4160 5136 ergo
4202 5053 4429 5118 nervis
4470 5073 4614 5120 suc-

2663 5137 2816 5203 cisis
2859 5136 3127 5202 inutiles
3171 5134 3356 5201 reddi
3400 5135 3481 5201 ad
3529 5134 3936 5214 bellandum,
3982 5144 4049 5204 et
4090 5157 4325 5204 currus
4366 5137 4613 5204 aboleri

2663 5242 2926 5290 necesse
2968 5222 3126 5302 fuit,
3167 5242 3253 5287 ne
3294 5221 3636 5288 Israelitae
3678 5222 3978 5306 gentium
4021 5224 4314 5290 moribus
4358 5245 4611 5292 assues·

2661 5316 2907 5377 cerent.

2834 5393 2894 5461 8.
2967 5393 3264 5460 Tradidit
3304 5412 3405 5460 eos
3439 5392 3685 5461 Iehova.
3747 5394 4134 5479 Magnitudo
4176 5395 4417 5482 stragis
4458 5394 4612 5463 inde
