5017 6142
1864 264 1915 311 a«

557 416 686 483 455

558 608 801 675 dicitur
835 608 1112 693 populus
1147 607 1443 674 timuisse
1477 605 1761 685 Iosuam,
1805 605 1977 670 sicut
1999 604 2234 670 Mosen
2273 602 2506 667 timue-

558 704 697 773 rat,
762 693 990 760 multis
1032 691 1458 760 seditionibus
1515 699 1582 756 et
1624 690 1835 757 turbis
1877 690 2118 769 refelli,
2168 710 2330 772 quas
2373 708 2506 753 non

558 790 866 865 proterve
922 779 1143 858 modo,
1208 777 1321 846 sed
1374 778 1618 844 furiose
1675 783 1906 851 contra
1960 797 2109 842 eum
2175 774 2508 842 excitave-

559 876 743 944 rant,
808 866 1017 934 facilis
1080 864 1317 932 solutio
1373 872 1505 943 est,
1569 883 1705 928 non
1773 861 2238 947 comprehendi
2294 866 2505 925 totum

560 962 820 1035 tempus
875 972 957 1017 ex
1022 972 1149 1035 quo
1215 952 1463 1035 egressi
1523 949 1790 1015 fuerant
1849 970 1931 1015 ex
1991 949 2326 1033 Aegypto,
2391 944 2507 1011 sed

559 1044 820 1104 tantum
866 1038 1074 1104 notari
1109 1035 1276 1101 illud
1293 1083 1309 1114 ,
1360 1056 1489 1120 quo
1531 1035 1786 1102 subacti
1826 1034 2038 1118 plagis
2082 1054 2157 1100 ac
2201 1052 2507 1098 mansue-

558 1124 735 1203 facti,
780 1122 1002 1190 Mosen
1044 1121 1420 1189 obedienter
1451 1120 1663 1187 colere
1695 1129 2061 1204 coeperant.
2127 1116 2508 1201 Tranquillo

560 1210 739 1277 enim
784 1209 1170 1294 gubernatio
1204 1227 1381 1275 nunc
1417 1204 1826 1284 describitur,
1871 1226 1947 1272 ac
1981 1205 2040 1270 si
2074 1204 2507 1289 pervicaciam

561 1302 850 1364 veterem
886 1295 1257 1361 exuissent:
1300 1293 1686 1377 praesertim
1723 1312 1897 1372 vero,
1934 1290 2045 1357 ubi
2085 1289 2508 1356 tumultuosis

560 1381 855 1465 patribus
918 1380 1195 1447 mortuis
1259 1379 1573 1447 successit
1629 1377 1860 1444 melior
1914 1376 2185 1443 soboles.
2273 1374 2507 1458 Itaque

562 1488 695 1533 non
715 1466 997 1551 legimus
1016 1465 1371 1550 quidquam
1406 1465 1609 1531 fuisse
1643 1463 1886 1548 negotii
1921 1462 1993 1529 in
2028 1462 2162 1529 illis
2198 1460 2504 1547 regendis

562 1574 638 1620 ac
698 1552 1057 1618 flectendis.
1147 1550 1340 1633 Quod
1403 1550 1538 1617 iam
1602 1550 1876 1632 exposui
1894 1599 1912 1627 ,
1992 1569 2169 1615 nuno
2239 1546 2506 1614 brevius

561 1637 835 1723 attingo.
901 1637 1075 1704 Nam
1118 1636 1275 1703 dum
1311 1657 1422 1702 eos
1466 1636 1767 1702 hortatus
1807 1635 1999 1700 initio
2033 1634 2161 1700 fuit
2193 1633 2389 1699 Iosue
2423 1631 2507 1698 ad

558 1724 957 1808 obsequium,
1003 1743 1073 1789 se
1117 1722 1258 1789 fore
1302 1722 1732 1806 obsequentes
1776 1720 2104 1799 dixerunt,
2149 1721 2316 1787 sicut
2351 1728 2506 1785 ante

558 1811 822 1877 fuerant
863 1808 1058 1876 Mosi.

736 1896 837 1961 16.
908 1893 1234 1976 Praecepit
1280 1889 1717 1960 sacerdotibus.
1807 1891 2069 1959 Clarius
2113 1891 2508 1977 exprimitur

560 2002 758 2065 quam
819 1980 1065 2047 sedatis
1117 1987 1185 2046 et
1240 1979 1615 2063 compositis
1672 1978 1909 2045 animis
1967 1977 2050 2043 ad
2093 1977 2224 2044 Dei
2266 1985 2509 2043 nutum

558 2069 795 2133 attenti
850 2066 1096 2132 fuerint
1152 2064 1548 2131 sacerdotes:
1617 2064 1771 2147 quia
1823 2065 2056 2148 pedem
2110 2084 2245 2129 non
2286 2083 2506 2129 move·

560 2161 719 2218 runt
796 2152 1002 2219 donec
1071 2151 1364 2234 receptui
1441 2170 1678 2217 canere
1737 2149 1929 2217 iussit
1993 2149 2200 2216 Iosue.
2291 2148 2504 2215 Sicuti

559 2249 784 2304 autem
848 2257 1039 2305 rarae
1088 2236 1367 2304 virtutis
1430 2235 1557 2301 fuit
1619 2235 1716 2301 ita
1796 2256 1938 2303 esse
2010 2236 2367 2320 morigeros
2438 2241 2507 2300 et

558 2323 1016 2408 obsequentes:
1060 2321 1158 2388 ita
1201 2330 1474 2407 paterna
1494 2321 1625 2388 Dei
1667 2320 2033 2390 sollicitudo
2075 2322 2146 2386 in
2192 2343 2270 2388 eo
2311 2319 2510 2387 reful-

559 2418 700 2495 get,
757 2407 932 2494 quod
993 2407 1290 2493 singulos
1354 2407 1491 2474 fere
1553 2427 1940 2492 progressus
2008 2406 2291 2492 dirigere
2347 2425 2509 2471 voce

559 2517 682 2563 sua
716 2505 783 2561 et
825 2493 1153 2561 moderari
1192 2501 1506 2579 gravatus
1548 2515 1682 2559 non
1726 2502 1844 2573 est,
1892 2514 1976 2559 ne
2010 2513 2139 2578 qua
2181 2492 2511 2577 perplexi-

559 2592 661 2648 tas
738 2581 1061 2647 tardiores
1136 2600 1249 2647 eos
1315 2578 1635 2646 redderet.
1724 2577 2043 2664 Sequitur
2110 2577 2509 2646 luculentior

554 2667 856 2733 miraculi
899 2664 1326 2743 confirmatio,
1371 2663 1544 2748 quod
1585 2664 1858 2731 simulac
1892 2665 2105 2749 ripam
2134 2671 2505 2733 transscen-

556 2753 797 2819 derunt
812 2803 829 2834 ,
902 2751 1205 2819 Iordanis
1269 2771 1451 2817 more
1517 2772 1636 2817 suo
1695 2752 1939 2817 iterum
2002 2751 2209 2816 fluere
2273 2750 2503 2833 coepit.

555 2839 702 2906 Nisi
759 2837 939 2905 enim
997 2835 1298 2903 rediisset
1340 2836 1421 2902 ad
1476 2836 1822 2921 pristinam
1868 2843 2203 2917 naturam,
2262 2845 2333 2902 et
2372 2836 2509 2921 qui-

556 2922 706 2992 dem
762 2929 1063 3007 repente:
1130 2921 1320 2987 multi
1377 2922 1693 2989 occultam
1750 2943 2045 3003 causam,
2112 2921 2226 2989 sed
2283 2921 2508 2988 fortui-

554 3019 691 3077 tam
737 3009 1125 3075 mutationis
1165 3007 1507 3092 imaginati
1551 3017 1790 3075 essent.
1864 3007 2118 3075 Verum
2163 3008 2277 3075 ubi
2320 3006 2508 3074 Deus

554 3096 847 3162 minimis
901 3103 1274 3178 temporum
1330 3092 1629 3160 articulis
1681 3094 2045 3179 potentiam
2101 3102 2170 3160 et
2225 3095 2508 3179 gratiam

554 3204 743 3250 suam
783 3181 1090 3258 illustrat,
1136 3179 1386 3245 tollitur
1426 3180 1644 3246 omnis
1687 3177 2024 3246 dubitatio.
2115 3178 2339 3261 Quum
2374 3179 2505 3263 pri-

551 3289 739 3334 mum
803 3266 1150 3334 madefacti
1212 3273 1367 3332 sunt
1433 3263 1630 3349 pedes
1686 3265 2096 3332 sacerdotum
2114 3315 2130 3346 ‚
2203 3263 2507 3332 Iordanis

551 3353 960 3420 retrocessit:
1024 3371 1207 3418 nunc
1269 3370 1494 3417 eorum
1563 3350 1851 3419 discessu
1907 3352 2187 3419 liberum
2238 3372 2503 3419 cursum

553 3448 912 3523 recuperat,
998 3437 1197 3522 idque
1269 3437 1497 3503 eodem
1562 3458 1691 3521 quo
1754 3437 1827 3503 in
1895 3439 2106 3522 ripam
2181 3446 2507 3505 venerunt

553 3532 902 3591 momento.
974 3522 1242 3591 Siccum
1285 3522 1462 3589 enim
1505 3521 1613 3591 hic
1655 3523 1972 3608 accipitur
2015 3543 2135 3607 pro
2179 3544 2257 3591 ea
2298 3530 2506 3608 parte,

553 3631 723 3694 quae
763 3608 1204 3676 exundatione
1248 3614 1416 3675 tecta
1450 3629 1587 3675 non
1630 3617 1790 3675 erat.
1856 3609 1964 3676 Ita
1995 3609 2241 3677 fluvius
2284 3630 2508 3695 quam-

552 3696 660 3763 vis
701 3703 928 3762 mutus
946 3745 961 3773 ,
1024 3694 1312 3779 optimus
1376 3693 1500 3760 fuit
1566 3714 1797 3779 praeco
1814 3745 1830 3774 ,
1898 3694 2054 3762 dum
2099 3695 2249 3779 plus
2307 3715 2502 3779 quam

551 3803 790 3849 sonora
833 3801 990 3850 voce
1046 3787 1324 3848 testatus
1380 3789 1482 3847 est
1525 3781 1669 3846 Deo
1711 3778 1981 3848 Israelis
2035 3779 2304 3850 subesse
2357 3801 2501 3848 coe·

550 3868 692 3934 lum
734 3874 804 3934 et
844 3877 1108 3934 terram.

729 4038 830 4105 19.
900 4037 1189 4121 Populus
1251 4042 1458 4104 autem
1510 4036 1789 4104 ascendit
1844 4056 1876 4103 e
1933 4033 2209 4104 Iordane
2264 4038 2505 4106 decima

555 4125 898 4208 dieprimi
949 4124 1211 4202 mensis,
1265 4128 1321 4189 ct
1375 4120 1797 4191 castrametati
1851 4126 1999 4189 sunt
2038 4125 2112 4189 in
2159 4124 2377 4209 Gilyal
2417 4125 2505 4191 ad

543 4211 811 4296 plagam
863 4209 1223 4277 orientalem
1278 4208 1540 4276 Iericho.
1640 4208 1743 4276 20.
1810 4209 1912 4275 Ac
1966 4209 2289 4278 duodecim
2343 4211 2505 4293 lapi-

554 4296 668 4363 des
702 4315 860 4379 quos
898 4295 1170 4361 tulerant
1209 4315 1288 4361 ex
1332 4295 1608 4362 Iordane
1650 4295 1872 4362 statuit
1915 4293 2105 4362 Ios-ue
2145 4296 2217 4363 in
2265 4296 2502 4381 Gilyal.

556 4382 662 4449 21.
731 4381 818 4447 Et
858 4381 1148 4464 loquutus
1188 4385 1279 4448 est
1319 4380 1406 4446 ad
1443 4380 1613 4462 tilios
1656 4380 1902 4466 Israel,
1946 4381 2233 4449 dicendo:
2298 4383 2505 4465 Quum

554 4467 1073 4552 interroyavem'nt
1121 4485 1266 4532 cras
1314 4465 1447 4547 filii
1500 4469 1692 4534 vestri
1732 4471 1956 4549 patres
2008 4487 2157 4535 suos
2216 4468 2505 4536 dicendo.-

563 4554 734 4637 Quid
782 4553 1026 4636 lapides
1079 4551 1241 4618 isti?
1323 4551 1428 4618 22.
1493 4551 1870 4620 Iudicabitis
1920 4552 2083 4635 filiis
2137 4555 2364 4620 vestris
2404 4554 2503 4621 di-

557 4640 772 4707 cendo.-
845 4638 972 4705 Per
1012 4638 1268 4705 aridam
1318 4638 1616 4704 transivit
1655 4638 1865 4705 Israel
1905 4639 2240 4706 Iordanem
2279 4642 2507 4708 istum,-

557 4726 662 4792 23.
733 4725 1045 4808 Quoniam
1083 4723 1337 4790 siccavit
1376 4723 1608 4790 Iehova
1650 4723 1832 4790 Deus
1878 4729 2073 4792 vester
2114 4746 2317 4807 aquas
2360 4727 2503 4793 Ior-

556 4812 750 4880 danis
788 4832 833 4877 a
871 4810 1036 4894 facie
1082 4813 1289 4876 vestra
1326 4809 1514 4876 donec
1545 4810 1905 4877 transiretis
1919 4836 1939 4877 .·
1990 4812 2504 4894 quemadmodum

554 4898 701 4981 fecit
744 4895 976 4964 Iehova
1016 4895 1200 4962 Deus
1254 4899 1455 4961 vester
1505 4896 1677 4962 mari
1723 4894 1901 4977 Suph
1951 4897 2116 4979 quod
2166 4899 2422 4966 siccavit
2462 4921 2505 4964 a

555 4983 718 5065 facie
778 4987 991 5049 nostra
1014 5069 1028 5083 .
1053 4981 1243 5048 donec
1303 4981 1732 5047 transiremus.
1821 4980 1926 5048 25.
2005 4981 2086 5050 Ut
2144 4989 2507 5084 coquoscant

557 5088 768 5221 :3²:⁶⁸
697 5069 1276 5222 &affl-..m
1310 5065 2131 5221 wmsmfftuffl
2153 5069 2370 5224 0121„ss
2200 5074 2354 5170 ‘m
2372 5075 2506 5222 ,³²‘·'

1754 411 2500 483 COMMENTARIUS
2546 411 2648 479 IN
2691 411 2972 481 IOSUE
3020 413 3213 482 CAP.
3260 415 3381 481 IV.

4426 415 4558 481 456

2788 603 2887 669 19.
2958 602 3244 684 Populus
3326 608 3550 670 autem.
3657 602 3793 670 Cur
3868 609 4134 669 notetur
4214 602 4350 669 dies
4428 625 4559 688 quo

2613 695 2857 754 terram
2914 689 3196 774 ingressi
3254 700 3445 769 sunt,
3511 696 3579 757 et
3632 689 3704 754 in
3749 708 3825 754 ea
3866 689 4080 773 prima
4136 700 4347 756 castra
4388 690 4560 755 loca-

2612 783 2771 839 runt
2817 774 3183 841 videbimus
3275 776 3527 842 roximo
3580 775 3810 859 capite.
3896 774 4159 840 Nomen
4211 796 4367 841 vero
4425 776 4560 858 pri·

2614 881 2759 926 mae
2802 862 3101 927 stationis
3146 860 3231 928 G·
3261 858 3374 946 gal
3416 862 3680 945 ponitur
3719 860 3870 925 κατὰ
3902 860 4229 944 πρόληψινε
4276 861 4429 944 quia
4462 862 4561 928 sic

2613 955 2839 1029 postea
2853 956 3121 1013 vocatus
3142 947 3266 1013 fuit
3280 969 3320 1013 a
3333 946 3529 1014 Iosue
3543 956 3688 1031 post
3711 965 3952 1013 novam
3965 947 4558 1014 circumcisionem:

2614 1039 2682 1098 et
2729 1033 3124 1118 etymologia
3167 1054 3286 1100 suo
3327 1033 3467 1100 loco
3523 1031 3873 1099 videbitur.
3958 1033 4168 1099 Porro
4212 1032 4321 1100 hic
4368 1053 4560 1116 prae-

2612 1118 2802 1202 cipue
2868 1119 3087 1203 agitur
3158 1119 3238 1186 de
3311 1127 3735 1185 monumento
3814 1116 4154 1185 duodecim
4232 1119 4559 1203 lapidum:

2612 1204 2797 1271 cuius
2853 1206 2976 1271 etsi
3031 1205 3203 1271 facta
3258 1211 3409 1271 ante
3466 1204 3680 1271 fuerat
3735 1205 4015 1284 mentio,
4101 1226 4278 1273 nunc
4333 1216 4560 1271 tamen

2614 1292 2799 1375 quasi
2834 1290 3123 1357 solennis
3160 1290 3478 1358 dedicatio
3512 1296 3852 1357 narratur:
3896 1310 4131 1374 nempe
4165 1290 4335 1374 quod
4365 1290 4563 1357 Iosue

2613 1396 2746 1441 non
2789 1376 2980 1443 modo
3006 1376 3408 1443 exstruxerit
3449 1397 3775 1455 acervum,
3818 1375 3934 1442 sed
3976 1378 4115 1443 eius
4156 1398 4346 1444 usum
4381 1398 4562 1444 com-

2611 1462 3024 1530 mendaverit
3077 1462 3343 1547 populo,
3404 1471 3484 1528 ut
3525 1484 3565 1528 a
3609 1460 3904 1547 patribus
3948 1462 4033 1528 ad
4074 1461 4242 1529 filios
4285 1463 4563 1530 celebris

2611 1549 2869 1632 vigeret
2946 1549 3199 1633 gratiae
3262 1549 3392 1615 Dei
3455 1548 3790 1617 memoria.
3877 1547 4102 1630 Quum
4167 1569 4323 1616 vero
4388 1548 4563 1615 filios

2612 1633 3015 1701 sciscitantes
3094 1634 3348 1701 inducit
3426 1633 3581 1720 quid
3646 1635 3770 1701 sibi
3835 1633 4043 1700 velint
4121 1634 4370 1719 lapides
4435 1634 4560 1715 illi,

2611 1720 2979 1805 colligimus
3054 1720 3151 1785 ita
3223 1719 3424 1787 fuisse
3510 1719 3876 1803 dispositos,
3963 1728 4035 1785 ut
4123 1722 4563 1804 spectantium

2611 1826 2877 1872 sensum
2922 1806 3277 1873 afficerent.
3367 1806 3537 1873 Nam
3583 1808 3640 1874 si
3684 1814 3928 1872 temere
3975 1805 4285 1890 nulloque
4328 1806 4562 1873 ordine

2612 1891 2893 1958 fuissent
2934 1892 3247 1976 congesti,
3292 1912 3633 1976 nunquam
3675 1891 3951 1975 posteris
3995 1892 4065 1957 in
4108 1900 4398 1960 mentem
4447 1915 4563 1959 ve-

2612 1978 2820 2044 nisset
2884 1978 2964 2044 de
3029 1978 3505 2062 significatione
3567 1977 3920 2062 inquirere.
4010 1977 4190 2063 Ergo
4243 1979 4312 2044 in
4370 1979 4566 2044 collo-

2614 2063 2867 2129 catione
2920 2063 3047 2129 fuit
3099 2063 3402 2131 notabilis
3466 2063 3638 2129 ratio
3651 2115 3669 2143 ,
3735 2083 3901 2147 quae
3958 2083 4089 2129 non
4150 2066 4566 2149 permitteret

2613 2149 3059 2233 spectaculum
3125 2149 3286 2215 illud
3350 2148 3616 2235 negligi.
3705 2148 4059 2216 Caeterum
4123 2151 4275 2235 quia
4329 2150 4564 2217 foedus

2612 2236 2743 2301 Dei
2787 2255 2916 2321 quo
2961 2256 3169 2321 genus
3210 2234 3515 2302 Abrahae
3565 2233 3997 2318 adoptaverat
4038 2237 4351 2303 continua
4391 2237 4563 2303 serie

2611 2322 2876 2387 firmum
2921 2330 3063 2387 erat
3102 2324 3175 2387 in
3220 2320 3399 2388 mille
3440 2327 3719 2402 aetates,
3767 2331 4036 2405 propter
4077 2322 4368 2406 corporis
4410 2325 4563 2388 uni·

2614 2415 2819 2473 tatem
2901 2406 3072 2492 quod
3152 2405 3337 2473 Deus
3409 2406 3701 2493 patribus
3787 2408 4063 2474 mortuis
4149 2408 4567 2493 praestiterat

2612 2493 2999 2560 beneficium
3066 2490 3151 2558 ad
3212 2493 3384 2560 filios
3446 2492 3879 2561 communiter
3941 2495 4365 2576 transfertur,
4450 2495 4572 2578 qui

2612 2578 2809 2665 longo
2864 2588 3015 2664 post
3071 2587 3364 2662 tempore
3419 2580 3560 2645 nati
3618 2586 3828 2647 erant.
3915 2579 4137 2664 Atque
4192 2580 4355 2647 haec
4411 2601 4568 2647 con-

2612 2665 2859 2730 iunctio
2901 2663 3361 2732 vehementius
3406 2665 3693 2732 excitare
3737 2664 3960 2731 debuit
4013 2687 4237 2732 eorum
4274 2666 4563 2733 animos:

2614 2751 2766 2836 quia
2827 2750 3146 2817 admoniti
3210 2750 3332 2818 hoc
3397 2749 3589 2817 modo
3670 2751 3942 2819 fuerunt
4020 2753 4266 2835 posteri
4282 2802 4300 2831 ,
4387 2753 4564 2837 quod

2613 2836 2867 2920 pridem
2910 2836 3268 2903 maioribus
3313 2835 3538 2902 datum
3582 2838 3796 2903 fuerat
3810 2887 3826 2916 ,
3873 2836 3958 2902 ad
4000 2857 4071 2904 se
4117 2858 4370 2922 quoque
4411 2859 4567 2923 per—

2613 2923 2845 2989 tinere.
2920 2922 3071 2989 Alio
3117 2923 3185 2988 ui
3227 2922 3464 3008 frigide
3507 2930 3853 3007 exceptum
3888 2924 4117 2990 fuisset
4150 2944 4563 3006 responsum,

2613 3009 2672 3076 si
2716 3007 2800 3075 ad
2842 3029 3052 3075 unum
3130 3009 3258 3073 iem
3303 3007 3604 3076 restricta
3658 3008 3890 3075 fuisset
3931 3009 4061 3076 Dei
4104 3009 4337 3094 gratia.
4427 3010 4562 3075 Ve-

2612 3116 2764 3161 rum
2829 3095 2943 3160 ubi
3012 3094 3292 3161 audiunt
3354 3093 3474 3160 filii
3551 3093 3832 3160 filiorum
3912 3094 4226 3162 siccatum
4292 3118 4330 3163 a
4394 3094 4565 3163 facie

2613 3201 2733 3247 sua
2783 3180 2985 3247 fuisse
3034 3179 3380 3247 Iordanem
3440 3180 3663 3247 multis
3721 3188 4073 3264 antequam
4128 3190 4564 3249 nascerentur

2612 3266 2920 3348 saeculis,
2978 3274 3349 3351 agnoscunt
3409 3285 3482 3331 se
3543 3265 3732 3332 illum
3796 3287 3937 3334 esse
3999 3267 4346 3351 populum,
4402 3288 4568 3354 erga

2612 3373 2807 3437 quem
2849 3372 2920 3419 se
2960 3352 3328 3437 protulerat
3370 3350 3680 3418 mirificus
3714 3350 3828 3418 ille
3863 3351 3994 3420 Dei
4035 3353 4239 3420 favor.
4306 3353 4564 3421 Eadem

2611 3438 2779 3505 ratio
2821 3445 2923 3504 est
2966 3437 3045 3503 de
3089 3438 3374 3505 arefacto
3417 3438 3588 3504 mari
3631 3437 3863 3518 rubr0,
3931 3439 4232 3522 quamvis
4277 3460 4382 3506 res
4424 3461 4564 3506 non

2610 3523 2770 3591 adeo
2811 3530 3075 3591 vetusta
3119 3523 3307 3590 foret.
3355 3522 3551 3590 Certe
3596 3522 3725 3590 duo
3780 3523 3901 3591 soli
3944 3534 4136 3591 erant
4177 3526 4567 3610 superstites

2610 3610 2813 3677 Caleb
2857 3617 2925 3676 et
2964 3608 3158 3676 Iosue
3175 3660 3190 3691 ,
3235 3610 3350 3694 qui
3393 3610 3640 3694 egressi
3684 3619 3903 3676 essent
3945 3632 4028 3676 ex
4071 3610 4408 3696 Aegypto:
4466 3612 4563 3679 sic

2611 3702 2830 3763 tamen
2874 3695 3230 3779 alloquitur
3271 3704 3478 3760 totum
3516 3694 3827 3780 populum
3863 3716 3939 3763 ac
3971 3697 4030 3763 si
4061 3697 4356 3765 oculatus
4390 3706 4565 3764 esset

2609 3782 2797 3848 testis
2840 3781 3168 3848 miraculi:
3246 3780 3534 3849 Siccavit
3576 3803 3616 3848 a
3660 3782 3823 3849 facie
3879 3794 4108 3849 nostra
4150 3781 4337 3851 Deus
4379 3804 4564 3849 mare

2607 3868 2903 3935 rubrum.
2990 3867 3244 3951 Nempe
3296 3867 3448 3950 quia
3507 3868 3575 3932 in
3636 3868 3919 3952 gratiam
3963 3878 4315 3952 perpetuae
4358 3868 4563 3954 adop-

2609 3954 2826 4033 tionis,
2873 3973 3036 4037 quae
3079 3974 3119 4018 a
3160 3953 3458 4038 patribus
3501 3952 3584 4018 ad
3627 3953 3797 4020 filios
3842 3955 4184 4034 transibat,
4232 3952 4302 4020 id
4347 3956 4565 4021 fuerat

2608 4039 2876 4106 factum.
2965 4040 3173 4106 Porro
3237 4040 3589 4105 transitum
3653 4040 3855 4106 maris
3920 4040 4103 4107 rubri
4168 4042 4237 4106 in
4322 4062 4565 4108 memo·

2609 4126 2775 4193 riam
2819 4125 3116 4192 revocari
3159 4144 3395 4209 operae
3430 4126 3714 4208 pretium
3755 4125 3897 4205 fuit,
3943 4146 4077 4192 non
4121 4127 4315 4194 modo
4358 4139 4432 4193 ut
4471 4129 4562 4195 si·

2610 4211 2912 4278 militudo
2969 4208 3272 4278 miraculi
3326 4209 3523 4277 fidem
3580 4211 3855 4278 faceret:
3923 4232 4157 4279 verum
4202 4222 4282 4278 ut
4337 4212 4563 4280 audita

2609 4296 2912 4364 Iordanis
2969 4297 3243 4365 historia
3297 4296 3494 4363 simul
3552 4304 3984 4364 renovaretur
4036 4300 4335 4383 superius
4393 4298 4564 4366 illud

2608 4384 3018 4464 miraculum,
3064 4382 3366 4467 quamvis
3409 4382 3667 4449 nullum
3703 4384 3845 4449 eius
3891 4382 4144 4451 visibile
4188 4384 4562 4471 symbolum

2610 4478 2763 4536 ante
2806 4469 3030 4536 oculos
3073 4476 3384 4536 exstaret.

2780 4555 2885 4621 24.
2966 4554 3048 4623 Ut
3087 4559 3448 4640 coynoscant
3502 4573 3710 4622 omnes
3739 4554 3984 4637 populi.
4072 4554 4560 4622 Commemorat

2611 4640 2831 4708 Deum
2876 4640 3037 4707 illud
3081 4640 3359 4707 edidisse
3401 4641 3734 4724 potentiae
3777 4661 3937 4708 suae
4001 4642 4361 4725 specimen,
4425 4663 4557 4709 non

2608 4736 2683 4794 ut
2718 4735 2977 4793 tantum
3017 4724 3505 4811 praedicaretur
3547 4726 3620 4792 in
3663 4726 3902 4811 populo
3942 4747 4078 4807 suo,
4123 4727 4240 4793 sed
4276 4736 4349 4793 ut
4380 4726 4560 4793 fama

2607 4813 2719 4879 lon
2847 4813 3104 4896 lateque
3147 4821 3570 4914 spargeretur
3610 4812 3787 4879 inter
3888 4820 4092 4879 entes.
4181 4814 4330 4880 Etsi
4375 4812 4557 4879 enim

2606 4898 2718 4965 lau
2765 4920 2869 4966 em
2914 4917 3101 4965 suam
3145 4897 3359 4965 voluit
3398 4898 3686 4966 residere
3726 4901 3798 4964 in

2608 5005 2806 5069 opera
2870 5005 2990 5051 sua
3051 4984 3467 5069 aliquatenus
3543 4985 3949 5052 innotescere
4020 4984 4385 5066 extraneis,
4473 4993 4559 5051 ut

2606 5071 2800 5137 fateri
2843 5078 3235 5157 cogerentur
3275 5091 3430 5137 eum
3473 5091 3615 5138 esse
3660 5091 3892 5139 verum
3937 5069 4183 5137 Deum:
4249 5082 4317 5138 et
4357 5091 4556 5157 quem

2606 5156 2888 5224 libenter
2928 5157 3334 5241 sprevissent
3376 5178 3526 5224 eum
3568 5156 3762 5223 inviti
3804 5164 4206 5240 metuerent,
4246 5157 4439 5225 sicuti
4480 5157 4559 5222 in

2609 5243 2864 5311 cantico
2908 5243 3115 5309 Mosis
3173 5242 3441 5310 dicitur:
3502 5243 3763 5309 Inimici
3822 5242 4032 5309 nostri
4085 5257 4242 5309 sunt
4303 5243 4558 5312 iudices

2607 5329 2832 5415 (Dent.
2869 5329 2973 5412 32,
3006 5327 3135 5415 31).
3219 5326 3563 5415 Significat
3609 5328 3805 5410 enim,
3842 5328 4051 5398 velint
4097 5329 4310 5395 nolint
4341 5329 4562 5398 incre-

3894 4899 4033 4965 ion:
4082 4898 4290 4967 voluit
4331 4907 4555 4965 tamen
