5017 6142
464 460 546 526 41
1450 454 2032 523 SANCTIONES
2078 455 2142 519 A
2185 449 2985 521 PBOMISSIONIBUS
3030 453 3149 517 ΕΤ
3195 449 3483 518 MINIS.
4398 456 4484 522 42

467 655 661 716 tremo
691 652 915 723 terrae,
949 663 1145 726 usque
1179 645 1264 711 ad
1305 644 1570 710 alterum
1607 648 1949 710 extremum
1988 648 2207 722 terrae,
2251 642 2441 707 coles-

640 733 732 800 ibi
773 733 916 798 deos
959 731 1196 796 alienos
1248 750 1402 812 quos
1458 750 1579 795 non
1621 732 1787 795 nosti
1839 736 1935 808 tu,
1993 748 2188 811 neque
2217 732 2443 811 patres

473 822 597 900 tui,
652 819 892 903 Mysum
949 821 1003 882 et
1058 815 1348 898 lapidem.
1435 815 1538 882 65.
1586 816 1803 898 Neque
1842 818 1914 880 in
1952 815 2236 898 yentibus
2277 814 2444 894 ipsis

474 906 834 988 requiesces,
889 922 1080 984 neque
1140 902 1262 967 em't
1300 903 1547 983 requies
1579 903 1841 984 plantae
1875 902 2059 984 pedis
2099 902 2228 965 tui.-
2269 899 2444 965 dabit

475 994 620 1057 item
674 992 812 1057 illic
856 988 1087 1054 Iehova
1129 987 1244 1053 tibi
1284 1007 1388 1053 cor
1420 988 1729 1070 pavidum
1746 1040 1760 1065 ,
1807 992 1862 1053 et
1900 986 2202 1069 defectum
2245 985 2442 1050 oculo-

475 1098 649 1158 rum,
706 1082 763 1141 et
812 1094 1155 1139 moerorem
1198 1074 1419 1139 animi.
1509 1075 1612 1140 66.
1655 1073 1746 1139 Et
1793 1075 1915 1139 erit
1968 1073 2100 1139 vita
2139 1077 2255 1137 tua
2296 1090 2440 1136 sus-

464 1184 671 1246 pensa
717 1161 830 1228 tibi
864 1162 1166 1244 ereyione,
1211 1180 1286 1226 ac
1322 1159 1584 1242 pavebis
1624 1165 1790 1225 noete
1832 1164 1889 1225 et
1920 1159 2041 1236 die,
2084 1178 2278 1239 neque
2317 1177 2442 1224 cre-

476 1250 587 1316 des
640 1250 803 1314 vitae
856 1252 1020 1312 tuae.
1109 1244 1213 1311 67.
1275 1245 1472 1311 Mane
1522 1246 1721 1311 dices:
1787 1245 1945 1327 Quis
2001 1244 2172 1310 dabit
2229 1263 2440 1325 vespe-

476 1335 671 1401 ram?
718 1340 775 1401 et
806 1335 877 1399 in
911 1352 1169 1415 vespera
1203 1333 1398 1397 dices:
1440 1332 1600 1414 Quis
1640 1330 1812 1397 dabit
1855 1331 2088 1396 mane?
2122 1350 2285 1412 prae
2316 1350 2441 1411 pa-

477 1441 620 1487 vore
674 1420 882 1487 cordis
933 1419 1028 1483 tui
1068 1437 1188 1499 quo
1220 1418 1483 1498 pavebis
1500 1468 1515 1498 ,
1557 1422 1611 1482 et
1641 1437 1810 1497 prae
1850 1418 2086 1482 visione
2127 1416 2443 1481 oculorum

478 1513 728 1573 tuorum
793 1524 983 1586 quam
1034 1504 1288 1570 videbis.
1377 1505 1480 1570 68.
1542 1502 1934 1584 Reduoetque
1988 1506 2046 1567 te
2100 1500 2328 1566 Iehova
2370 1503 2442 1565 in

479 1594 835 1677 Aeqyptum
888 1589 1157 1655 navibus
1201 1610 1324 1671 per
1376 1591 1551 1655 viam
1603 1589 1679 1655 de
1728 1609 1855 1670 qua
1908 1588 2047 1654 dixi
2102 1587 2250 1653 tibi.-
2296 1586 2442 1653 Non

482 1680 679 1745 addes
714 1676 915 1743 adhuc
947 1681 1016 1741 ut
1048 1675 1266 1741 videas
1303 1675 1512 1740 illam.-
1554 1681 1610 1740 et
1641 1675 1853 1740 vendet
1883 1676 1946 1740 is
1985 1693 2098 1740 vos
2140 1673 2273 1739 illic
2313 1672 2442 1737 ini-

481 1765 664 1830 micis
719 1764 942 1828 vestm
998 1758 2445 1841 inservosetinancillaaeetnonmtqui

656 2019 758 2088 58.
806 2019 958 2085 Nisi
998 2019 1383 2089 custodieris.
1478 2017 1655 2099 Quia
1699 2016 1925 2083 fideles
1970 2037 2244 2100 quoque,
2292 2015 2444 2081 licet

489 2107 727 2190 alioqui
775 2106 857 2172 ad
912 2104 1379 2188 praestandam
1432 2104 1642 2188 legem
1701 2102 2055 2170 voluntarii
2114 2102 2247 2166 sint
2303 2112 2443 2168 stu-

489 2194 795 2276 diumque
861 2214 1053 2259 suum
1110 2191 1269 2256 illuc
1328 2191 1684 2273 applicent,
1745 2187 2019 2272 impedit
2044 2236 2059 2245 .
2087 2197 2305 2253 tamen
2366 2209 2441 2253 ac

488 2288 786 2346 moratur
821 2279 1038 2345 carnis
1061 2299 1217 2343 suae
1243 2276 1611 2352 infirmitas,
1649 2298 1733 2341 ne
1758 2275 1972 2341 officio
2008 2274 2441 2340 satisfaciant:

488 2366 600 2431 hic
648 2364 1010 2447 requiritur
1057 2364 1334 2429 attentio
1384 2374 1447 2426 et
1493 2384 1669 2429 cura.
1736 2360 2085 2428 Custodire
2130 2360 2308 2425 enim
2355 2359 2438 2424 ad

488 2450 877 2526 faciendum,
915 2448 1306 2515 tantundem
1344 2449 1522 2515 valet
1559 2459 1754 2532 atque
1777 2447 2004 2513 sedulo
2046 2456 2114 2511 et
2157 2446 2437 2530 diligen-

490 2546 594 2602 ter
650 2536 1193 2603 animadvertere.
1289 2536 1699 2601 Pronunciat
1756 2543 1978 2599 autem
2022 2532 2245 2617 Deus,
2304 2532 2437 2598 nisi

487 2624 754 2707 penitus
789 2643 860 2687 66
904 2621 1208 2687 addicant
1249 2620 1591 2687 Israelitae
1636 2621 1717 2686 ad
1764 2620 2157 2686 servandam
2201 2620 2434 2702 legem,

490 2730 717 2775 eorum
761 2707 1202 2792 negligentiae
1248 2716 1546 2791 paratam
1590 2706 1729 2774 fore
1772 2704 2153 2772 vindictam.
2242 2705 2434 2770 Dura

491 2795 755 2879 quidem
812 2795 1232 2860 comminatio
1290 2803 1357 2858 et
1410 2793 1657 2878 rigida,
1716 2793 1827 2858 ubi
1887 2792 2075 2857 nulla
2131 2792 2199 2855 in
2244 2799 2433 2873 parte

488 2882 854 2947 remittitur
890 2878 1219 2945 delictum.
1309 2880 1613 2946 Perfecta
1656 2881 1829 2945 enim
1876 2877 2247 2944 obedientia
2292 2877 2431 2941 exi-

491 2971 672 3053 gitur
691 2966 797 3032 his
821 2965 1076 3045 verbis,
1123 2978 1196 3031 ut
1236 2966 1479 3031 faciant
1522 2986 1945 3049 quaecunque
1988 2966 2231 3049 scripta
2274 2973 2432 3028 sunt

489 3055 558 3119 in
596 3053 657 3118 le
706 3073 760 3117 e.
826 3052 1081 3117 Verum
1118 3052 1432 3117 memoria
1470 3061 1697 3116 tenere
1740 3054 2049 3119 convenit
2095 3051 2267 3134 quod
2312 3070 2425 3114 an-

489 3147 599 3204 tea
700 3138 876 3218 ocui,
937 3138 1171 3203 Mosen
1230 3147 1364 3203 tam
1417 3159 1719 3203 severum
1775 3138 1981 3203 fuisse
2034 3148 2427 3213 exactorem,

490 3236 570 3291 ut
618 3224 898 3310 populus
944 3224 1385 3289 damnationis
1430 3245 1591 3289 suae
1635 3225 1977 3290 convictus
2017 3223 2096 3288 ad
2142 3222 2270 3288 Dei
2313 3223 2433 3288 mi-

491 3310 909 3378 sericordiam
973 3332 1044 3375 se
1092 3311 1434 3376 conferret.
1522 3309 1753 3394 Neque
1800 3310 1977 3375 enim
2021 3309 2212 3374 aliter
2254 3308 2429 3392 quis-

492 3418 685 3481 quam
745 3395 826 3462 ad
882 3396 1227 3461 Christum
1269 3396 1551 3480 aspirat,
1598 3417 1797 3480 quam
1839 3397 1896 3462 si
1946 3394 2244 3462 abdicata
2285 3414 2434 3476 ope·

494 3504 643 3549 rum
687 3482 962 3561 fiducia,
1021 3490 1224 3548 totam
1284 3505 1467 3567 spem
1512 3483 1747 3549 salutis
1789 3483 1860 3547 in
1905 3483 2198 3565 gratuita
2242 3481 2435 3546 venia

493 3572 873 3654 reposuerit.
965 3568 1314 3634 Caeterum
1374 3568 1541 3653 legis
1601 3577 2114 3652 transgressores
2158 3566 2251 3632 ita
2297 3586 2435 3631 ma-

493 3665 608 3720 net
678 3676 804 3721 uae
827 3650 935 3720 hic
971 3653 1279 3721 scribitur
1312 3655 1703 3735 maledictio,
1739 3665 1818 3720 ut
1857 3652 2010 3719 filiis
2045 3654 2183 3718 suis
2217 3651 2438 3737 ignos-

493 3751 600 3808 cat
703 3762 837 3818 eus,
883 3749 952 3806 et
985 3740 1182 3808 simul
1221 3762 1330 3806 eos
1364 3742 1701 3808 interdum
1750 3740 2050 3822 castiget:
2096 3738 2164 3803 in
2210 3759 2435 3822 repro-

492 3828 612 3894 bos
688 3835 911 3892 autem
989 3841 1293 3893 exerceat
1371 3849 1566 3910 quam
1646 3837 1990 3893 merentur
2058 3825 2433 3890 vindictam.

495 3913 977 3996 Perstringitur
1005 3920 1224 3979 autem
1250 3913 1397 3978 fons
1427 3923 1493 3978 et
1535 3924 1734 3997 caput
1768 3912 2193 3988 obedientiae,
2232 3932 2434 3995 quum

496 3999 765 4065 dicitur:
821 3998 916 4065 Ut
974 4000 1208 4063 timeas
1253 3999 1601 4065 Iehovam:
1663 4000 1829 4065 fumi
1875 4000 2049 4063 enim
2097 4007 2255 4063 sunt
2297 4020 2436 4063 om-

494 4106 611 4151 nes
655 4085 934 4150 virtutes
970 4104 1135 4168 quae
1179 4105 1310 4149 non
1356 4095 1633 4151 manant
1666 4107 1748 4151 ex
1795 4085 2029 4150 timore
2071 4084 2221 4149 Dei.
2312 4085 2435 4150 At-

490 4193 614 4255 que
667 4180 743 4236 ut
787 4179 1202 4254 contemptus
1244 4173 1670 4237 excusatione
1712 4180 1952 4249 careat,
2000 4181 2271 4235 vocatur
2315 4191 2434 4236 no·

485 4278 636 4322 men
688 4257 819 4322 Dei
862 4257 1218 4342 gloriosum
1273 4265 1339 4321 et
1385 4259 1698 4324 terribile.
1785 4256 1992 4322 Nimii
2060 4257 2235 4321 enim
2296 4265 2436 4322 stu-

482 4344 663 4427 poris
697 4351 829 4425 est,
876 4344 984 4408 ubi
1023 4343 1240 4427 palam
1278 4364 1347 4408 66
1383 4345 1633 4427 profert
1667 4345 1794 4409 Dei
1832 4344 2141 4408 maiestas
2185 4353 2253 4407 et
2294 4344 2435 4427 glo-

482 4429 615 4510 ria,
654 4451 786 4494 non
821 4430 990 4496 affici
1028 4448 1158 4513 qua
1194 4428 1378 4493 decet
1422 4430 1867 4515 veneratione,
1913 4440 1987 4494 ut
2029 4449 2249 4494 coram
2293 4430 2434 4513 ipso

483 4515 930 4581 humiliemur.
1021 4516 1227 4580 Porro
1284 4515 1528 4600 aliquid
1589 4517 1858 4601 gravius
1903 4517 2195 4581 minatur
2238 4535 2433 4599 quam

484 4612 711 4682 antea,
779 4602 896 4666 ubi
957 4601 1116 4667 dicit
1174 4601 1401 4686 plagas
1459 4616 1591 4667 tam
1648 4605 1713 4668 in
1776 4602 2078 4688 patribus
2121 4622 2316 4684 quam
2363 4602 2432 4667 in

482 4687 634 4754 filiis
678 4696 746 4753 et
779 4688 1127 4771 nepotibus
1163 4689 1300 4752 fore
1337 4687 1787 4757 admirabiles:
1827 4710 1945 4774 pro
1988 4709 2117 4773 quo
2161 4696 2436 4752 vertunt

483 4773 627 4839 alii:
673 4774 966 4858 Augebit
1001 4775 1241 4838 mirum
1279 4775 1344 4839 in
1384 4775 1688 4840 modum:
1735 4776 1848 4840 alii
1893 4787 2144 4840 autem:
2192 4771 2433 4858 Segre-

481 4860 695 4943 gabit:
751 4860 949 4926 nimis
993 4868 1239 4939 coacte,
1300 4868 1365 4924 et
1414 4861 1703 4927 obscure.
1785 4861 2083 4927 Verbum
2130 4842 2260 4928 &⁸70
2308 4861 2437 4946 sig-

482 4947 710 5012 nificat
778 4966 921 5013 esse
979 4947 1356 5023 mirificum,
1404 4947 1506 5011 vel
1575 4969 1886 5013 arcanum
1955 4957 2021 5011 et
2085 4948 2432 5012 occultum.

480 5032 636 5096 Meo
702 5034 924 5114 itaque
991 5032 1228 5097 iudicio
1280 5031 1593 5116 intelligit
1652 5054 1834 5101 raros
1895 5045 1962 5099 et
2019 5032 2435 5100 incredibiles

480 5117 839 5182 ulciscendi
908 5118 1165 5197 modos,
1226 5127 1291 5183 et
1351 5120 1462 5202 qui
1508 5120 1836 5185 humanae
1877 5121 2122 5186 mentis
2167 5132 2434 5202 captum

482 5201 822 5269 excedent.
914 5204 1157 5289 Plagae
1195 5213 1412 5269 autem
1461 5215 1525 5269 et
1570 5204 1829 5271 morbos
1873 5206 2237 5291 appositive
2280 5227 2435 5273 con-

479 5290 718 5373 iungit,
768 5289 922 5373 quia
965 5311 1082 5373 per
1125 5290 1389 5355 morbos
1428 5291 1718 5374 explicat
1753 5293 1975 5375 quales
2020 5293 2288 5357 futurae
2332 5313 2435 5358 es-

482 5383 634 5440 sent
688 5375 959 5459 plagae:
1019 5376 1145 5441 nisi
1202 5374 1372 5440 forte
1416 5377 1628 5461 magis
1672 5378 1956 5459 placeat,
2002 5379 2284 5462 speciem
2321 5399 2433 5462 ge-

2542 641 2685 704 neri
2710 638 2975 705 subiici:
3011 641 3181 725 quod
3214 641 3426 726 magis
3451 639 4283 710 consentaneum'videtur.
4346 644 4485 711 Vo-

2542 736 2650 791 cat
2709 734 2933 792 autem
2991 726 3224 811 plagas
3285 747 3579 806 veraces,
3640 736 3754 793 aut
3812 728 4071 795 fideles:
4132 731 4272 796 sive
4329 732 4485 815 quia

2542 820 2721 877 certo
2780 812 3118 891 evenient,
3170 814 3314 879 sive
3373 814 3526 896 quia
3584 813 4097 898 perseverabunt
4156 816 4238 881 ad
4281 819 4483 882 finem

2541 917 2782 981 usque:
2845 909 3129 983 utroque
3198 900 3377 964 enim
3443 899 3637 964 modo
3693 903 4045 983 exponitur
4102 901 4484 968 hebraicum

2544 1005 2782 1049 nomen
2842 997 3084 1053 D'mm.
3174 986 3266 1050 Et
3311 994 3486 1051 certe
3532 985 3885 1069 aliquando
3930 1008 4234 1054 veracem
4278 988 4484 1072 signi-

2543 1071 2724 1149 ficat,
2784 1071 2892 1135 vel
2956 1071 3068 1155 qui
3111 1092 3243 1137 non
3286 1070 3490 1152 fallit,
3546 1070 3897 1155 aliquando
3942 1073 4204 1139 firmum
4243 1083 4312 1140 et
4352 1083 4485 1140 sta-

2540 1154 2758 1232 bilem,
2806 1158 2909 1222 vel
2954 1165 3378 1242 perpetuum:
3426 1158 3538 1241 qui
3580 1178 3811 1225 sensus
3852 1159 4116 1225 videtur
4160 1161 4320 1226 mihi
4369 1182 4484 1245 ap-

2542 1244 2675 1306 tius
2719 1242 3060 1326 quadrare,
3103 1250 3181 1309 ut
3222 1241 3304 1308 ad
3349 1244 3873 1328 magnitudinem
3915 1246 4260 1329 plagarum
4305 1267 4486 1313 acce-

2545 1327 2659 1392 dat
2688 1329 2863 1413 iugis
2897 1328 3170 1395 duratio.
3215 1328 3469 1395 Iterum
3509 1351 3662 1396 vero
3698 1330 3958 1398 morbos
3983 1334 4269 1419 Aegypti
4306 1352 4484 1398 com-

2543 1422 2881 1493 memorat,
2919 1436 3054 1480 non
3089 1437 3252 1499 quos
3286 1416 3408 1498 ipsi
3435 1417 3610 1499 passi
3634 1416 3896 1482 fuerant
3917 1417 3988 1482 in
4006 1419 4329 1503 Aegypte,
4367 1418 4485 1484 sed

2545 1500 2783 1582 quibus
2817 1499 3126 1567 viderant
3162 1502 3525 1587 Aegyptios
3570 1501 3883 1569 laborare.
3954 1502 4293 1570 Severitas
4329 1525 4486 1590 ergo

2542 1586 2659 1651 illa
2714 1585 2840 1651 Dei
2906 1587 3220 1654 adversus
3263 1587 3652 1667 incredulos,
3695 1589 3882 1655 cuius
3925 1591 4188 1656 fuerunt
4232 1599 4484 1674 specta-

2544 1679 2736 1750 tores,
2785 1673 3022 1739 dieitur
3054 1673 3125 1739 in
3161 1695 3271 1740 eos
3315 1674 3634 1756 reditura,
3678 1676 3734 1740 si
3773 1675 4036 1741 illorum
4077 1676 4485 1760 impietatem

2546 1761 2807 1842 sequuti
2854 1759 3120 1825 fuerint.
3203 1760 3563 1843 Trepidare
3607 1761 3782 1826 enim
3828 1763 4003 1845 ipsos
4063 1764 4357 1846 oportuit
4400 1761 4483 1827 ad

2482 1906 2490 1919 ,
2547 1843 2677 1908 Dei
2732 1844 3003 1924 iudicia,
3071 1866 3353 1930 quorum
3407 1847 3645 1912 oculati
3691 1847 3956 1912 fuerant
3999 1856 4226 1915 testes:
4272 1870 4484 1933 neque

2545 1930 2610 1994 id
2658 1930 2867 2009 mod0,
2914 1931 3028 1997 sed
3074 1952 3347 2015 quorum
3393 1942 3574 1998 metu
3619 1931 4131 2017 trepidaverant.

2717 2017 2820 2082 61.
2874 2018 3129 2084 Omnem
3169 2019 3358 2083 etiam
3399 2018 3697 2084 morbum.
3791 2020 4010 2085 Locus
4053 2020 4161 2086 hic
4219 2030 4483 2087 senten-

2545 2103 2707 2168 tiam
2770 2125 2965 2186 quam
3034 2103 3228 2169 attuli
3298 2103 3642 2170 confirmat
3700 2104 3781 2170 de
3847 2105 4043 2191 plaga
4097 2114 4164 2171 et
4220 2108 4482 2173 morbo:

2543 2190 2699 2272 quia
2748 2190 2976 2272 ⁴priore
3026 2190 3166 2256 loco
3223 2190 3489 2274 ponitur
3533 2190 3800 2258 morbus
3839 2202 4155 2275 tanquam
4200 2194 4482 2276 species:

2544 2274 2779 2341 deinde
2816 2274 3080 2341 additur
3113 2276 3309 2361 plaga
3353 2296 3518 2359 quae
3560 2276 3759 2343 latius
3803 2287 4006 2362 patet,
4052 2287 4120 2344 et
4161 2278 4485 2363 quaslibet

2533 2361 3032 2427 ‘maledictiones
3076 2363 3196 2427 sub
3242 2383 3312 2427 se
3355 2362 3829 2447 complectitur.
3911 2364 4260 2430 Caeterum
4304 2373 4483 2450 post-

2541 2469 2737 2531 quam
2798 2450 3130 2514 recensuit
3186 2457 3321 2512 tam
3379 2448 3775 2532 multiplices
3813 2470 4174 2532 poenarum
4222 2453 4483 2533 formas,

2537 2533 2931 2618 pronunciat
2987 2544 3210 2599 tamen
3271 2533 3415 2599 aliis
3470 2555 3725 2618 quoque
3781 2536 3929 2601 telis
3988 2535 4069 2601 ad
4114 2537 4292 2620 ipsos
4334 2559 4485 2621 per-

2540 2618 2880 2687 cutiendos
2915 2621 3134 2685 Deum
3172 2641 3314 2686 esse
3359 2631 3703 2686 armatum.
3772 2622 3865 2686 Et
3899 2642 4074 2701 sane,
4122 2631 4197 2686 ut
4237 2624 4484 2689 benefi-

2538 2707 2787 2774 ciorum
2846 2707 2988 2771 eius
3045 2706 3268 2772 nullus
3318 2716 3415 2772 est
3460 2708 3643 2785 finis,
3704 2715 3820 2772 aut
3862 2729 4191 2788 numerus,
4247 2710 4344 2773 ita
4385 2709 4484 2773 in-

2537 2791 3139 2875 comprehensibilis
3190 2799 3293 2859 est
3334 2793 3631 2876 potentia
3675 2791 3759 2857 ad
3815 2793 4258 2860 ulciscendum
4313 2795 4377 2859 16
4429 2793 4484 2861 ‘s

2536 2886 3004 2961 contemptum.
3075 2879 3374 2963 Experta
3428 2889 3527 2945 est
3568 2879 3946 2963 posteritas,
4004 2889 4071 2945 et
4121 2900 4242 2945 nos
4284 2880 4373 2945 ho
4419 2880 4484 2945 ie

2537 2985 2793 3049 quoque
2848 2984 2931 3029 ex
2990 2973 3180 3049 parte
3233 2963 3558 3030 sentimus
3615 2985 3809 3049 quam
3870 2987 4031 3031 vera
4075 2965 4274 3032 fuerit
4318 2967 4482 3033 haec

2535 3050 2980 3118 comminatio:
3038 3053 3192 3135 quia
3234 3060 3432 3135 prout
3474 3052 3684 3135 magis
3727 3052 4066 3137 magisque
4109 3054 4357 3136 erupit,
4415 3059 4483 3117 et

2537 3159 2608 3204 se
2641 3138 2709 3203 in
2749 3136 3028 3202 sublime
3054 3137 3298 3202 extulit
3326 3137 3670 3202 hominum
3695 3140 4123 3216 contumacia,
4151 3141 4244 3203 ita
4269 3139 4483 3204 instar

2536 3222 2768 3372 diluvdii
2826 3222 3251 3289 exundarunt
3308 3243 3516 3289 novae
3568 3221 3700 3287 Dei
3744 3223 4071 3290 vindictae
4095 3276 4111 3303 ‚
4177 3234 4243 3290 et
4297 3224 4480 3308 prius

2537 3312 2691 3375 inau
2742 3309 2892 3373 itae.

2709 3396 2812 3461 62.
2860 3395 2948 3460 Et
2981 3395 3422 3476 relinquemini
3447 3395 3660 3479 pauci.
3727 3393 3948 3475 Quum
3986 3396 4294 3461 Abrahae
4332 3417 4479 3478 pro-

2538 3481 2811 3547 missum
2848 3491 3039 3555 esset,
3087 3502 3310 3546 semen
3348 3481 3486 3546 eius
3523 3481 3659 3546 fore
3695 3481 4084 3564 populosum
4122 3482 4288 3549 sicut
4324 3482 4479 3547 stel-

2533 3567 2634 3632 las
2671 3566 2850 3642 coeli,
2898 3566 2981 3632 ad
3018 3568 3403 3650 paucitatem
3454 3567 3664 3651 redigi
3701 3572 3840 3633 eius
3884 3578 4176 3651 posteros
4220 3567 4481 3652 insigne

2533 3653 2667 3718 fuit
2709 3654 2847 3718 irae
2893 3652 3022 3717 Dei
3068 3654 3351 3738 signum.
3431 3652 3663 3753 Itaque
3721 3656 4119 3738 comparatio
4173 3674 4339 3737 quae
4399 3651 4483 3719 ad

2536 3739 2787 3807 cladem
2849 3740 3377 3822 amplificandam
3422 3741 3531 3803 hic
3573 3739 3875 3821 ponitur,
3922 3764 4048 3806 non
4097 3741 4480 3823 simpliciter

2539 3826 2619 3891 ad
2658 3826 3168 3906 multitudinem,
3206 3826 3311 3890 vel
3348 3827 3686 3910 ingentem
3724 3828 4004 3904 turbam,
4053 3837 4116 3891 et
4161 3827 4476 3911 exiguum

2539 3932 2885 3978 numerum
2947 3913 3179 3977 referri
3240 3912 3462 3988 debet,
3497 3911 3633 3997 ‚sed
3695 3912 3775 3976 ad
3828 3913 4322 3997 promissionem
4368 3935 4479 3978 ex-

2540 3997 2740 4075 tendi,
2786 3998 2971 4064 cuius
3006 3998 3169 4064 fides
3204 3998 3449 4082 liquido
3486 4007 3817 4080 comperta
3852 4003 4081 4081 fuerat,
4125 4010 4201 4063 ut
4233 4021 4316 4064 ex
4361 4019 4478 4083 op-

2538 4085 2748 4168 posito
2791 4094 3291 4169 cognoscerent,
3339 4085 3601 4151 nonnisi
3649 4084 3888 4152 infesto
3936 4085 4079 4150 Deo
4123 4085 4480 4168 pristinam

2538 4172 2788 4254 copiam
2827 4171 3216 4236 exstinctam
3265 4192 3426 4250 esse,
3472 4192 3546 4235 ac
3583 4170 3640 4235 si
3687 4190 3893 4256 aquae
3923 4171 4129 4236 nimio
4175 4171 4328 4237 solis
4373 4192 4479 4236 ar-

2540 4256 2696 4322 dore
2741 4266 3211 4323 exarescerent.

2710 4342 2813 4407 63.
2860 4342 2949 4408 Et
2981 4343 3103 4408 erit
3131 4347 3486 4423 praeterea.
3574 4342 3789 4410 Mirus
3834 4343 3941 4410 hic
3987 4355 4052 4408 et
4097 4342 4478 4407 inaestima-

2538 4428 2688 4494 bilis
2721 4430 3113 4510 exprimitur
3148 4448 3331 4493 amor
3367 4428 3491 4492 Dei
3529 4448 3686 4511 erga
3731 4431 4063 4514 populum,
4112 4427 4281 4511 quod
4327 4449 4477 4493 eum

2537 4515 2675 4580 suis
2731 4513 3064 4580 beneficiis
3123 4513 3599 4598 prosequendo,
3655 4517 4020 4582 oblectatus
4065 4513 4292 4579 fuerit:
4350 4535 4476 4597 quo

2535 4600 2792 4684 turpior
2851 4610 2919 4665 et
2973 4601 3194 4666 minus
3237 4597 3508 4666 ferenda
3551 4600 3676 4666 fuit
3736 4603 4048 4686 pravitas,
4095 4601 4250 4684 quia
4291 4601 4477 4665 Deus

2535 4686 2616 4751 ad
2655 4686 3021 4770 largitatem
3058 4695 3293 4770 sponte
3332 4707 3714 4772 propensus,
3750 4690 4055 4754 affectum
4093 4685 4277 4751 illum
4315 4706 4479 4750 exu-

2537 4794 2643 4838 ere
2671 4782 2936 4839 coactus
2959 4781 3075 4838 est.
3140 4772 3291 4838 Etsi
3325 4782 3542 4839 autem
3579 4774 3935 4858 improprie
3973 4773 4211 4837 dicitur
4245 4771 4478 4835 laetari

2539 4859 2717 4924 Deus
2772 4859 3007 4941 impios
3063 4858 3369 4939 delendo,
3428 4879 3560 4924 non
3607 4869 3825 4926 tamen
3883 4861 4024 4926 sine
4077 4859 4322 4941 optima
4379 4877 4480 4920 ra-

2537 4945 2709 5009 tione
2753 4942 2836 5008 ad
2866 4966 3014 5011 eum
3061 4944 3223 5010 haec
3265 4944 3557 5028 loquutio
3604 4947 4032 5013 transfertur:
4080 4954 4152 5008 ut
4196 4942 4477 5008 sciamus

2537 5052 2666 5095 non
2727 5031 2947 5097 minus
2996 5032 3135 5095 fieri
3181 5050 3369 5113 posse
3429 5032 3584 5113 quin
3633 5033 3798 5117 legis
3840 5053 3996 5098 suae
4042 5030 4128 5094 sit
4171 5040 4476 5109 assertor,

2535 5118 2802 5199 eiusque
2838 5126 3246 5200 contemptae
3283 5116 3549 5197 vindex,
3587 5139 3783 5200 quam
3830 5126 3906 5181 ut
3941 5137 4011 5181 66
4034 5117 4242 5197 ipsum
4285 5115 4480 5180 abne-

2535 5210 2665 5288 get.
2760 5202 3201 5286 Conqueritur
3251 5201 3511 5286 quidem
3557 5205 3729 5288 apud
3772 5203 4017 5269 Isaiam
4059 5198 4188 5287 (10,
4233 5200 4362 5288 24),
4407 5223 4479 5267 se

2535 5289 2615 5354 ad
2674 5287 3046 5370 puniendos
3090 5288 3371 5355 Iudaeos
3426 5289 3709 5356 invitum
3768 5288 3980 5354 trahi:
4041 5309 4270 5353 verum
4316 5289 4480 5352 haec

2539 5375 2669 5439 duo
2705 5376 2907 5458 probe
2942 5376 3367 5455 conveniunt,
3411 5376 3586 5440 iusto
3624 5396 3740 5441 suo
3782 5376 4024 5441 iudicio
4068 5394 4216 5440 eum
4264 5374 4479 5439 oblec-
