5017 6142
464 446 550 514 ‘13
1880 450 2291 520 REDI'I'US
2337 452 2466 518 AD
2511 450 3061 520 HISTORIAM.
4380 454 4472 521 74

460 641 712 725 pignus
777 646 999 706 essent
1059 640 1315 723 paterni
1371 638 1501 706 Dei
1564 639 1822 707 favoris.
1929 639 2193 724 Alioqui
2257 661 2412 709 arca

458 747 674 794 vacua
713 725 913 791 inane
956 725 1429 809 quodammodo
1464 727 1695 792 fuisset
1728 728 2196 794 sanctuarium.
2259 727 2410 795 Hac

468 812 551 877 de
593 831 791 878 causa
832 811 1048 877 iussus
1090 819 1193 877 est
1236 811 1308 876 in
1353 822 1645 878 montem
1692 813 2075 891 ascendere,
2118 812 2234 880 sed
2277 834 2412 879 non

468 899 608 965 sine
673 895 1016 980 splendido
1081 898 1423 964 comitatu:
1504 908 1578 965 ut
1641 899 1935 984 legitima
1999 900 2409 985 praeparatio

464 983 692 1069 populi
736 985 987 1050 animos
1027 983 1111 1050 ad
1152 984 1594 1068 recipiendum
1640 984 1976 1069 singulare
2022 986 2409 1052 beneficium

466 1069 814 1136 attolleret.
914 1068 1096 1154 Ergo
1166 1071 1429 1136 iubetur
1491 1091 1716 1138 secum
1781 1072 2075 1157 accipere
2130 1070 2410 1138 Aharon

463 1157 775 1236 fratrem,
832 1154 1062 1222 Nadab
1118 1164 1185 1221 et
1238 1155 1492 1236 Abihu,
1553 1155 1788 1223 deinde
1851 1158 2268 1242 septuaginta
2323 1178 2409 1222 ex

464 1242 836 1309 senioribus
893 1240 1134 1325 populi.
1222 1242 1353 1309 Hic
1411 1243 1677 1308 testium
1731 1264 2048 1309 numerus
2102 1241 2184 1308 ad
2224 1263 2406 1327 spec-

460 1328 738 1395 tandam
781 1328 910 1393 Dei
952 1328 1226 1412 gloriam
1271 1327 1604 1394 adhibitus
1646 1328 1792 1394 fuit.
1875 1327 2008 1396 Sed
2052 1340 2408 1413 antequam

461 1415 539 1481 in
581 1421 875 1480 montem
919 1414 1445 1494 conscenderent,
1489 1415 1880 1481 sacrificium
1916 1437 1955 1481 a
1989 1423 2126 1480 toto
2170 1414 2409 1499 populo

463 1499 758 1567 oblatum
802 1500 941 1578 fuit,
988 1510 1053 1563 et
1095 1500 1261 1566 liber
1302 1499 1469 1584 legis
1503 1501 1833 1567 recitatus.
1899 1499 2196 1567 Tandem
2231 1500 2410 1567 solus

466 1588 689 1655 Moses
732 1587 801 1652 in
846 1587 1159 1652 verticem
1203 1588 1445 1651 montis
1488 1596 1788 1671 receptus
1827 1597 1949 1666 est,
1997 1596 2071 1652 ut
2106 1588 2263 1652 inde
2306 1596 2409 1651 ta-

457 1673 650 1740 bulas
695 1692 892 1738 manu
917 1671 1045 1737 Dei
1083 1673 1360 1756 scriptas
1404 1674 1740 1755 proferret.
1808 1673 2059 1738 Verum
2110 1673 2217 1739 hic
2252 1692 2405 1738 exo·

465 1761 639 1825 ritur
704 1756 784 1823 de
847 1759 1263 1843 septuaginta
1327 1759 1690 1824 senioribus
1757 1759 2071 1843 quaestio.
2178 1758 2406 1841 Neque

466 1847 643 1912 enim
687 1843 926 1910 electos
970 1843 1170 1908 fuisse
1214 1843 1631 1928 septuaginta
1673 1855 2029 1929 antequam
2075 1843 2406 1928 digressus

467 1941 642 1997 esset
683 1929 966 2013 populus
1010 1949 1050 1993 a
1091 1937 1316 1993 monte
1358 1928 1577 2008 Sinai,
1643 1930 1796 1995 alibi
1858 1929 2254 1996 videbimus:
2299 1930 2407 1996 hic

466 2024 690 2084 autem
735 2036 957 2080 eorum
994 2016 1071 2079 fit
1104 2016 1351 2079 mentio
1386 2023 1539 2081 ante
1574 2016 2165 2100 promulgationem
2208 2016 2404 2099 legis:

510 2103 637 2168 uod
686 2101 956 2165 minime
998 2100 1261 2165 videtur
1303 2111 1831 2168 consentaneum.
1919 2102 2173 2167 Verum
2217 2101 2408 2168 facile

513 2188 743 2253 iluitur
798 2185 1200 2264 absurditas,
1259 2186 1317 2251 si
1371 2187 1720 2271 recipimus
1779 2188 1950 2271 quod
2008 2187 2265 2254 elicitur
2323 2208 2406 2253 ex

468 2275 591 2340 hoc
634 2273 806 2347 loce,
867 2274 1000 2337 iam
1056 2283 1407 2355 antequam
1460 2283 1732 2339 ventum
1778 2283 1948 2341 esset
1992 2272 2074 2338 ad
2118 2280 2406 2338 montem

462 2359 691 2439 Sinai,
747 2358 1041 2442 singulas
1084 2357 1299 2424 tribus
1343 2378 1598 2425 creasse
1639 2381 1793 2426 suos
1835 2360 2229 2444 praefectos,
2296 2360 2407 2443 qui

459 2447 800 2512 efficerent
843 2444 1018 2511 hunc
1062 2464 1434 2524 numerum,
1479 2465 1680 2528 quum
1717 2467 1836 2511 sex
1878 2456 2096 2512 essent
2130 2466 2214 2510 ex
2247 2466 2409 2510 una·

458 2551 721 2616 quaque
766 2531 957 2595 tribu.
1047 2529 1269 2611 Quum
1316 2550 1468 2596 vero
1525 2538 1752 2614 postea
1793 2532 2137 2597 exonerari
2181 2531 2404 2597 Moses

455 2625 732 2702 cuperet
748 2668 763 2693 ,
828 2617 1130 2682 reiectam
1200 2617 1399 2681 fuisse
1463 2625 1711 2700 partem
1779 2617 2270 2702 gubernationis
2334 2617 2405 2681 in

461 2702 915 2787 septuaginta,
981 2703 1289 2785 quoniam
1360 2703 1469 2768 hic
1532 2724 1851 2770 numerus
1912 2703 2047 2769 iam
2100 2723 2283 2769 more
2338 2712 2405 2767 et

462 2811 594 2855 usu
651 2796 952 2871 receptus
1008 2799 1168 2855 erat.
1258 2788 1457 2855 Certe
1508 2788 1770 2872 quando
1825 2802 2049 2875 aperte
2081 2798 2406 2856 narratur

461 2875 749 2941 delectos
790 2874 989 2940 fuisse
1031 2876 1449 2959 septuaginta
1490 2878 1709 2940 statim
1755 2876 1837 2941 ab
1896 2876 2115 2956 initio,
2170 2875 2402 2960 proba-

460 2962 594 3027 bile
651 2969 753 3027 est
808 2959 1081 3026 totidem
1146 2960 1346 3026 fuisse
1411 2958 1664 3027 additos
1718 2961 1891 3028 Mosi
1948 2962 2259 3045 collegas:
2327 2970 2404 3025 ut

459 3068 661 3132 quam
718 3047 992 3111 minima
1044 3047 1233 3113 fieret
1295 3047 1591 3113 mutatio.
1692 3046 1954 3115 Scimus
2018 3050 2227 3128 enim,
2291 3046 2402 3112 ubi

454 3131 865 3201 consuetudo
909 3132 1209 3209 obtinuit,
1255 3152 1450 3216 quam
1495 3154 1629 3197 non
1676 3133 1953 3201 libenter
1995 3134 2076 3200 ab
2120 3155 2197 3199 ea
2230 3153 2404 3199 rece-

459 3221 622 3286 dant
667 3220 985 3284 homines.
1077 3218 1255 3300 Quid
1300 3220 1355 3283 si
1401 3219 1600 3285 etiam
1640 3219 1959 3286 Israelitis
2018 3221 2278 3285 animus
2335 3228 2404 3285 et

456 3305 807 3372 consilium
851 3305 1048 3369 fuerit
1081 3305 1207 3370 hoc
1240 3302 1432 3370 modo
1466 3305 1786 3371 celebrem
1823 3305 2096 3372 reddere
2131 3306 2402 3389 originis

458 3411 618 3459 suae
696 3390 1128 3455 memoriam?
1217 3388 1655 3476 Septuaginta
1731 3392 1906 3456 enim
1976 3392 2194 3476 capita
2251 3411 2403 3458 cum

456 3476 661 3544 Iacob
712 3476 1183 3542 descenderant
1236 3477 1309 3541 in
1366 3475 1764 3561 Aegyptum.
1863 3478 2172 3545 Nondum
2226 3498 2402 3543 com-

455 3563 658 3649 pletis
716 3571 866 3645 post
921 3582 1146 3628 eorum
1190 3563 1560 3647 ingressum
1608 3564 1801 3630 annis
1844 3563 2149 3632 ducentis
2193 3572 2262 3629 et
2303 3563 2403 3629 vi-

457 3651 665 3736 ginti,
713 3657 1144 3734 propagatum
1188 3648 1405 3715 fuerat
1446 3669 1668 3715 eorum
1715 3670 1925 3735 genus
1967 3649 2050 3716 ad
2093 3658 2405 3717 sexcenta

457 3736 703 3815 millia,
762 3743 1025 3818 praeter
1079 3735 1355 3800 feminas
1399 3743 1466 3799 et
1506 3736 1835 3818 parvulos.
1924 3738 2103 3821 Ergo
2147 3757 2187 3801 a
2229 3736 2404 3801 veri-

457 3820 891 3888 similitudine
943 3841 1076 3886 non
1120 3821 1459 3901 abhorret,
1524 3831 1597 3885 ut
1640 3830 1779 3887 tam
1823 3821 2229 3889 admirabilis
2273 3820 2404 3886 Dei

460 3907 827 3974 benedictio
871 3913 1110 3973 testata
1151 3918 1446 3973 maneret
1486 3909 1791 3975 omnibus
1846 3909 2151 3986 saeculis,
2214 3907 2405 3992 quasi

459 4016 500 4060 a
542 3995 726 4061 fonte
768 3993 910 4075 ipso
951 4003 1325 4076 repeterent
1367 3995 1629 4076 generis
1671 3995 1777 4060 sui
1820 3995 2177 4073 exordium,
2225 4013 2404 4060 crea-

457 4088 566 4147 tos
610 4079 814 4146 fuisse
857 4080 1283 4163 septuaginta
1325 4081 1435 4164 qui
1480 4081 1599 4145 toti
1644 4081 1882 4165 populo
1924 4088 2318 4165 praeessent.

633 4166 694 4232 2.
753 4163 940 4231 Solus
998 4169 1201 4230 autem
1262 4164 1479 4231 Moses
1522 4168 1851 4248 perveniet.
1941 4168 2104 4233 'l'res
2161 4167 2406 4251 gradus

456 4250 568 4317 hic
625 4258 982 4336 ponuntur.
1072 4250 1326 4333 Populo
1392 4253 1569 4316 enim
1628 4253 2012 4337 praefigitur
2068 4254 2264 4318 statio
2321 4273 2406 4317 ex

460 4359 590 4422 qua
623 4338 847 4423 procul
885 4334 1139 4403 adoret:
1181 4338 1471 4402 seniores
1505 4359 1652 4402 cum
1689 4338 2137 4405 sacerdotibus
2159 4337 2409 4404 addun-

459 4435 571 4489 tur
615 4425 884 4489 comites
928 4422 1130 4500 Mosi,
1187 4422 1299 4506 qui
1355 4424 1621 4508 propius
1679 4425 2016 4505 accedant,
2075 4438 2269 4509 atque
2312 4427 2407 4490 ita

461 4508 546 4575 ad
607 4507 922 4595 populum
982 4518 1182 4574 testes
1227 4509 1360 4574 sint
1402 4509 1697 4575 omnium
1744 4531 1908 4594 quae
1950 4521 2177 4595 postea
2222 4509 2405 4576 vide-

458 4595 677 4663 bimus
714 4595 845 4660 illis
889 4594 1092 4660 fuisse
1127 4602 1407 4661 ostensa.
1474 4595 1681 4661 Porro
1724 4598 1916 4664 sicuti
1953 4617 1990 4662 a
2038 4599 2233 4682 vulgo
2266 4596 2406 4663 fue·

459 4692 620 4747 runt
678 4680 996 4765 separati,
1054 4682 1151 4745 ita
1193 4680 1414 4747 Moses
1468 4682 1730 4747 tandem
1778 4684 1953 4750 solus
1994 4685 2061 4748 in
2108 4684 2405 4766 superio·

458 4789 600 4833 rem
647 4767 925 4853 gloriam
970 4776 1270 4849 receptus
1315 4776 1431 4833 est.
1522 4767 1714 4834 Nube
1759 4771 1934 4834 euim
1991 4770 2290 4852 opposita
2332 4769 2403 4832 in

457 4856 736 4921 sublime
800 4862 1030 4936 raptus
1094 4854 1237 4918 fuit.
1324 4852 1510 4919 Haec
1573 4852 1905 4920 distinctio
1970 4864 2233 4920 notatur
2299 4854 2403 4920 his

456 4941 712 5006 verbis:
767 4940 1127 5005 Perveniat
1171 4946 1434 5004 tantum
1481 4940 1729 5019 Moses,
1776 4941 1871 5005 illi
1918 4961 2072 5006 vero
2109 4961 2270 5006 non:
2332 4949 2401 5006 at

454 5028 743 5110 populus
782 5045 915 5091 non
953 5025 1282 5091 ascendat.
1352 5023 1634 5106 Quidam
1679 5026 2072 5111 interpretes
2114 5027 2403 5093 retinent

454 5113 887 5197 praeteritum
934 5110 1280 5176 verborum
1326 5120 1619 5194 tempus:
1665 5112 1779 5178 scd
1825 5133 1957 5178 non
2003 5123 2210 5192 recte,
2257 5133 2402 5178 meo

455 5198 731 5265 iudicio:
779 5198 931 5281 quia
975 5195 1264 5262 nondum
1311 5196 1513 5262 tradit
1546 5198 1761 5264 Moses
1805 5197 1960 5283 quid
2004 5208 2259 5285 gestum
2294 5198 2398 5278 sit,

457 5283 574 5349 sed
618 5295 874 5350 tantum
923 5284 1152 5349 recitat
1188 5284 1315 5349 Dei
1358 5282 1698 5350 mandata:
1743 5284 1933 5350 sicuti
1977 5307 2059 5351 ex
2104 5286 2402 5369 proximo

458 5391 664 5437 versu
719 5377 916 5454 patet.
1019 5369 1097 5434 In
1157 5390 1283 5452 quo
1339 5372 1540 5436 etiam
1599 5369 1907 5436 laudatur
1963 5371 2280 5437 modestia
2336 5378 2404 5437 et

2514 641 2853 710 humilitas
2895 643 3136 727 populi,
3183 642 3357 727 quod
3394 649 3774 709 reverenter
3814 642 4146 727 exceperit
4187 643 4462 709 manda-

2512 735 2687 809 tum,
2753 728 2993 813 alioqui
3048 749 3183 795 non
3240 727 3401 795 adeo
3457 729 3813 794 iucundum
3833 780 3849 808 ,
3916 748 4038 795 nec
4095 728 4464 812 plausibile.

2512 812 2686 879 Nam
2748 812 2941 901 (quae
3007 815 3347 880 hominum
3405 824 3505 881 est
3567 813 3865 902 ambitio)
3923 822 4185 899 poterat
4248 814 4458 882 videri

2512 900 3060 966 contumeliosum
3103 900 3279 985 ipsos
3322 900 3546 985 procul
3606 900 3786 967 reiici
3804 952 3821 981 ,
3879 908 3944 966 et
4000 900 4334 984 prohiberi
4377 901 4466 966 ab

2512 1006 2779 1052 accessu
2803 986 3041 1052 montis
3063 996 3377 1071 tanquam
3413 993 3761 1053 extraneos
3795 993 3860 1052 et
3897 987 4218 1070 profanos.
4265 986 4458 1068 Quod

2511 1091 2669 1155 ergo
2713 1071 2965 1156 placide
3020 1072 3249 1138 ferunt
3303 1094 3373 1139 se
3430 1072 3626 1156 longe
3684 1072 4089 1152 submoveri,
4156 1080 4226 1138 et
4282 1080 4463 1139 sorte

2514 1177 2633 1222 sua
2674 1158 2893 1224 minus
2935 1160 3006 1223 in
3050 1160 3332 1242 speciem
3376 1159 3733 1224 honorifica
3766 1158 4055 1225 contenti
4092 1165 4266 1240 sunt,
4308 1179 4456 1243 spe-

2512 1242 2729 1309 cimen
2773 1253 2875 1310 est
2915 1245 3062 1328 piae
3107 1245 3532 1311 reverentiae.
3622 1242 3937 1328 Obsequii
3994 1264 4151 1310 vero
4196 1265 4462 1329 promp-

2512 1328 2865 1395 titudinem
2932 1330 3172 1396 clarins
3237 1331 3549 1414 exprimit
3616 1329 3871 1408 Moses,
3951 1350 4155 1413 quum
4226 1351 4457 1397 eorum

2512 1414 2718 1481 verba
2773 1416 3005 1566 rsscitat
3019 1467 3035 1496 ,
3090 1416 3375 1482 facturos
3431 1415 3678 1483 scilicet
3731 1436 3899 1500 quae
3942 1417 4459 1484 annunciaverat

2512 1520 2601 1565 ex
2643 1521 2755 1566 ore
2867 1524 2945 1567 ei.

2684 1586 2745 1653 4.
2797 1586 3152 1670 Smpserat
3184 1592 3391 1654 andem
3414 1586 3643 1653 Moses.
3708 1584 4100 1673 Opportune
4142 1588 4460 1655 inseritur

2511 1671 2674 1739 haec
2719 1674 3156 1757 parenthesis:
3205 1674 3357 1757 quia
3391 1674 3583 1757 paulo
3619 1680 3768 1758 post
3802 1673 4173 1741 videbimus
4212 1675 4457 1741 lectum

2509 1756 2710 1823 fuisse
2753 1757 2991 1824 librum
3049 1780 3268 1826 coram
3329 1760 3601 1843 populo:
3663 1758 3779 1826 sed
3834 1779 3962 1844 quo
4021 1760 4227 1826 maior
4280 1768 4457 1827 esset

2508 1845 2807 1919 attentio,
2853 1854 3008 1909 aute
3048 1845 3497 1911 recitationem
3544 1846 3753 1911 altare
3795 1847 4175 1930 composuit,
4220 1855 4287 1912 et
4320 1846 4453 1913 vic-

2510 1930 2708 1995 timas
2750 1929 3006 2008 obtulit,
3058 1931 3296 2016 populo
3338 1932 3480 2015 ipso
3525 1942 3880 2016 spectante.
3968 1932 4176 1998 Porro
4220 1940 4455 1997 notan-

2510 2014 2670 2081 dum
2737 2027 2836 2082 est
2901 2024 3157 2082 statuas
3221 2038 3426 2103 prope
3493 2017 3698 2083 altare
3763 2018 3966 2084 fuisse
4024 2025 4274 2085 erectas
4331 2038 4449 2102 pro

2510 2122 2787 2168 numero
2841 2101 3163 2168 tribuum:
3225 2113 3302 2169 ut
3357 2102 3604 2170 seirent
3646 2126 3717 2169 se
3761 2124 3893 2169 non
3955 2105 4163 2170 arceri
4205 2106 4276 2168 in
4321 2103 4453 2188 sig-

2511 2209 2668 2253 num
2730 2190 3123 2268 reiectionis,
3192 2187 3305 2255 sed
3373 2197 3633 2254 tantum
3691 2198 3765 2255 ut
3819 2210 3976 2255 suae
4041 2189 4455 2274 indignitatis

2509 2273 2772 2355 conscii,
2806 2295 2954 2340 cum
2993 2283 3172 2341 metu
3211 2282 3280 2340 et
3313 2275 3751 2342 sollicitudine
3775 2274 3992 2341 Deum
4030 2276 4452 2359 suspicerent.

2514 2356 2627 2425 Sic
2670 2362 2843 2425 enim
2889 2368 3080 2426 erant
3123 2361 3357 2427 remoti
3402 2361 3599 2446 longo
3655 2361 4049 2441 interstitio,
4107 2373 4184 2427 ut
4226 2382 4453 2427 eorum

2508 2446 2828 2510 memoria
2870 2467 3090 2512 coram
3135 2446 3280 2513 Deo
3323 2455 3648 2525 exstaret,
3709 2454 3906 2530 atque
3966 2447 4061 2511 ita
4102 2448 4170 2512 iu
4216 2449 4453 2514 statuis

2510 2530 2983 2614 quodammodo
3064 2553 3176 2599 eos
3251 2553 3482 2599 omnes
3546 2532 4070 2616 amplecteretur.
4182 2532 4455 2600 Statuas

2507 2624 2728 2682 autem
2776 2626 2963 2684 vocat
3005 2618 3226 2685 Moses
3269 2638 3404 2683 non
3447 2619 3796 2684 simulacra
3841 2639 4007 2702 quae
4061 2618 4290 2684 faciem
4337 2620 4453 2685 ho·

2508 2703 2708 2768 minis
2767 2704 3086 2788 figurent,
3148 2704 3262 2771 sed
3319 2705 3620 2771 cumulos
3675 2703 3968 2789 lapidum
3988 2753 4003 2783 ,
4060 2704 4172 2787 qui
4217 2724 4451 2770 monu-

2508 2788 2719 2853 menti
2770 2788 2910 2855 loco
2957 2798 3180 2856 essent
3228 2790 3312 2856 ad
3365 2790 3952 2875 repraesentandae
4017 2789 4226 2856 tribus
4293 2788 4452 2855 duo-

2507 2875 2766 3025 ᾱοοῗῑηᾶε
2805 2883 2880 2940 ut
2930 2875 3179 2943 scirent
3235 2896 3307 2942 se
3363 2878 3445 2944 ab
3510 2877 3736 2943 altaris
3793 2876 4141 2943 sanctitate
4182 2875 4453 2941 minime

2507 2979 2630 3026 exc
2656 2981 2699 3024 u
2750 2982 2788 3026 1.

2679 3045 2737 3112 5.
2787 3045 3089 3131 misitque
3127 3048 3422 3114 iuniores.
3515 3049 3653 3112 Aut
3711 3047 4022 3132 intelligit
4077 3047 4274 3114 fuisse
4316 3048 4452 3115 vic-

2508 3133 2800 3198 timarios
2844 3133 2955 3216 qui
3000 3135 3302 3200 manibus
3347 3134 3480 3199 suis
3523 3131 3772 3200 hostias
3813 3135 4285 3211 mactaverint,
4337 3143 4454 3200 aut

2505 3219 2709 3284 fuisse
2754 3219 3038 3286 delectos
3082 3221 3194 3304 qui
3236 3218 3527 3304 expediti
3569 3240 3645 3284 ac
3689 3220 3906 3301 vegeti
3951 3227 4171 3285 essent
4212 3219 4296 3285 ad
4333 3221 4447 3285 bo-

2507 3325 2626 3369 ves
2663 3302 3037 3372 trahendos.
3101 3305 3410 3372 Nondum
3447 3316 3824 3371 consecrata
3856 3314 4000 3372 erat
4022 3306 4233 3372 tribus
4256 3305 4450 3372 Levi.

2505 3389 2805 3456 'Verbum
2870 3400 3090 3456 autem
3156 3389 3470 3457 offerendi
3523 3388 3922 3458 sacerdotale
3982 3404 4082 3457 est
4099 3443 4114 3470 ,
4176 3391 4286 3457 ubi
4350 3391 4450 3456 di-

2505 3478 2768 3543 stinctio
2824 3476 2999 3541 inter
3043 3477 3313 3543 Levitae
3368 3477 3685 3543 statuitur
3742 3487 3812 3543 et
3863 3476 4187 3561 reliquum
4243 3498 4452 3563 popu-

2506 3563 2667 3628 lum.
2757 3562 2979 3644 Quare
3037 3563 3219 3648 prior
3275 3585 3510 3630 sensus
3552 3564 3790 3630 melius
3832 3563 4157 3629 convenit.
4243 3563 4454 3630 Porro

2507 3649 2827 3715 sacrificia
2884 3650 3392 3734 prosperitatum
3452 3650 3606 3715 alibi
3666 3649 3953 3716 diximus
3996 3649 4209 3715 dicata
4250 3650 4452 3715 fuisse

2507 3733 2593 3800 ad
2656 3735 3019 3820 gratiarum
3083 3735 3405 3802 actiones:
3485 3756 3618 3802 non
3683 3748 3906 3802 tamen
3972 3735 4186 3801 solum
4249 3736 4453 3803 fuisse

2508 3820 2969 3904 gratulatoria,
3036 3821 3149 3888 sed
3212 3822 3543 3888 admixtas
3584 3822 3785 3888 fuisse
3827 3841 4056 3906 preces
4099 3821 4180 3886 ad
4225 3837 4452 3904 peten-

2507 3907 2663 3972 dum
2725 3907 2976 3974 felicem
3028 3926 3421 3974 successum.
3497 3908 3682 3974 Haec
3726 3916 3943 3974 autem
3988 3907 4229 3973 oblatio
4271 3907 4344 3973 in
4380 3928 4452 3974 se

2506 3992 2830 4060 continuit
2868 3992 3145 4060 foederis
3189 3995 3623 4060 sanctionem:
3683 4002 3761 4059 ut
3803 3994 3999 4079 paulo
4041 4001 4190 4077 post
4231 3993 4448 4076 sequi-

2504 4088 2638 4145 tur.
2729 4079 2897 4145 Nam
2940 4100 3070 4162 quo
3129 4080 3416 4146 sanctior
3468 4088 3641 4146 esset
3697 4079 4034 4146 foederum
4102 4079 4331 4164 religio
4385 4087 4455 4147 et

2504 4164 2687 4244 fides,
2732 4164 3033 4231 omuibus
3066 4165 3363 4242 saeculis,
3407 4166 3605 4232 etiam
3642 4165 3819 4249 apud
3853 4165 4164 4250 profanas
4244 4173 4451 4246 entes,

2503 4251 2896 4335 interposita
2931 4250 3200 4316 fuerunt
3231 4251 3565 4318 sacrificia.
3630 4251 3713 4316 In
3752 4252 3931 4319 hun‘c
3966 4252 4166 4317 finem
4285 4272 4451 4330 oses,

2505 4338 2711 4405 caesis
2769 4337 3078 4418 victimis,
3140 4335 3476 4403 dimidiam
3536 4338 3879 4422 sanguinis
3932 4346 4188 4421 partem
4231 4337 4454 4404 fundit

2506 4444 2707 4506 super
2770 4424 3008 4503 altare,
3073 4422 3409 4489 dimidiam
3452 4432 3675 4488 servat
3729 4424 3802 4489 in
3866 4423 4259 4501 crateribus,
4323 4444 4452 4506 qua

2504 4510 2818 4594 populum
2855 4520 3188 4594 aspergat:
3234 4518 3313 4575 ut
3346 4510 3462 4575 tali
3497 4508 3796 4595 symbolo
3830 4517 4047 4576 ratum
4083 4510 4169 4575 sit
4206 4509 4452 4587 foedus,

2505 4596 2695 4663 cuius
2738 4598 2879 4680 ipse
2919 4596 3246 4679 interpres
3289 4606 3433 4662 erat
3475 4617 3554 4662 ac
3590 4616 3880 4679 sponsor.
3943 4595 4048 4661 Ad
4094 4594 4270 4662 hunc
4311 4614 4450 4660 mo-

2507 4703 2647 4748 rem
2692 4681 2993 4748 alludens
3038 4682 3288 4747 Paulus
3329 4680 3601 4769 (Philip.
3645 4682 3708 4759 2,
3756 4681 3865 4770 17)
3912 4680 4197 4767 gaudere
4238 4701 4307 4745 se
4351 4677 4451 4744 di-

2505 4768 2595 4835 cit
2666 4767 2724 4833 si
2795 4767 3175 4833 immoletur
3240 4789 3438 4851 super
3505 4768 3721 4833 hostia
3786 4777 3854 4834 et
3918 4767 4237 4833 sacrificio
4300 4763 4453 4831 fidei

2504 4874 2730 4919 eorum
2775 4874 2935 4937 quos
2979 4852 3246 4920 Ohristo
3289 4853 3624 4921 lucrifecit.
3715 4853 3944 4920 Utitur
3987 4863 4209 4919 autem
4252 4850 4452 4916 verbo

2504 4937 2895 5018 σπένδεσθαι,
2941 4938 3111 5023 quod
3147 4941 3406 5023 proprie
3443 4939 3810 5007 foederibus
3846 4947 4128 5025 aptatur.
4197 4937 4450 5003 Verum

2504 5025 2856 5110 peculiaris
2900 5027 3022 5090 fuit
3066 5024 3264 5090 huius
3307 5026 3609 5092 sacrificii
3653 5027 3855 5092 ratio:
3917 5026 4068 5109 quia
4110 5022 4294 5088 Deus
4339 5023 4453 5088 ad-

2507 5111 2787 5176 monitos
2848 5110 3056 5178 voluit
3096 5111 3373 5178 Iudaeos
3433 5112 3513 5178 de
3557 5114 3752 5178 unica
3793 5119 3858 5177 et
3902 5107 4110 5175 solida
4151 5109 4450 5187 foederis,

2504 5196 2672 5280 quod
2732 5218 2880 5263 cum
2939 5197 3072 5263 illis
3129 5197 3609 5281 paciscebatur,
3675 5197 4199 5263 confirmatione:
4256 5217 4332 5262 ae
4392 5195 4451 5261 si

2501 5283 2720 5368 palam
2744 5283 3133 5362 ostenderet,
3171 5294 3330 5350 tunc
3365 5282 3632 5350 demum
3667 5285 3801 5348 fore
3836 5282 4071 5348 efficax
4107 5291 4174 5348 et
4213 5295 4450 5361 ratum,

2502 5370 2618 5436 ubi
2679 5369 3003 5454 sanguine
3057 5371 3476 5454 obsignatum
3529 5368 3714 5434 foret.
3819 5368 4035 5452 quue
4094 5367 4455 5452 prudenter
