5017 6142
607 461 734 531 307

605 652 861 716 interea
937 646 1281 731 posteritas
1359 645 1499 711 eius
1575 645 1924 731 sexaginta
2000 653 2281 729 quatuor
2345 646 2554 712 millia

601 732 1064 804 transscendit.

777 820 881 887 51.
930 819 1057 886 Isti
1087 823 1234 884 stent
1268 817 1598 883 numerati.
1664 817 1814 882 Hac
1853 837 2111 882 summa
2152 816 2393 883 clarius
2439 839 2551 883 ex-

603 907 915 994 primitur
977 904 1151 989 quod
1216 911 1366 969 ante
1430 903 1621 987 attigi
1640 953 1655 980 ,
1729 903 1903 969 inter
1967 902 2261 969 diversas
2314 901 2550 983 clades,

603 993 989 1080 praesertim
1033 1010 1192 1056 vero
1232 990 1305 1054 in
1347 988 1623 1055 terribili
1655 988 1787 1055 Dei
1827 988 2136 1071 vindicta,
2178 988 2552 1056 incredibili

605 1078 798 1145 modo
841 1084 1175 1144 servatum
1217 1075 1422 1142 fuisse
1465 1073 1776 1140 Abrahae
1832 1095 2043 1160 genus
2057 1125 2073 1154 ,
2132 1095 2219 1139 ne
2276 1076 2549 1143 effectus

605 1163 1056 1251 promissionis
1124 1161 1195 1227 in
1275 1161 1516 1246 exigua
1591 1167 1850 1226 tantum
1925 1159 2265 1226 hominum
2344 1182 2549 1227 manu

605 1259 915 1316 exstaret.
1003 1247 1260 1313 Natura
1310 1247 1457 1330 ipsa
1514 1254 1584 1312 et
1637 1248 2001 1313 communis
2059 1247 2226 1312 ratio
2274 1245 2547 1325 ferebat,

605 1345 685 1402 ut
721 1335 911 1418 pauci
952 1341 1212 1399 tantum
1255 1332 1633 1397 fruerentur
1673 1341 1850 1397 terra
1890 1332 2236 1416 promissa:
2282 1332 2454 1415 quod
2490 1333 2549 1398 si

604 1420 687 1486 ad
732 1419 1124 1504 paucitatem
1168 1418 1508 1483 hominum
1563 1416 1830 1484 redacta
1875 1418 2106 1484 fuisset
2159 1418 2549 1499 haereditas,

602 1503 1075 1591 quodammodo
1117 1503 1352 1569 obruta
1393 1502 1693 1569 latuisset
1723 1503 1852 1568 Dei
1896 1504 2253 1587 promissio.
2342 1504 2545 1569 Mira·

609 1591 828 1656 biliter
870 1610 1028 1674 ergo
1064 1590 1243 1654 intra
1277 1609 1481 1654 annos
1516 1590 1791 1672 triginta
1825 1602 1990 1667 octo,
2035 1589 2183 1672 plus
2220 1590 2549 1656 sexcentis

602 1688 670 1742 et
711 1676 926 1742 tribus
963 1674 1249 1741 millibus
1284 1674 1627 1741 hominum
1667 1674 2022 1753 exstinctis,
2068 1676 2281 1741 effecit
2324 1683 2547 1741 tamen

603 1761 822 1839 Deus,
879 1770 957 1827 ιιι
998 1761 1168 1826 idem
1217 1770 1512 1826 maneret
1554 1760 1841 1844 capitum
1885 1780 2228 1839 numerus,
2295 1759 2547 1827 duobus

602 1859 861 1913 tanturn
905 1846 1197 1912 millibus
1239 1852 1309 1911 et
1342 1846 1718 1930 quingentis
1753 1846 2063 1931 exceptis.
2131 1845 2330 1912 Certe
2366 1846 2549 1913 velut

600 1942 707 1998 ter
748 1940 818 1999 et
859 1940 1091 2016 quater
1146 1950 1368 1998 caecos
1427 1951 1568 1998 esse
1623 1940 1879 2014 oportet
1930 1932 2038 2015 qui
2095 1931 2545 1998 admirabilem

600 2017 730 2084 Dei
766 2017 1242 2103 providentiam
1276 2025 1342 2083 et
1376 2016 1568 2083 fidem
1605 2018 1931 2102 gratuitae
1965 2016 2351 2102 adoptionis,
2395 2039 2546 2084 con·

598 2106 1039 2187 stantiamque
1073 2105 1144 2167 in
1185 2100 1523 2169 servandis
1555 2103 1893 2186 promissis
1928 2124 2061 2168 non
2094 2105 2441 2170 intuentur
2473 2104 2543 2168 in

601 2203 739 2255 tam
775 2188 1015 2255 illustri
1050 2189 1329 2272 speculo.
1400 2186 1617 2255 Simul
1659 2188 1831 2255 clare
1876 2200 2143 2273 apparet
2186 2189 2355 2274 quod
2393 2199 2544 2256 ante

600 2297 684 2341 ex
710 2275 1220 2341 Deuteronomio
1262 2275 1480 2353 citavi,
1527 2295 1637 2340 eos
1679 2274 1791 2357 qui
1834 2275 2100 2340 fuerunt
2141 2277 2544 2360 superstites,

601 2360 816 2445 palam
860 2358 1225 2427 admonitos
1266 2360 1469 2426 fuisse
1511 2358 1694 2426 clade
1731 2360 1861 2442 illa,
1905 2382 1988 2427 ne
2023 2359 2105 2425 ad
2140 2361 2546 2446 superstitio-

600 2465 721 2512 nes
763 2465 1046 2529 unquam
1093 2444 1460 2512 deficerent.
1816 2494 1823 2503 .

770 2530 873 2598 53.
941 2530 1099 2597 Istis
1153 2532 1468 2598 dividetur
1514 2536 1701 2597 terra.
1802 2532 1949 2599 Hoc
2013 2531 2093 2595 ad
2160 2531 2543 2597 animandos

597 2616 830 2683 fideles
872 2638 1003 2682 non
1047 2637 1282 2700 parum
1327 2616 1567 2695 valuit,
1609 2638 1807 2701 quum
1854 2618 2116 2683 nomina
2163 2617 2393 2683 darent
2435 2638 2543 2684 co·

599 2723 738 2768 ram
781 2703 955 2781 Deo,
1002 2712 1070 2768 et
1112 2705 1575 2787 profiterentur
1616 2723 1685 2769 se
1728 2712 1943 2768 terrae
1986 2700 2329 2768 haeredes:
2388 2703 2544 2786 quia

597 2787 869 2872 perinde
912 2802 1056 2854 erat
1096 2809 1174 2854 ac
1217 2789 1271 2854 si
1316 2809 1456 2854 rem
1491 2810 1696 2854 manu
1741 2797 2057 2865 tenerent,
2104 2788 2216 2855 ubi
2239 2789 2421 2855 Deus
2457 2788 2541 2854 ad

593 2884 838 2940 certam
885 2874 1359 2957 possessionem
1402 2895 1511 2940 eos
1553 2875 1850 2941 vocabat.
1929 2875 2321 2958 Emphatice
2364 2875 2542 2939 enim

598 2960 864 3042 ponitur
907 2959 1502 3027 demonstrativum
1605 2980 1954 3039 ronomen,
2012 2982 2098 3026 ne
2153 2981 2223 3026 se
2279 2959 2543 3045 longius

597 3044 848 3110 differri
905 3045 1316 3127 existiment,
1375 3066 1452 3113 ac
1506 2981 1631 3111 sihi
1684 3047 1983 3130 promitti
2034 3046 2203 3131 quod
2247 3054 2542 3132 posteros

597 3130 862 3197 demum
904 3138 1223 3197 maneret.
1308 3131 1436 3198 Rei
1495 3152 1652 3217 ergo
1704 3130 2019 3198 exhibitio
2063 3142 2131 3197 et
2171 3131 2545 3216 praesentia

596 3222 898 3297 notatur,
951 3215 1063 3282 ubi
1111 3216 1295 3284 Deus
1351 3217 1670 3302 praecipit
1724 3218 1806 3284 iis
1861 3219 1974 3302 qui
2039 3218 2366 3284 numerati
2409 3219 2541 3282 iam

594 3311 808 3380 erant,
844 3309 913 3368 et
945 3322 1219 3386 quorum
1257 3304 1606 3370 exstabant
1639 3303 1906 3370 nomina
1938 3305 2009 3369 in
2046 3304 2324 3388 publicis
2360 3301 2543 3369 tabu-

592 3387 699 3469 lis,
743 3395 987 3454 terram
1034 3387 1258 3454 dividi.
1347 3388 1608 3456 Deinde
1658 3389 2128 3474 praescribitur
2169 3390 2271 3456 ius
2315 3389 2538 3455 analo·

596 3473 838 3560 gicum,
879 3484 955 3539 ut
998 3494 1116 3558 pro
1146 3495 1419 3540 numero
1460 3477 1744 3559 capitum
1772 3496 1890 3541 sua
1926 3475 2284 3561 quibusque
2320 3475 2540 3541 distri-

597 3561 841 3626 buatur
881 3559 1110 3643 portio.
1199 3559 1391 3627 Nunc
1435 3569 1736 3627 tenemus
1778 3563 1848 3626 in
1891 3580 2040 3628 eum
2085 3563 2281 3628 finem
2339 3560 2540 3627 fuisse

598 3644 988 3730 recognitos,
1024 3654 1094 3711 et
1127 3647 1312 3730 quasi
1346 3647 1674 3726 lustratos,
1711 3655 1787 3713 ut
1805 3668 1876 3713 se
1894 3647 2173 3715 alacrius
2208 3646 2289 3713 ad
2327 3656 2541 3713 terrae

598 3731 956 3814 promissae
999 3732 1372 3798 fruitionem
1418 3733 1850 3819 accingerent.

771 3816 874 3883 57.
925 3816 1050 3883 Isti
1092 3824 1299 3883 autem
1338 3823 1487 3884 sunt
1526 3820 1840 3885 numerem
1882 3819 2264 3886 Levitarum.
2354 3817 2545 3886 Seor-

599 3923 747 3969 sum
794 3904 931 3989 agit
975 3902 1056 3969 de
1099 3904 1277 3970 tribu
1319 3904 1525 3983 Levi,
1572 3925 1764 3988 quam
1811 3903 1996 3971 Deus
2040 3927 2079 3971 a
2131 3905 2383 3990 reliquo
2429 3926 2543 3989 po-

601 3987 760 4074 pulo
803 4000 1246 4074 separaverat.
1330 3989 1516 4054 Inter
1557 3991 1728 4056 filios
1771 3990 1975 4070 Levi,
2020 3992 2331 4056 ultimum
2374 4011 2549 4056 com-

602 4084 926 4141 memorat
945 4075 1205 4141 Cehath
1243 4083 1535 4141 autorem
1561 4074 1981 4143 sacerdotalis
2000 4076 2303 4143 familiae.
2350 4074 2545 4143 Unde

599 4159 920 4245 probabili
964 4161 1339 4227 coniectura
1393 4160 1677 4243 elicitur,
1734 4184 1866 4229 non
1923 4172 2285 4247 spectatum
2342 4162 2547 4228 fuisse

602 4247 1156 4332 primogeniturae
1214 4244 1542 4328 ordinem,
1601 4249 1712 4315 ubi
1758 4249 1939 4315 Deus
1982 4248 2347 4316 sacerdotes
2389 4247 2545 4314 inde

598 4353 859 4400 sumere
903 4330 1209 4417 dignatus
1251 4342 1366 4398 est.
1455 4333 1593 4399 Gur
1634 4354 1788 4399 vero
1831 4336 2061 4400 matris
2103 4355 2260 4401 suae
2302 4354 2542 4399 nomen

600 4419 927 4502 exprimat
969 4418 1192 4484 Moses
1248 4435 1508 4502 praeter
1560 4428 1947 4486 consuetum
2005 4422 2361 4504 scripturae
2406 4440 2541 4484 mo-

601 4525 769 4583 rem,
826 4525 958 4570 non
1005 4506 1165 4571 satis
1208 4503 1432 4588 liquet.
1518 4505 1749 4589 Neque
1806 4507 1979 4571 enim
2040 4516 2544 4572 consentaneum

599 4600 704 4656 est
745 4589 810 4654 id
855 4590 1084 4656 fecisse
1128 4590 1207 4656 ad
1252 4591 1876 4657 commendationem
1914 4593 2016 4657 sui
2050 4592 2344 4677 generis:
2389 4592 2546 4675 quia

601 4676 796 4741 simul
841 4676 1032 4742 docet
1072 4696 1142 4741 se
1185 4696 1333 4742 cum
1378 4677 1599 4743 liberis
1643 4679 1841 4743 fuisse
1887 4677 2130 4744 honore
2186 4677 2542 4744 deiectum:

598 4761 715 4828 ubi
768 4770 946 4829 certe
1004 4761 1185 4827 nulla
1237 4773 1509 4846 apparet
1561 4761 1846 4829 ambitio.
1934 4762 2374 4829 verisimilius
2423 4772 2543 4842 est,

599 4847 659 4919 si
722 4868 960 4913 nomen
1028 4847 1200 4914 filiae
1266 4848 1488 4915 stricte
1544 4849 1862 4932 accipitur
1917 4850 1984 4915 in
2042 4851 2254 4933 primo
2313 4847 2543 4932 gradu,

599 4931 769 5017 quod
825 4933 1205 5017 probrosum
1257 4941 1399 4998 erat
1440 4954 1568 4999 non
1615 4935 1930 5014 tacuisse,
1986 4954 2111 5018 quo
2154 4935 2280 5000 Dei
2326 4933 2545 5000 indul-

597 5020 891 5105 gentiam
937 5021 1144 5104 magis
1186 5018 1554 5084 extolleret:
1618 5041 1771 5085 nam
1815 5021 1939 5085 hoc
1981 5019 2172 5086 modo
2214 5020 2542 5107 progeniti

600 5127 681 5170 ex
756 5105 1123 5172 incestuoso
1186 5103 1484 5187 coniugio
1548 5114 1770 5171 essent
1831 5106 2053 5172 Moses
2118 5115 2186 5173 et
2250 5107 2542 5184 Aharon‚

599 5189 1122 5276 quandoquidem
1146 5190 1418 5254 Amram
1453 5197 1641 5274 pater
1662 5191 1934 5258 Aharon
1956 5193 2222 5259 amitam
2246 5193 2545 5259 duxisset

596 5298 890 5358 uxorem,
925 5273 1096 5361 quod
1133 5273 1514 5358 repudiabat
1547 5290 1818 5344 naturae
1839 5278 2251 5346 verecundia.
2311 5278 2543 5345 Potius

598 5384 757 5448 ergo
832 5364 957 5429 erit
1032 5361 1318 5447 ingenua
1381 5361 1770 5433 domesticae
1831 5363 2141 5431 infamiae
2204 5364 2541 5443 confessio,

2023 456 2433 525 REDITUS
2485 458 2611 523 AD
2655 455 3204 525 HISTORIAM.

4465 453 4591 520 308

2655 666 2849 730 quam
2907 645 3322 712 ambitiosum
3380 645 3814 729 praeconium.
3906 642 3983 711 Si
4040 650 4392 728 quaeratur
4432 666 4589 729 quo·

2653 732 2844 798 modo
2887 730 2954 798 id
2998 732 3346 798 toleratum
3381 731 3606 797 fuerit:
3652 731 3719 795 in
3756 738 4063 814 promptu
4099 739 4201 796 est
4231 733 4587 815 responsio:

2654 819 2750 883 sic
2790 818 3147 884 invaluisse
3192 827 3348 885 tunc
3390 817 3722 884 licentiam
3768 815 3940 899 apud
3985 817 4334 882 orientales
4391 839 4590 902 popu·

2654 903 2781 984 los,
2835 912 2914 969 ut
2971 924 3162 970 nemo
3220 912 3482 987 putaret
3539 902 3837 969 illicitum
3894 900 4064 985 quod
4121 903 4359 986 passim
4415 903 4589 988 apud

2651 1010 2878 1056 omnes
2935 990 3001 1053 in
3061 1011 3184 1055 usu
3242 997 3400 1055 erat.
3503 985 3709 1072 quue
3764 986 4048 1054 vidimus
4102 996 4296 1054 antea
4353 988 4591 1056 diserte

2650 1076 2883 1152 notari,
2928 1074 3038 1140 ubi
3061 1074 3263 1151 Deus,
3306 1077 3675 1141 incestuosa
3708 1074 4008 1159 coniugia
4041 1074 4344 1155 vetando,
4387 1096 4591 1160 popu-

2650 1159 2789 1226 lum
2834 1182 3022 1227 suum
3070 1161 3149 1227 ab
3206 1162 3352 1228 aliis
3408 1159 3714 1247 gentibus
3779 1158 4108 1226 discernit.
4197 1159 4382 1226 Nihil
4437 1182 4592 1247 ergo

2653 1246 2928 1327 mirum,
2988 1246 3042 1312 si
3099 1247 3388 1312 nondum
3446 1246 3590 1331 lege
3647 1244 3774 1310 Dei
3840 1244 4183 1330 prohibiti,
4248 1246 4590 1332 vulgatum

2651 1352 2900 1397 morem
2943 1333 3202 1415 sequuti
3247 1342 3421 1398 sunt.

2822 1418 2926 1484 60.
2975 1418 3252 1501 Natique
3292 1423 3441 1484 sunt
3491 1417 3625 1500 ipsi
3667 1416 3950 1483 Aharon.
4039 1414 4262 1498 Quum
4306 1439 4389 1484 ex
4434 1439 4590 1502 qua-

2651 1512 2800 1569 tuor
2843 1504 2994 1570 filiis
3039 1503 3167 1569 duo
3211 1502 3426 1570 subita
3483 1511 3693 1569 morte
3749 1503 4022 1568 fuerunt
4079 1501 4361 1588 abrepti,
4418 1505 4591 1587 peri-

2651 1589 2865 1656 clitari
2919 1591 3060 1656 visa
3116 1596 3218 1656 est
3269 1589 3510 1655 summi
3563 1586 3905 1655 sacerdotii
3960 1585 4273 1672 dignitas,
4333 1610 4498 1673 quae
4552 1612 4592 1656 a

2652 1673 2930 1740 duorum
2977 1675 3319 1740 hominum
3379 1675 3517 1741 vita
3574 1674 3916 1758 pendebat.
4005 1676 4226 1758 Atque
4269 1673 4393 1742 hoc
4437 1694 4591 1741 con-

2651 1760 2797 1827 silio
2842 1761 3180 1827 historiam
3225 1761 3409 1845 prius
3451 1769 3789 1826 narratam
3833 1759 4071 1842 repetit
4111 1760 4369 1840 Moses,
4412 1772 4487 1827 ut
4521 1763 4588 1826 in

2649 1847 3147 1913 conservatione
3201 1848 3339 1913 eius
3394 1845 3671 1924 ordinis,
3730 1843 3837 1912 cui
3894 1865 4156 1911 annexa
4208 1856 4351 1912 erat
4392 1847 4593 1914 totius

2648 1932 2959 2000 ecclesiae
3041 1933 3250 2013 salus,
3318 1932 3556 1999 clarius
3623 1938 3933 1999 cernatur
3997 1930 4400 1999 admirabilis
4466 1933 4590 1999 Dei

2649 2016 3073 2101 providentia.
3140 2018 3340 2085 Certe
3373 2018 3500 2085 nisi
3545 2018 3615 2083 in
3651 2017 3799 2084 aliis
3840 2017 4103 2082 familiis
4144 2015 4340 2103 longe
4383 2020 4592 2084 maior

2648 2104 2967 2189 viguisset
3028 2103 3466 2182 foecunditas,
3546 2112 3686 2168 tota
3747 2101 3959 2169 tribus
4025 2104 4191 2168 Levi
4270 2118 4624 2189 perquam·

2645 2192 2884 2276 exiguo
2927 2210 3200 2256 numero
3244 2189 3661 2257 constitisset.
3727 2188 3874 2254 Imo
3919 2189 3976 2253 si
4018 2190 4132 2254 fiat
4173 2191 4582 2274 comparatio,

2645 2274 3045 2342 incredibilis
3086 2276 3216 2342 erit
3258 2276 3460 2360 copia,
3504 2274 3617 2341 ubi
3658 2274 3895 2359 viginti
3939 2274 4066 2340 tria
4107 2274 4317 2340 millia
4359 2290 4584 2342 nume·

2647 2369 2908 2442 rantur,
2966 2382 3165 2446 quum
3226 2360 3354 2426 duo
3411 2372 3667 2427 tantum
3722 2359 3937 2444 capita
3993 2381 4140 2427 cum
4186 2361 4319 2427 suis
4365 2361 4583 2428 liberis

2645 2445 2962 2513 haberent
3032 2468 3241 2531 genus
3306 2446 3720 2513 sacerdotale.
3830 2444 3963 2512 Sed
4033 2446 4214 2512 Deus
4277 2447 4583 2513 ecclesiae

2646 2552 2802 2600 suae
2845 2532 3294 2599 excellentiam
3340 2554 3460 2617 per
3500 2531 3726 2598 modos
3785 2539 3851 2597 et
3914 2532 4158 2617 gradus
4199 2532 4584 2600 humanitus

2644 2618 3009 2702 incognitos
3052 2617 3136 2684 ad
3179 2638 3507 2684 summum
3567 2616 3844 2696 attollit,
3900 2639 4027 2700 quo
4070 2618 4305 2684 melius
4349 2619 4416 2684 in
4464 2620 4585 2684 hac

2645 2703 3015 2770 humilitate
3089 2705 3373 2769 emineat
3445 2705 3586 2769 eius
3674 2703 3985 2787 potentia.
4108 2703 4316 2770 Porro
4392 2724 4585 2771 causa

2643 2790 2877 2855 mortis
2953 2791 3190 2856 iterum
3270 2789 3689 2874 exprimitur,
3769 2797 3848 2854 ut
3911 2790 4211 2873 exemplo
4275 2788 4585 2856 admoniti

2646 2874 3012 2943 sacerdotes
3030 2927 3045 2952 ,
3127 2896 3258 2941 non
3324 2884 3580 2941 tantum
3649 2897 3688 2940 a
3752 2875 4147 2941 voluntariis
4210 2876 4583 2960 sacrilegiis,

2644 2959 2758 3028 sed
2804 2960 2887 3027 ab
2930 2982 3150 3027 errore
3186 2971 3252 3026 et
3286 2960 3690 3047 negligentia
3724 2960 4101 3045 diligentius
4136 2959 4260 3026 sibi
4289 2969 4580 3029 caveant.

2815 3047 2919 3114 36.
2967 3046 3092 3113 Isti
3132 3053 3282 3114 swas
3321 3047 3637 3114 numerati
3680 3045 3887 3113 Masis
3928 3051 3985 3112 et
4017 3045 4310 3114 E‘leazar.
4399 3049 4582 3115 Prio-

2646 3154 2751 3199 res
2793 3152 2943 3199 reco
3037 3134 3108 3198 iti
3151 3133 3413 3198 fuerant
3457 3129 3577 3198 sub
3622 3132 3911 3200 Aharon.
4000 3132 4384 3199 Descrimen
4432 3155 4584 3218 ergo

2644 3227 2912 3284 notatur
2953 3228 3128 3284 1nter
3168 3217 3331 3283 duos
3374 3238 3632 3285 census:
3681 3228 3754 3283 ut
3799 3219 3893 3283 ita
3937 3217 4062 3284 sibi
4106 3221 4450 3285 transitum
4497 3220 4585 3285 fa-

2645 3304 2777 3371 ciat
2810 3305 3030 3371 Moses
3073 3304 3156 3370 ad
3199 3305 3838 3370 commemorandum
3875 3302 4003 3368 Dei
4047 3303 4376 3383 iudicium,
4414 3305 4581 3389 quod

2645 3411 2977 3474 nunquam
3027 3390 3188 3455 satis
3231 3398 3481 3455 attente
3524 3387 3802 3473 expendi
3850 3397 4091 3472 potest,
4134 3411 4216 3456 ex
4258 3392 4583 3457 sexcentis

2644 3476 2937 3542 millibus
2979 3483 3239 3541 tantum
3285 3475 3448 3542 duos
3503 3475 3703 3542 fuisse
3760 3485 4053 3559 repertos
4095 3475 4204 3559 qui
4249 3483 4504 3561 tempus
4545 3498 4584 3542 a

2644 3561 2791 3627 Deo
2834 3562 3198 3645 praefixum
3241 3569 3647 3645 superarent.
3728 3559 3805 3629 Si
3848 3562 3993 3645 quis
4037 3563 4334 3646 excipiat,
4375 3562 4583 3628 maxi-

2644 3668 2820 3713 mam
2885 3656 3140 3731 partem
3207 3667 3325 3713 suo
3389 3649 3522 3713 fato
3588 3668 3730 3714 esse
3793 3646 4202 3727 defunctam,
4280 3650 4389 3731 qui
4452 3648 4580 3714 iam

2647 3753 2893 3799 annum
2954 3732 3352 3799 tricesimum
3410 3746 3473 3798 et
3539 3730 4144 3817 quadragesimum,
4208 3736 4339 3798 imo
4400 3734 4584 3817 quin-

2645 3819 3089 3904 quagesimum
3135 3829 3571 3898 excesserant,
3616 3827 3809 3901 atque
3850 3818 3944 3883 ita
3987 3819 4381 3905 octogenarii
4423 3818 4582 3884 fuis·

2647 3915 2797 3971 sent
2839 3915 2992 3970 ante
3036 3903 3432 3987 completum
3459 3902 3585 3970 hoc
3620 3914 3880 3988 tempus
3915 3904 4349 3990 quadraginta
4383 3926 4580 3971 anno·

2646 4008 2833 4056 rum:
2879 3990 3088 4055 fateor
3127 3988 3195 4054 id
3243 4010 3470 4055 verum
3516 4008 3692 4055 esse:
3752 3988 3865 4054 sed
3908 3990 4103 4056 multi
4148 3989 4443 4056 nondum
4485 3991 4583 4057 vi-

2647 4076 2959 4142 cesimum
3005 4084 3309 4157 quartum
3356 4096 3603 4141 annum
3649 4076 4028 4161 attigerant.
4115 4075 4254 4143 Nec
4315 4076 4579 4142 dubium

2645 4161 2804 4244 quin
2867 4182 2949 4227 ex
3005 4160 3137 4225 illis
3189 4182 3316 4226 non
3375 4163 3567 4246 pauci
3624 4162 3872 4227 fuerint
3926 4162 4213 4228 iuniores
4269 4161 4464 4229 Iosue
4517 4171 4583 4227 et

2647 4245 2869 4328 Galeb,
2915 4268 3077 4331 quos
3121 4248 3361 4313 scimus
3406 4267 3539 4311 non
3582 4246 3775 4312 modo
3820 4259 4084 4332 vegetos
4125 4247 4330 4314 fuisse
4372 4260 4439 4313 et
4480 4249 4580 4313 in-

2647 4342 2862 4417 tegros
2908 4333 3133 4399 multis
3176 4341 3324 4417 post
3366 4333 3575 4411 annis,
3620 4331 3732 4398 sed
3774 4333 3970 4397 etiam
4008 4330 4322 4400 robustos.
4386 4334 4581 4419 Ergo,

2646 4429 2725 4484 ιιι
2762 4419 3139 4496 minimum,
3196 4418 3530 4484 dimidiam
3586 4427 3842 4502 partem
3895 4440 4022 4484 non
4081 4428 4412 4500 senectus,
4469 4419 4579 4486 sed

2647 4505 2771 4570 Dei
2832 4504 2991 4569 ultio
3048 4504 3402 4569 immatura
3456 4515 3665 4570 morte
3723 4504 4024 4583 abstulit,
4082 4525 4157 4572 ac
4214 4506 4266 4570 si
4313 4527 4422 4572 eos
4465 4526 4583 4572 sua

2649 4611 2847 4656 manu
2914 4589 3132 4673 palam
3189 4611 3225 4655 c
3275 4589 3455 4656 coelo
3520 4590 3759 4656 feriret.
3859 4589 4091 4674 Itaque
4157 4612 4285 4656 non
4343 4591 4459 4658 abs
4514 4612 4584 4658 re

2647 4676 2865 4742 Moses
2923 4677 3155 4742 recitat
3205 4684 3501 4743 mortuos
3558 4697 3728 4754 esse,
3789 4676 3982 4741 sicuti
4040 4679 4583 4758 pronunciaverat

2647 4763 2863 4828 Deus:
2909 4783 3038 4828 non
3081 4769 3358 4840 tantum,
3405 4771 3483 4828 ιιι
3524 4783 3731 4846 poena
3766 4761 3845 4827 de
3879 4763 4009 4827 illis
4044 4772 4307 4847 sumpta
4349 4784 4468 4829 nos
4504 4762 4580 4828 ad

2644 4849 2945 4914 timorem
2970 4847 3098 4912 Dei
3136 4847 3409 4929 erudiat,
3455 4847 3569 4914 sed
3612 4855 3687 4914 ut
3721 4846 4046 4915 discamus
4081 4847 4162 4914 ad
4201 4849 4341 4915 eius
4377 4850 4583 4914 minas

2643 4935 2811 5000 serio
2856 4934 3301 5018 expergefieri.
