5017 6142
377 460 502 526 461

556 646 656 713 10.
700 647 928 729 Itaque
971 647 1394 713 castrametati
1426 652 1576 712 sunt
1603 645 1731 727 filii
1754 647 1969 714 Israel
2001 648 2072 712 in
2098 646 2333 732 Gilyal‚

379 739 436 801 et
474 733 749 816 fecerimt
787 730 1026 799 Pesack
1069 732 1537 815 quartadecima
1578 733 1685 799 die
1723 734 1962 800 mensis
2004 733 2090 798 ad
2128 752 2334 816 vespe-

379 840 527 886 rum
578 819 648 886 in
705 817 1156 900 campestribus
1203 817 1466 885 Iericho.
1557 819 1659 885 11.
1716 819 1808 884 Et
1861 819 2247 885 comederunt
2301 839 2335 885 e

374 906 587 989 fructu
617 910 820 971 terrae
841 904 1154 986 postridie
1179 903 1418 971 Pesach
1449 904 1903 989 intemerata,
1941 909 1999 970 et
2022 903 2336 987 polentam

377 993 638 1075 ipsomet
676 990 795 1056 die.
886 990 987 1055 12.
1033 989 1120 1054 Et
1161 992 1423 1057 cessavit
1459 988 1625 1055 Man
1656 990 1964 1073 postridie
1994 994 2334 1073 postquam

378 1078 760 1144 comederunt
802 1097 835 1141 e
889 1076 1199 1159 frumento
1245 1081 1476 1142 terrae.-
1529 1096 1724 1158 neque
1772 1076 1904 1159 fuit
1953 1077 2123 1143 altra
2171 1075 2334 1158 tibiis

379 1162 588 1230 Israel
631 1160 832 1240 Man,
884 1163 994 1227 sed
1028 1162 1414 1227 comederam
1454 1182 1488 1228 e
1525 1161 1737 1244 fructu
1775 1167 1978 1228 terrae
2026 1160 2331 1228 Chamavi

375 1269 444 1316 eo
487 1268 669 1314 anno.
762 1247 860 1312 13.
918 1246 1189 1332 sztiqit
1244 1253 1451 1314 autem
1494 1268 1689 1330 quum
1732 1253 1888 1314 esset
1929 1248 2118 1314 Iosue
2160 1246 2334 1330 apud

379 1333 642 1413 Ierich,
682 1339 754 1398 ut
794 1333 1023 1400 levaret
1062 1334 1265 1399 oculos
1306 1354 1457 1399 suos
1491 1353 1565 1400 ac
1600 1335 1932 1417 aspiceret.-
1978 1340 2036 1399 et
2069 1353 2198 1400 ecce
2229 1333 2332 1398 vir

376 1420 580 1487 stabat
619 1424 834 1485 contra
877 1439 1035 1499 euni,
1081 1420 1152 1485 in
1193 1420 1376 1485 cuius
1417 1439 1616 1485 manu
1659 1425 1797 1486 erat
1827 1419 2087 1504 yladius
2128 1419 2332 1503 88891-

377 1510 598 1572 natus.-
632 1509 690 1571 ct
729 1506 851 1571 ivit
893 1506 1083 1570 Iosue
1123 1505 1211 1570 ad
1251 1524 1409 1583 eum,
1453 1505 1734 1587 dicitque
1776 1506 1910 1571 illi.-
1950 1501 2059 1570 Ezc
2100 1505 2331 1571 nostris

377 1591 496 1657 es?
561 1611 648 1656 an
705 1610 782 1656 ex
822 1591 1213 1656 adversariis
1253 1591 1536 1657 nostris?
1622 1590 1723 1656 14.
1783 1590 1873 1656 Et
1916 1591 2108 1657 111811.-
2154 1589 2330 1656 Non.-

375 1678 488 1744 sed
533 1696 678 1742 sum
720 1678 1024 1759 princeps
1078 1677 1385 1743 exercitus
1426 1675 1722 1743 Iehovae:
1777 1696 1943 1744 nunc
1996 1677 2155 1742 veni.
2243 1675 2333 1743 Et

376 1763 597 1829 cecidit
638 1761 830 1829 Iosue
870 1764 942 1827 in
994 1762 1224 1845 facicm
1264 1782 1449 1828 suam
1489 1763 1577 1828 ad
1615 1767 1876 1839 terram,
1932 1767 1987 1827 et
2024 1762 2329 1841 adoravit,

374 1849 660 1931 dixitque
701 1849 790 1914 ei.-
851 1847 1019 1930 Quid
1064 1847 1384 1915 Dominus
1423 1867 1601 1914 meus
1644 1849 1916 1931 loquitur
1958 1850 2044 1915 ad
2082 1868 2332 1914 servum

374 1933 616 2001 suum?
708 1932 808 2000 15.
865 1929 955 1999 Ec
1005 1933 1175 2000 dixit
1215 1935 1515 2020 princeps
1572 1935 1878 2001 exercitus
1937 1933 2201 2001 Iehovae
2243 1933 2332 1999 ad

244 2020 249 2027 '
378 2020 644 2087 Iosuam
658 2045 677 2084 .-
742 2018 920 2086 Solve
984 2019 1462 2086 calceamentum
1525 2023 1703 2086 tuam
1754 2041 1786 2085 e
1838 2020 2110 2102 pedibus
2172 2020 2332 2086 tuis.-

371 2107 532 2257 ¹qluia
574 2105 743 2172 locus
783 2125 974 2189 super
1015 2125 1196 2188 quem
1236 2110 1388 2186 sta-5,
1434 2106 1733 2172 sanctitas
1768 2111 1872 2172 est.
1939 2106 2031 2173 Et
2061 2108 2153 2172 ita
2183 2105 2332 2188 fecit

419 2211 584 2259 osne.

550 2362 681 2429 Hic
744 2368 1056 2429 narratur
1120 2361 1413 2446 legitimo
1480 2362 1585 2429 die
1662 2362 2061 2429 celebratum
2127 2362 2329 2428 fuisse

373 2447 639 2533 pascha.
730 2446 1125 2531 Quanquam
1184 2458 1342 2514 sunt
1406 2450 1519 2532 qui
1581 2456 1819 2533 putent
1871 2448 2061 2533 quasi
2119 2447 2198 2514 de
2255 2470 2329 2514 re

372 2534 652 2600 insolita
688 2533 895 2600 verba
936 2534 1111 2599 fieri:
1162 2542 1361 2618 atque
1402 2534 1559 2600 inde
1602 2535 1953 2618 colligunt,
2005 2554 2125 2618 per
2167 2554 2329 2617 qna·

372 2619 686 2705 draginta
730 2640 936 2686 annos
977 2619 1183 2686 fuisse
1215 2621 1678 2703 interruptum,
1725 2621 1893 2687 sicut
1925 2621 2169 2687 omissa
2203 2619 2329 2686 fuit

374 2705 819 2773 circumcisio:
868 2725 1104 2788 nempe
1148 2706 1300 2789 quia
1343 2706 1699 2773 absurdum
1741 2707 2005 2785 fuisset,
2047 2726 2327 2790 praepu-

371 2792 575 2859 tiatos
618 2791 703 2858 ad
744 2810 1002 2856 sacrum
1045 2791 1313 2875 epulum
1368 2812 1438 2858 se
1491 2792 1823 2877 ingerere:
1883 2790 2117 2858 deinde
2175 2791 2328 2876 quia

375 2878 460 2944 ab
506 2878 695 2944 initio
752 2878 911 2943 anni
966 2876 1238 2944 secundi
1295 2897 1429 2942 non
1484 2878 1764 2963 legimus
1819 2878 2067 2962 pascha
2120 2878 2324 2945 fnisse

371 2964 808 3030 imfflolatum.
897 2964 1102 3047 Atqui
1159 2962 1493 3047 probabile
1546 2985 1679 3030 non
1735 2974 1862 3045 est,
1920 2963 2095 3047 quod
2138 2962 2324 3031 Deus

368 3057 765 3134 perpetuum
808 3070 951 3116 8888
993 3070 1204 3133 nuper
1234 3050 1532 3128 iusserat,
1577 3059 1846 3134 repente
1879 3051 2078 3116 fuisse
2112 3048 2322 3117 abiec-

371 3148 541 3202 tum.
602 3134 874 3234 Dictum
911 3134 1089 3201 enim
1124 3134 1258 3236 11118
1291 3136 1535 3202 fuerat:
1573 3135 1722 3201 Nox
1745 3135 2174 3237 observabilis
2197 3138 2325 3202 erit

370 3221 619 3393 55:3⁶.
635 3221 732 3372 ΗΡ
715 3242 772 3372 2⁰
770 3243 806 3386 1³
830 3220 1819 3394 42¹5‘2232.:2.033¹²22²3..{::5
1820 3230 2116 3374 ’ἓῖἑῖἶῖῖ
2171 3242 2324 3392 {¹:22

368 3393 769 3461 obsolevisse
826 3392 998 3478 quod
1042 3391 1319 3459 saeculis
1361 3393 1667 3459 omnibus
1732 3392 2110 3461 inviolabile
2175 3414 2321 3461 8888

371 3478 647 3546 debuit?
716 3478 927 3546 Ouius
971 3477 1203 3544 deinde
1247 3477 1579 3544 socordiae
1622 3480 1854 3545 fuisset
1896 3489 2034 3547 tam
2079 3480 2322 3565 exiguo

368 3575 667 3648 tempore
700 3565 974 3649 sepelire
994 3564 1316 3632 beneficiii
1342 3566 1619 3631 recentis
1642 3564 2071 3632 memoriam?
2117 3567 2322 3650 Atqui

368 3652 788 3736 praeputium
847 3652 1086 3715 bonam
1141 3659 1396 3733 partem
1453 3650 1742 3730 arcebat,
1800 3673 1885 3717 88
1938 3652 2320 3732 mysterium

370 3736 862 3821 profanaretur:
910 3737 1109 3803 simul
1153 3736 1328 3803 enim
1375 3735 1621 3803 dictum
1669 3737 1915 3803 fuerat:
1964 3738 2176 3803 Nemo
2220 3739 2322 3803 in-

369 3824 795 3891 circumcisus
841 3822 1100 3888 accedet
1144 3820 1378 3908 (Exod.
1428 3823 1543 3900 12,
1586 3821 1718 3910 48).
1805 3822 1952 3889 Iam
1996 3823 2321 3908 respondi,

370 3909 575 3976 fuisse
633 3906 701 3973 id
760 3908 1354 3974 extraordinarium
1424 3909 1874 3993 privilegium,
1941 3910 2112 3994 quod
2177 3911 2322 3995 lege

372 3995 572 4061 soluti
616 4003 775 4060 sunt
814 3994 938 4060 filii
958 3994 1186 4061 Israel.
1253 3994 1426 4060 Nam
1470 4005 1647 4062 certe
1689 3995 1942 4062 interea
1986 3997 2321 4063 sacrificiis

371 4081 475 4147 usi
518 4089 707 4161 sunt,
752 4088 820 4146 81
862 4100 934 4147 88
978 4089 1416 4147 exercuerunt
1458 4081 1529 4146 in
1573 4081 1824 4163 reliquo
1867 4082 2049 4148 cultu
2092 4082 2319 4165 legali:

370 4166 543 4251 quod
587 4167 775 4233 nefas
817 4166 1080 4246 fuisset,
1137 4167 1267 4232 nisi
1318 4188 1402 4232 ex
1460 4168 1864 4251 praescripta
1906 4168 2070 4251 legis
2112 4169 2322 4235 forma

373 4252 621 4337 aliquid
656 4253 890 4319 fuisset
923 4251 1243 4319 divinitus
1277 4253 1644 4319 remissum.
1711 4253 2087 4320 Prohibitos
2120 4255 2322 4322 fuisse

372 4340 457 4405 ab
519 4339 687 4404 atrio
745 4337 873 4404 Dei
923 4338 1297 4405 immundos
1354 4359 1581 4405 omnes
1638 4348 1888 4406 certum
1955 4349 2071 4406 est.
2175 4341 2322 4409 Illic

373 4424 696 4491 sacrificia
748 4424 1132 4495 obtulerunt
1176 4424 1293 4490 filii
1337 4423 1546 4491 Israel
1587 4426 1656 4491 in
1713 4427 2084 4511 praeputio:
2146 4427 2323 4511 quod

371 4509 759 4577 tantundem
792 4510 920 4577 fuit
954 4530 1029 4577 88
1063 4510 1303 4594 pascha
1337 4511 1694 4578 immolare.
1760 4512 1940 4596 Ergo
1976 4513 2324 4579 tolerantia

373 4599 769 4680 permissum
810 4596 945 4662 illis
987 4596 1144 4675 fuit,
1205 4595 1375 4680 quod
1420 4595 1776 4662 secundum
1820 4597 1982 4681 legis
2021 4620 2322 4665 normam

372 4702 510 4748 non
576 4682 828 4749 licebat.
919 4680 1114 4764 Quod
1170 4691 1387 4747 autem
1444 4682 1805 4749 secundum
1859 4683 2023 4750 illud
2079 4686 2326 4769 pascha

375 4775 846 4835 commemorat
888 4769 1136 4845 Moses,
1194 4767 1262 4831 id
1321 4770 1397 4833 fit
1441 4767 1569 4834 alio
1611 4767 1912 4836 consilio:
1973 4791 2210 4855 nempe
2251 4780 2325 4838 ut

373 4854 635 4938 oblique
670 4854 1073 4939 perstringat
1109 4853 1423 4920 incuriam
1463 4863 1532 4920 et
1565 4855 1899 4939 pigritiem
1934 4857 2175 4940 populi,
2212 4859 2324 4941 qui

375 4941 903 5007 anniversarium
947 4958 1206 5007 sacrum
1250 4941 1320 5006 in
1364 4941 1497 5006 fine
1539 4940 1739 5025 primi
1772 4941 1929 5006 anni
1962 4964 2096 5008 non
2126 4943 2323 5011 obiis-

374 5037 478 5093 set
519 5027 649 5092 nisi
708 5026 1101 5092 admonitus.
1192 5025 1339 5093 Etsi
1397 5026 1574 5091 enim
1631 5027 1929 5093 edixerat
1970 5026 2183 5108 Deus,
2250 5037 2326 5096 ut

374 5134 492 5197 per
513 5133 740 5178 omnes
763 5122 1009 5179 aetates
1043 5120 1440 5179 renovarent
1471 5113 1824 5196 quotannis
1859 5112 2324 5198 redemptionis

375 5220 533 5264 81188
588 5199 1003 5277 memoriam,
1070 5199 1203 5264 iam
1262 5208 1417 5264 ante
1476 5200 1676 5265 finem
1735 5198 1894 5264 anni
1947 5199 2325 5283 obrepserat

375 5284 635 5364 oblivio,
681 5294 752 5350 ut
796 5284 866 5349 in
907 5283 1118 5351 officio
1162 5291 1508 5351 cessarent.
1595 5283 1825 5368 Neque
1868 5285 2047 5351 enim
2081 5286 2326 5354 frustra

375 5391 547 5436 novo
592 5370 858 5437 oraculo
906 5380 1250 5455 urgentur:
1311 5370 1424 5436 sed
1484 5371 1635 5454 quia
1686 5378 1917 5455 sponte
1959 5393 2091 5437 non
2135 5381 2326 5439 erant

1598 457 2345 528 COMMENTARIUS
2387 458 2491 525 IN
2534 458 2815 529 IOSUE
2860 459 3061 528 OAP.
3103 461 3189 527 V.

4261 467 4392 534 462

2433 650 2590 716 satis
2648 649 2901 715 attenti.
3007 648 3191 715 Adeo
3248 656 3473 716 autem
3537 652 3716 718 locus
3772 651 3887 719 ille
3956 672 4089 719 non
4155 656 4393 738 probat

2430 735 2759 820 paschatis
2784 734 3019 801 deinde
3053 756 3244 801 usum
3278 730 3708 817 intercidisse,
3745 745 3820 804 ut
3855 738 4210 823 probabilis
4234 741 4389 809 inde

2430 823 2806 888 coniectura
2847 821 2993 888 elici
3038 828 3255 905 queat,
3300 821 3502 889 fuisse
3546 826 3901 907 quotannis
3934 824 4384 894 observatum:

2432 909 2583 990 quia
2624 927 2798 972 8888
2845 915 3144 973 vertente
3189 910 3550 974 antevertit
3574 909 3773 990 Deus,
3818 920 3893 976 ut
3934 912 4003 977 in
4050 922 4387 996 posterum

2432 992 2783 1078 diligenter
2847 999 3188 1073 caverent,
3255 1015 3340 1059 ne
3407 1015 3700 1079 unquam
3767 995 3850 1062 ab
3915 998 4208 1066 iniuncto
4260 999 4383 1065 sibi

2430 1077 2739 1144 mandato
2785 1077 3222 1145 deflecterent.

2607 1165 2708 1229 11.
2759 1162 3077 1230 Postridie
3123 1162 3349 1230 Pesak.
3437 1164 3549 1231 An
3593 1175 3751 1233 tunc
3796 1169 4084 1251 primum
4127 1169 4386 1254 incepe-

2431 1251 2571 1315 rint
2627 1251 2841 1317 tritico
2905 1250 3079 1316 vesci
3150 1269 3284 1316 non
3351 1252 3512 1317 satis
3577 1253 3800 1334 liquet.
3902 1254 4385 1322 Habitaverant

2433 1336 2609 1401 enim
2655 1336 2727 1401 18
2773 1335 3042 1420 regione
3085 1356 3218 1401 non
3262 1337 3542 1416 inculta,
3603 1346 3670 1404 et
3711 1338 4121 1407 mediocriter
4161 1342 4381 1408 fertili.

2430 1420 2629 1488 Certe
2668 1422 2741 1486 in
2786 1421 3066 1487 duorum
3109 1442 3340 1507 regum
3385 1422 3633 1489 ditione
3677 1425 3802 1490 fuit
3845 1446 4145 1493 annonae
4179 1429 4382 1512 copia,

2433 1527 2600 1592 quae
2664 1507 2898 1574 incolis
2963 1506 3316 1573 sufficeret.
3414 1508 3623 1577 Filios
3679 1509 3888 1577 Israel
3945 1533 4173 1597 passos
4237 1534 4383 1580 esse

2431 1593 2765 1677 corrumpi
2822 1601 2891 1659 et
2954 1601 3325 1677 putrescere
3375 1594 3545 1678 quod
3604 1596 3739 1664 illic
3795 1597 4187 1664 invenerant
4243 1600 4383 1665 fru-

2431 1687 2728 1746 mentum
2786 1697 3298 1745 consentaneum
3357 1700 3495 1746 non
3551 1680 3834 1749 videtur.
3923 1684 4176 1751 Carnes
4219 1705 4381 1751 vero

2431 1785 2599 1849 quae
2642 1788 2727 1832 ex
2770 1765 3108 1831 sacrificiis
3149 1765 3490 1832 restabant
3532 1767 3889 1835 comedisse
3938 1790 4075 1835 non
4134 1770 4377 1836 dubito.

2430 1851 2615 1917 Fieri
2655 1851 2880 1951 itaque
2923 1858 3168 1934 potest,
3227 1858 3303 1916 ut
3356 1872 3487 1917 non
3542 1874 3809 1937 prorsus
3867 1856 4303 1922 abstinuerint
4344 1876 4384 1921 a

2430 1958 2602 2021 pane
2645 1939 2932 2004 triticeo:
2973 1945 3040 2002 et
3082 1945 3301 2004 tamen
3338 1958 3378 2003 a
3411 1938 3596 2005 victu
3630 1949 3937 2006 consueto
3971 1962 4102 2007 non
4146 1943 4383 2009 disces-

2430 2025 2656 2088 serint.
2721 2023 2786 2089 N
2789 2043 2896 2088 am
2932 2029 3154 2088 tantae
3188 2022 3597 2090 multitudini
3633 2025 3948 2093 alimenta
3980 2048 4111 2093 888
4146 2049 4384 2112 suppe-

2432 2108 2704 2175 ditasset
2768 2130 2840 2175 re
2890 2109 2983 2184 “8,
3041 2128 3205 2192 quae
3268 2108 3556 2177 decimae
3622 2113 3791 2194 parti
3857 2113 4174 2180 attributa
4235 2113 4379 2180 fuit.

2430 2195 2712 2260 Minime
2755 2215 2862 2260 am
2907 2195 3135 2280 ignum
3181 2202 3282 2259 est
3324 2194 3482 2279 quin
3517 2196 3690 2263 iusta
3718 2200 4084 2265 aestimatio
4117 2209 4384 2266 servata

2427 2281 2659 2359 fuerit,
2718 2301 2919 2364 quum
2979 2279 3142 2346 duas
3198 2282 3410 2347 tribus
3466 2289 3536 2347 et
3594 2281 3932 2349 dimidiam
3976 2285 4197 2352 Moses
4248 2285 4383 2351 illic

2427 2366 2691 2432 locavit.
2782 2367 2962 2450 Ergo
3009 2366 3254 2432 victum
3298 2365 3594 2433 nondum
3638 2378 3869 2435 nactae
3914 2379 4102 2436 erant
4136 2371 4383 2438 duode-

2429 2452 2558 2519 cim
2624 2452 2862 2533 tribus,
2928 2453 3314 2536 praesertim
3381 2475 3581 2537 quum
3648 2453 3818 2520 bello
3886 2463 4145 2522 vastata
4208 2465 4384 2525 esset

2429 2559 2503 2604 re
2553 2538 2613 2604 ‘o
2629 2589 2646 2618 ,
2712 2558 2834 2605 1188
2891 2537 3332 2623 agriculturae
3396 2559 3660 2623 operam
3727 2539 3961 2606 darent
4017 2541 4382 2623 Israelitae,

2430 2623 2667 2708 quibus
2715 2630 2940 2689 tutum
2983 2644 3113 2690 non
3158 2631 3301 2690 erat
3344 2646 3384 2691 a
3426 2626 3659 2692 8881118
3715 2624 4063 2694 discedere.
4154 2627 4382 2710 Quare

2430 2729 2585 2775 man
2629 2710 2707 2777 ad
2754 2731 2864 2777 888
2908 2709 3172 2776 81881188
3215 2713 3652 2777 necessarium
3697 2712 3840 2794 fuit,
3884 2712 4087 2779 donec
4128 2714 4381 2798 plenior

2429 2794 2803 2880 obtingeret
2836 2796 3048 2880 copia:
3095 2795 3265 2879 quod
3300 2797 3548 2863 factum
3582 2806 3684 2864 est
3717 2798 3788 2863 in
3825 2806 4004 2865 terra
4025 2799 4379 2866 Chanaan:

2428 2880 2703 2967 ideoque
2766 2889 2924 2948 tunc
2982 2883 3228 2948 reversi
3286 2890 3444 2949 sunt
3497 2883 3580 2949 ad
3639 2904 4051 2951 communem
4109 2887 4377 2952 victum.

2429 2967 2570 3035 Gur
2605 2974 2824 3034 autem
2859 2967 2928 3031 in
2965 2967 3155 3033 illum
3178 2989 3384 3052 usque
3420 2968 3592 3036 diem
3630 2969 4023 3052 distulerint,
4059 2972 4377 3038 nescitur:

2425 3053 2556 3120 nisi
2600 3052 2772 3137 quod
2814 3054 3064 3120 sanatis
3108 3053 3491 3121 vulneribus
3534 3055 3673 3121 dies
3717 3056 3966 3140 aliquot
3998 3076 4380 3124 consumere

2427 3139 2713 3223 oportuit
2746 3138 2817 3204 18
2853 3137 3218 3223 colligenda
3251 3159 3544 3206 annona:
3590 3162 3828 3225 panem
3867 3162 4023 3210 vero
4058 3145 4378 3211 conficere

2428 3247 2562 3291 non
2598 3225 2970 3309 permiserit
3005 3224 3252 3309 religio,
3290 3248 3375 3291 ne
3410 3225 3800 3293 sabbathum
3837 3228 4182 3295 violarent.
4229 3229 4378 3296 Etsi

2429 3318 2650 3376 autem
2687 3318 2912 3376 sancta
2944 3310 3077 3376 illis
3111 3310 3233 3377 fuit
3269 3312 3475 3395 quies,
3512 3333 3596 3378 ex
3631 3313 4123 3379 circumstantia
4155 3322 4377 3381 tamen

2427 3396 2758 3481 colligitur
2785 3396 3162 3463 festinasse:
3198 3397 3352 3480 quia
3387 3398 3516 3463 iam
3552 3406 3705 3465 ante
3728 3410 3955 3483 parata
3975 3408 4117 3466 erat
4137 3400 4376 3466 farina:

2470 3504 2629 3548 uum
2688 3481 2931 3549 molere
2986 3490 3051 3548 et
3121 3503 3395 3567 coquere
3460 3505 3593 3549 uno
3659 3484 3764 3552 die
3827 3506 3959 3551 non
4021 3486 4374 3570 potuerint.

2426 3504 2761 3652 Quidquid
2826 3568 2942 3648 sit,
3020 3568 3257 3634 viatico
3331 3577 3762 3653 prosequutus
3834 3578 3937 3637 est
4003 3593 4114 3638 888
4172 3573 4374 3651 Deus,

2425 3653 2739 3739 quamdiu
2779 3655 3090 3738 penuriae
3134 3654 3662 3722 subveniendum
3704 3657 3845 3722 fuit.
3912 3656 4109 3739 Quod
4153 3669 4376 3724 autem

2424 3739 2716 3807 subitum
2759 3748 2828 3806 et
2869 3741 2940 3805 in
2983 3739 3124 3825 ipso
3170 3741 3445 3808 articulo
3487 3762 3638 3807 man
3686 3741 3952 3822 defecit,
3996 3743 4220 3810 valere
4265 3743 4376 3810 de-

2422 3826 2568 3893 buit
2608 3825 2691 3891 ad
2735 3825 3214 3893 testificandam
3258 3847 3487 3893 rursus
3510 3827 3636 3893 Dei
3800 3829 3996 3896 tiam:
4036 3830 4188 3913 quia
4223 3827 4375 3895 inde

2423 3913 2729 3997 apparuit
2762 3933 2919 3978 man
2963 3913 3317 3997 temporale
3360 3912 3565 3980 fuisse
3608 3934 3686 3978 su
3762 3913 3990 3995 idium,
4035 3915 4203 3999 quod
4242 3936 4376 3980 non

2422 4010 2559 4064 tam
2573 4020 2657 4065 ex
2676 3997 2960 4065 nubibus
2982 4018 3180 4083 quam
3201 4008 3478 4083 paterna
3491 3998 3619 4064 Dei
3630 4019 3748 4083 pro
3757 3999 4046 4067 videntia
4069 4001 4374 4066 fluxerat.

2424 4086 2630 4151 Porro
2675 4084 2756 4150 de
2799 4090 3126 4168 proventu
3169 4086 3330 4151 anni
3372 4083 3727 4169 superioris
3768 4085 3893 4153 hoc
3934 4107 4078 4153 esse
4129 4086 4377 4152 intelli-

2425 4169 2716 4258 gendum
2773 4177 2987 4254 patet,
3061 4190 3136 4236 ac
3201 4171 3649 4255 quaestionem
3707 4192 3786 4237 ea
3842 4171 3923 4238 de
3976 4193 4049 4238 re
4114 4192 4379 4238 movere

2424 4277 2909 4409 sulpfirvacuurzi
2934 4265 3070 4406 etet:
3105 4257 3259 4340 quia
3290 4257 3490 4408 ndmis
3560 4256 4026 4409 mipitaeoer
4047 4258 4382 4411 volasset&

2424 4363 2463 4408 a
2593 4362 2832 4408 ornum
2897 4362 3160 4408 1118881
3196 4363 3328 4409 888
3374 4363 3488 4409 um
3569 4363 3692 4408 ene
3727 4363 3830 4409 me
3906 4364 4086 4409 rum:
4124 4365 4159 4409 e
4223 4364 4305 4410 an

2424 4449 2720 4496 mensem
2777 4427 2892 4494 vix
2949 4448 3335 4495 coacervare
3380 4436 3683 4512 poterant
3725 4429 3896 4513 qnod
3939 4438 4164 4496 tantae
4205 4430 4374 4495 mul-

2424 4515 2691 4581 titudini
2731 4513 3079 4580 sufficeret.
3167 4514 3307 4582 Cur
3348 4534 3507 4598 ergo
3545 4514 3621 4580 in
3665 4536 3740 4579 re
3783 4523 3919 4581 tam
3964 4515 4142 4582 clara
4193 4514 4374 4581 labo-

2427 4609 2575 4668 rent
2617 4601 3005 4684 interpretes
3022 4650 3037 4681 ,
3082 4620 3214 4666 non
3256 4600 3468 4668 video.

2601 4686 2701 4752 11.
2753 4686 3006 4753 Accidit
3045 4705 3238 4768 quum
3280 4685 3486 4753 Iosue.
3574 4686 3707 4753 Hic
3763 4687 4044 4753 refertur
4098 4686 4372 4769 insignis

2426 4772 2612 4852 visio,
2657 4791 2784 4856 qua
2827 4769 3119 4838 redditus
3135 4778 3142 4785 “
3160 4771 3287 4837 fuit
3321 4773 3675 4839 animosior
3696 4772 3907 4838 Iosue.
3975 4771 4372 4855 Quanquam

2426 4866 2647 4925 autem
2682 4878 2925 4923 munus
2960 4878 3157 4923 suum
3191 4866 3457 4925 81188118
3491 4858 3731 4939 obibat,
3776 4859 3939 4924 utile
3975 4865 4195 4923 tamen
4229 4857 4372 4938 fuit,

2425 4943 2716 5011 currenti
2759 4942 2974 5010 calcar
3017 4942 3273 5010 addere.
3340 4944 3570 5028 Neque
3613 4953 3834 5010 tamen
3879 4942 4188 5028 privatim
4232 4943 4373 5011 eius

2425 5052 2622 5099 causa
2656 5031 2963 5114 apparuit
2999 5030 3294 5115 angelus,
3331 5029 3446 5097 sed
3481 5028 3565 5096 ad
3587 5029 4146 5096 confirmationem
4169 5028 4375 5096 totius

2423 5116 2669 5201 populi.
2758 5114 2904 5181 1188
2948 5116 3209 5201 longius
3251 5116 3540 5200 respexit
3585 5117 3797 5196 Deus,
3858 5123 3935 5180 ut
3990 5114 4375 5181 certioribus

2426 5201 2837 5269 documentis
2880 5208 3187 5269 testatam
3231 5202 3507 5287 posteris
3550 5202 3793 5269 faceret
3835 5201 4114 5286 gratiam
4132 5250 4148 5279 ,
4207 5222 4374 5285 quae

2428 5307 2765 5372 nunquam
2822 5288 2983 5354 88118
3038 5309 3330 5373 expensa
3384 5288 3527 5353 fuit.
3618 5286 3767 5353 Etsi
3809 5287 3983 5352 enim
4029 5288 4374 5372 magnifice

2425 5375 2754 5442 iactabant
2789 5394 2859 5440 se
2885 5372 3012 5440 Dei
3045 5395 3247 5441 mann
3281 5374 3609 5458 plantatos
3646 5392 3789 5439 esse
3822 5372 3894 5438 in
3916 5380 4094 5439 terra
4115 5379 4372 5440 sancta:
