5017 6142
530 381 613 447 71
1957 378 2368 446 REDITUS
2414 380 2543 445 AD
2586 376 3132 445 HISTORIAM.

534 573 609 637 in
646 570 844 636 medio
889 569 1483 653 maloqranatorum‚
1543 570 1614 635 in
1669 568 1944 651 fimbriis
1979 567 2172 651 pallii
2202 588 2324 648 per
2365 568 2487 632 cir·-

537 657 790 734 cuitum,
836 656 906 720 in
940 656 1157 734 medio,
1203 656 1480 737 inquam.
1523 655 2117 738 maloyranatorum
2186 653 2290 718 26.
2336 653 2486 717 Tin-

538 740 932 808 tinnabulum
974 747 1030 807 et
1069 741 1570 824 maloqranatum
1585 791 1600 819 ,
1659 739 2145 805 tintinnabulum
2197 744 2254 803 et
2292 737 2485 803 malo-

534 832 876 913 qranatum
918 828 988 892 in
1032 826 1304 909 fimbriis
1332 826 1535 910 pallii
1569 828 1639 891 in
1672 826 1955 905 circuitu,
1998 826 2085 891 ad
2116 824 2486 890 ministran-

538 915 692 980 dum
706 965 723 994 ,
792 914 1307 995 quemadmodum
1360 917 1764 994 praeceperat
1822 910 2050 976 Iebova
2105 911 2235 992 ipsi
2290 908 2481 976 Mosi.

540 999 646 1065 27.
697 998 850 1066 Post
890 999 1041 1064 baec
1076 999 1348 1081 fecerunt
1389 999 1634 1064 manicas
1668 1018 1747 1062 ex
1785 997 1966 1079 bysso
2002 1016 2184 1078 opere
2217 996 2481 1060 tea-torio

540 1086 674 1167 ipsi
732 1084 1000 1151 Aharon
1057 1090 1115 1150 et
1165 1083 1292 1165 filii
1350 1084 1518 1150 eius.-
1611 1084 1715 1150 28.
1782 1081 2049 1147 Mitram
2104 1101 2340 1165 quoque
2406 1101 2484 1145 ex

541 1172 721 1254 bysso
734 1223 750 1251 ,
817 1175 874 1236 et
927 1171 1153 1237 decora
1210 1170 1569 1253 ⁴qalerorum
1623 1189 1701 1235 ex
1769 1168 1978 1253 bysso,
2045 1173 2103 1233 et
2150 1165 2483 1251 feminalia

540 1257 711 1323 linea
774 1276 852 1322 ex
915 1255 1093 1340 bysso
1148 1260 1415 1322 retorta.-
1510 1255 1615 1321 29.
1679 1253 1974 1319 Balteum
2017 1258 2346 1337 praeterea
2403 1272 2483 1316 ex

541 1342 720 1427 bysso
760 1346 990 1407 retorta
1004 1392 1020 1420 ,
1064 1345 1121 1407 et
1160 1339 1488 1441 hyacintho
1507 1390 1521 1417 ,
1567 1347 1625 1407 et
1652 1360 1953 1422 purpura
1973 1387 1988 1416 ‚
2047 1344 2104 1404 et
2142 1338 2480 1404 vermiculo

538 1448 772 1580 &3350
805 1446 984 1597 0Ξῖ-
1010 1427 1438 1579 ἐὶζΨἭ
1465 1426 2485 1609 meffffliffl'fflffl

537 1619 799 1666 coronae
831 1597 1345 1680 sanctificationis
1379 1618 1457 1664 ex
1491 1618 1652 1664 auro
1666 1618 1854 1682 puro,
1889 1599 2389 1678 scripseruntque
2409 1615 2478 1658 in

538 1706 623 1837 {c}
633 1687 954 1836 scrgtura
972 1686 1436 1784 caelaturarum
1457 1685 1708 1851 annu'g:
1727 1683 2042 1832 Sanititas
2060 1683 2192 1833 itpzsi
2205 1680 2487 1832 ΙεΙιουαὲ.»ἐ

859 1775 1255 1837 inseruerunt
1294 1791 1364 1834 in
1419 1790 1557 1835 eam
1679 1789 1787 1835 um
1933 1789 2074 1833 acm
2141 1788 2352 1843 inum,

527 1862 869 1942 poneretur
908 1877 1101 1937 super
1141 1858 1375 1922 tiaram
1417 1875 1697 1939 superne,
1742 1792 2258 1937 quergadmodum
2290 1873 2482 1937 prae·

542 1947 785 2027 ceperat
828 1941 1056 2007 Iebova
1100 1941 1303 2007 Mosi..
1380 1942 1483 2007 32.
1533 1941 1883 2024 Perfectum
1928 1946 2015 2006 est
2056 1940 2254 2024 iqitur
2294 1942 2485 2005 totum

544 2049 705 2111 opus
745 2028 1131 2094 tabernaculi
1171 2028 1615 2094 conventionis.-
1670 2033 1730 2091 et
1776 2027 2053 2109 fecerunt
2101 2025 2231 2107 filii
2275 2025 2485 2091 Israel

542 2117 726 2181 iuccta
776 2115 991 2180 omnia
1033 2134 1194 2197 quae
1236 2118 1643 2196 praeceperat
1685 2112 1912 2178 Ich-ova
1960 2113 2092 2193 ipsi
2133 2110 2333 2188 Mosi,
2392 2112 2486 2175 sic

539 2203 830 2285 fecerunt.
930 2200 1033 2265 33.
1100 2200 1580 2282 Attuleruntque
1641 2198 2110 2265 tabernaculum
2172 2195 2336 2262 illud
2401 2196 2486 2261 ad

545 2287 786 2366 Mosen,
820 2286 1281 2352 tabernaculum
1319 2290 1376 2350 et
1409 2286 1620 2352 omnia
1651 2305 1811 2350 vasa
1843 2285 1997 2361 eius,
2034 2283 2297 2349 circulos
2330 2283 2485 2361 eius,

542 2373 792 2439 tabulas
847 2375 1014 2449 eius,
1070 2376 1272 2470 vectes·
1307 2372 1472 2451 eius,
1530 2377 1586 2437 et
1624 2370 1946 2437 columnas
1986 2370 2124 2468 eius
2140 2420 2155 2448 ,
2212 2373 2267 2433 et
2310 2368 2486 2469 bases

540 2457 913 2620 ῗαιῖὂῗπαύῗὲ
936 2456 1410 2625 ποῳεήοέιῖὶι
1443 2477 1818 2624 ἕωαοὲεἳῗὶὂῖἒ
1843 2455 2157 2619 law
2196 2459 2488 2640 §.zm

544 2630 921 2715 operimenti.
1010 2628 1113 2694 35.
1162 2628 1400 2693 Arcam
1450 2629 1819 2704 testimonii,
1876 2631 1933 2694 et
1984 2632 2174 2694 vectes
2214 2646 2383 2704 eius,
2428 2630 2485 2690 et

530 2715 1075 2802 propitiatorium,
1132 2714 1236 2779 36.
1285 2713 1594 2791 Mensam,
1639 2715 1852 2778 omnia
1893 2734 2052 2779 vasa
2092 2713 2230 2779 eius
2270 2716 2326 2778 et
2356 2731 2480 2793 pa-

545 2822 687 2867 nem
746 2801 1070 2883 facierum.
1179 2799 1281 2865 37.
1353 2798 1803 2865 Candelabrum
1856 2818 2132 2881 purum,
2198 2799 2483 2864 lucernas

546 2890 702 2967 eius,
722 2887 1007 2952 lucernas
1026 2887 1293 2968 inquam
1330 2886 1769 2964 ordinationis,
1798 2890 1854 2950 et
1883 2886 2098 2949 omnia
2135 2904 2290 2950 vasa
2323 2884 2478 2962 eius,

545 2979 606 3040 et
646 2973 848 3039 oleum
883 2972 1239 3050 luminaris,
1326 2970 1427 3037 38.
1475 2970 1565 3036 Et
1606 2970 1803 3036 altare
1844 2990 2136 3049 aureum,
2191 2974 2249 3034 et
2283 2968 2482 3034 oleum

542 3059 874 3139 unctionis,
914 3063 971 3123 et
1010 3057 1430 3139 suffimentum
1467 3058 1889 3136 aromaticum,
1933 3061 1989 3120 et
2030 3056 2324 3121 aulaeum
2353 3072 2479 3137 pro

545 3147 701 3213 ostio
743 3143 1142 3209 tabernaculi.
1215 3142 1319 3208 39.
1367 3142 1589 3208 Altare
1622 3162 1891 3219 aereum,
1937 3146 1993 3206 et
2033 3141 2304 3207 cribrum
2345 3140 2483 3206 eius

545 3250 823 3309 aereum,
879 3234 1071 3295 vectes
1112 3229 1282 3307 eius,
1328 3233 1384 3293 et
1423 3229 1632 3293 omnia
1674 3248 1831 3293 vasa
1871 3229 2038 3306 eius,
2083 3232 2139 3291 et
2179 3226 2480 3302 concham,

547 3322 607 3383 et
646 3315 849 3381 basim
890 3315 1042 3380 eius.
1132 3314 1235 3379 40.
1282 3314 1571 3380 Certinas
1612 3314 1795 3396 atrii,
1850 3318 1905 3379 et
1954 3313 2277 3380 columnas
2329 3313 2484 3390 eius,

548 3407 608 3467 et
648 3400 826 3466 bases
864 3402 1031 3477 eius,
1090 3405 1147 3466 et
1196 3399 1489 3466 aulaeum
1528 3420 1652 3484 pro
1707 3405 1892 3486 porta
1950 3400 2136 3480 atrii,
2191 3403 2248 3464 et
2299 3397 2488 3480 funes

545 3489 713 3567 eius,
756 3491 812 3553 et
843 3486 1029 3569 palos
1067 3487 1205 3552 eius
1220 3536 1236 3564 ,
1279 3491 1334 3550 et
1376 3487 1591 3551 omnia
1631 3506 1791 3551 vasa
1831 3486 2169 3550 ministerii
2208 3482 2490 3550 taberna-

548 3573 709 3651 culi,
765 3571 1147 3639 tabernaculi
1189 3573 1623 3637 conventionis.
1711 3570 1815 3637 41.
1895 3571 2104 3637 Vestes
2145 3569 2490 3635 ministerii

548 3661 636 3726 ad
677 3658 1168 3724 ministrandum
1224 3657 1296 3723 in
1350 3658 1712 3723 sanctuario
1728 3706 1743 3736 ‚
1809 3662 2001 3723 vestes
2053 3661 2304 3721 sanctas
2360 3655 2490 3737 ipsi

548 3745 816 3812 Abaron
859 3744 1192 3824 sacerdoti,
1250 3748 1308 3808 et
1343 3748 1535 3809 vestes
1572 3742 1852 3824 filiorum
1892 3744 2032 3808 eius
2049 3793 2063 3820 ,
2109 3743 2193 3807 ad
2231 3742 2491 3825 funqen-

548 3833 701 3899 dum
757 3830 1114 3896 sacerdotio.
1204 3828 1307 3893 42.
1369 3827 1566 3894 quta
1622 3830 1831 3894 omnia
1887 3849 2045 3910 quae
2093 3829 2492 3909 praeceperat

549 3917 779 3984 Iehova
818 3915 1010 3990 Mosi,
1056 3917 1148 3981 sic
1187 3915 1464 3996 fecerunt
1501 3914 1631 3996 filii
1665 3913 1875 3980 Israel
1906 3915 2271 3979 universum
2311 3932 2484 3995 opus.

544 4003 649 4068 43.
708 4003 943 4068 Videns
972 4021 1115 4066 vero
1153 4000 1364 4066 Moses
1407 4002 1767 4066 universum
1810 4020 1982 4084 opus,
2025 4000 2187 4083 quod
2219 4017 2490 4082 prorsus

540 4089 830 4242 {egissent
853 4087 1034 4239 z{llud
1074 4087 1588 4170 quemadmodum
1637 4092 2037 4168 praeceperat
2081 4083 2338 4162 chova,
2394 4084 2490 4149 be·-

662 4175 787 4239 ixit
826 4175 851 4238 i
898 4173 976 4238 is.

720 4347 777 4411 1.
820 4341 932 4410 Ex
971 4343 1294 4427 hyacintho
1335 4347 1578 4421 autem,
1619 4347 1722 4409 etc.
1813 4342 1957 4408 Hoc
2008 4342 2218 4426 capite
2275 4341 2488 4425 magis

544 4439 851 4499 accurata
904 4431 1179 4495 vestitus
1237 4427 1657 4496 sacerdotalis
1730 4429 2079 4511 descriptio
2148 4431 2486 4510 repetitur,

544 4539 741 4603 quam
765 4517 820 4582 si
846 4517 926 4582 de
948 4537 1019 4580 re
1055 4516 1311 4599 vulgari
1350 4514 1550 4580 verba
1587 4516 1836 4580 fierent.
1884 4515 1972 4579 Et
1995 4523 2171 4580 certe
2195 4535 2394 4596 quum
2417 4512 2490 4578 in

543 4624 828 4690 persona
849 4601 1201 4667 sacerdotis
1227 4600 1308 4666 ad
1334 4603 1556 4666 vivum
1582 4622 1930 4683 expressus
1955 4601 2148 4665 fuerit
2164 4599 2488 4680 Christus,

546 4692 708 4756 haec
762 4689 1109 4772 praecipua
1165 4708 1316 4769 pars
1373 4686 1499 4750 fuit
1563 4686 1776 4752 cultus
1829 4686 2080 4772 legalis.
2184 4686 2274 4750 Et
2331 4684 2489 4750 alibi

542 4777 964 4861 exposuimus
999 4794 1194 4857 quam
1231 4794 1363 4837 non
1401 4772 1598 4838 fuerit
1631 4773 1847 4838 inanis
1884 4792 2139 4856 pompa,
2185 4779 2260 4837 ut
2295 4770 2487 4837 hodie

545 4861 823 4929 sacrifici
901 4859 1198 4942 papales,
1275 4880 1400 4942 quo
1466 4857 1588 4924 sibi
1655 4860 2060 4924 maiestatem
2123 4858 2484 4941 acquirant,

542 4947 945 5034 simplicium
1010 4945 1462 5029 perstringunt
1527 4945 1745 5009 oculos
1805 4946 2082 5009 vestium
2139 4943 2485 5026 splendore

542 5044 611 5100 et
653 5034 1001 5118 magnifico
1061 5043 1410 5115 apparatu:
1480 5029 1595 5095 sed
1639 5031 1855 5114 potius
1899 5040 1975 5095 ut
2018 5030 2151 5096 illic
2193 5029 2486 5094 subiecta

543 5121 790 5186 fuerint
832 5119 1172 5184 hominum
1219 5116 1422 5183 oculis
1466 5135 1889 5199 quaecunque
1929 5116 1998 5180 in
2025 5115 2290 5182 Christo
2332 5136 2486 5180 con-

543 5206 835 5273 siderare
901 5202 1094 5270 debet
1161 5203 1342 5269 fides.
1454 5201 1761 5268 Vidimus
1824 5203 2171 5285 praecipue
2236 5212 2485 5284 quanta

539 5291 861 5378 mysteria
903 5291 1303 5359 continuerit
1346 5289 1539 5367 tiara,
1601 5308 1765 5372 quae
1824 5289 2133 5354 sanctitas
2193 5297 2334 5352 erat
2377 5286 2481 5351 Ie·

4445 375 4531 441 72

2588 567 2817 647 hovae,
2859 579 2925 633 et
2966 585 3223 632 sacrum
3268 565 3501 650 ephod,
3547 565 3659 632 ubi
3700 564 4041 650 fulgebant
4075 564 4194 630 lux
4229 566 4528 631 veritatis

2586 659 2655 718 et
2694 653 2867 718 vitae
2908 652 3272 737 integritas,
3315 653 3427 718 ubi
3472 652 3767 738 symbola
3809 660 3997 717 erant
4031 649 4373 717 duodecim
4409 649 4525 717 tri-

2585 736 2806 818 buum,
2852 747 2925 803 ut
2967 738 3269 804 sacerdos
3311 739 3626 823 populum
3668 738 3882 821 ipsum
3929 738 4220 803 humeris
4262 745 4332 802 et
4373 748 4527 805 ante

2583 835 2808 907 pectus
2853 834 3157 909 gestaret,
3250 844 3331 890 uo
3377 826 3446 890 in
3493 824 3693 890 unius
3736 843 4019 907 persona
4061 842 4289 890 omnes
4333 823 4522 888 fami-

2587 910 2835 975 liariter
2908 929 3125 977 coram
3261 931 3338 976 eo
3405 910 3811 976 sisterentur.
3926 912 4142 992 Atque
4207 910 4277 973 in
4345 909 4523 975 hunc

2585 997 2780 1061 finem
2838 996 3079 1080 septies
3138 996 3425 1062 inculcat
3476 996 3897 1079 particulam:
3957 993 4524 1076 Quemadmodum

2583 1094 3003 1165 praeceperat
3049 1081 3295 1148 Iehova
3337 1081 3537 1147 Mosi:
3597 1102 3763 1166 quae
3820 1089 3996 1148 certe
4041 1080 4121 1147 ad
4168 1080 4521 1148 concilian-

2584 1166 2736 1232 dam
2783 1168 3211 1235 attentionem
3259 1167 3451 1233 valet.

2753 1253 2857 1319 32.
2929 1252 3277 1337 Perfectum
3339 1254 3551 1337 iqitur.
3661 1251 3726 1317 N
3731 1274 3856 1319 unc
3923 1252 4240 1317 attexitur
4305 1250 4524 1317 brevis

2583 1360 2872 1416 summa,
2933 1360 3100 1423 quae
3153 1339 3487 1424 significat
3545 1338 3728 1404 nulla
3783 1340 3851 1404 in
3911 1349 4094 1422 parte
4152 1337 4358 1404 fuisse
4415 1337 4522 1403 vel

2585 1426 2928 1489 minimum
3009 1424 3355 1492 defectum:
3438 1427 3506 1490 in
3574 1445 3704 1509 qua
3766 1446 3996 1491 rursus
4062 1424 4285 1490 scribit
4349 1423 4520 1489 filios

2584 1510 2792 1575 Israel
2833 1513 2926 1577 sic
2971 1513 3263 1595 paruisse
3307 1511 3448 1576 Deix
3476 1510 3833 1588 mandatis,
3893 1518 3968 1576 ut
4020 1529 4183 1594 opus
4225 1510 4436 1594 ipsum
4483 1529 4525 1573 a

2582 1596 2812 1681 regula
2868 1618 2991 1662 sua
3050 1597 3211 1662 nihil
3272 1596 3583 1662 differret.
3673 1597 4034 1675 Fecerunt,
4101 1595 4342 1679 inquit,
4401 1594 4521 1661 filii

2584 1682 2790 1749 Israel
2825 1683 3183 1749 secundum
3219 1685 3453 1760 omnia,
3499 1683 3593 1748 sic
3625 1682 3919 1747 fecerunt
3952 1691 4031 1747 ut
4055 1679 4235 1748 Deus
4267 1701 4528 1767 praece-

2585 1778 2772 1852 perat
2829 1769 3017 1835 Mosi.
3115 1766 3307 1835 Unde
3371 1768 3739 1850 colligimus
3801 1767 3982 1833 nulla
4037 1769 4328 1846 mixtura
4382 1788 4524 1834 cor-

2585 1864 2844 1937 ruptam
2883 1854 3081 1921 fuisse
3103 1855 3306 1919 ullam
3332 1853 3607 1920 aedificii
3646 1862 3920 1938 partem.
3988 1852 4276 1919 Additur
4300 1861 4525 1937 postea

2583 1940 3077 2007 tabernaculum
3137 1960 3285 2006 cum
3359 1941 3493 2005 suis
3552 1940 3729 2006 vasis
3788 1951 3856 2005 et
3911 1939 4314 2024 supellectile
4371 1959 4523 2022 pro-

2586 2024 2855 2093 ductum
2911 2025 3110 2092 fuisse
3164 2046 3380 2091 coram
3426 2025 3641 2106 Mose,
3702 2026 4048 2109 omniaque
4108 2026 4250 2092 eius
4293 2024 4532 2090 iudicio

2587 2112 2788 2178 fuisse
2848 2113 3138 2196 probata.
3242 2112 3585 2178 Postremo
3651 2110 3991 2177 subiicitur
4049 2112 4262 2177 fausta
4321 2111 4532 2177 Mosis

2586 2198 2874 2280 precatio
2940 2201 3009 2262 in
3076 2196 3335 2262 laudem
3418 2196 3840 2263 obedientiae.
3951 2198 4278 2264 Narratur
4357 2199 4534 2262 enim

2590 2285 2820 2349 Mosen
2864 2283 2994 2349 illis
3037 2281 3468 2362 benedixisse,
3514 2282 3682 2366 quod
3728 2282 3856 2349 Dei
3901 2284 4178 2368 imperio
4223 2283 4424 2368 probe
4467 2290 4534 2349 et

2589 2369 2870 2434 fideliter
2913 2369 3304 2452 paruissent.
3382 2368 3773 2453 Quanquam
3822 2390 3953 2435 non
3996 2369 4123 2434 fuit
4168 2370 4329 2436 haec
4373 2369 4530 2435 sim-

2590 2454 2743 2538 plex
2788 2464 3045 2520 tantum
3091 2455 3378 2538 precatio
3422 2464 3494 2520 ut
3541 2455 3824 2520 hominis
3866 2455 4143 2538 privati:
4205 2454 4320 2521 sed
4366 2476 4533 2520 mer-

2587 2540 2762 2607 cedis
2826 2540 3199 2625 promissio,
3266 2561 3431 2624 quae
3496 2541 3747 2607 animos
3803 2541 4022 2625 populi
4080 2541 4160 2606 ad
4221 2541 4528 2608 fiduciam

2588 2628 2899 2712 erigeret,
2961 2648 3165 2711 quum
3215 2626 3522 2692 audirent
3578 2649 3659 2692 ex
3715 2647 3828 2691 ore
3883 2628 4116 2711 optimi
4160 2637 4228 2693 et
4270 2626 4526 2693 indubii

2586 2714 2769 2779 testis
2803 2712 3090 2779 laborem
3133 2733 3324 2778 suum
3369 2714 3510 2778 Deo
3556 2713 3828 2796 placere.

3153 3055 3285 3122 EX
3330 3053 3526 3121 EXO
3535 3055 3632 3120 DI
3676 3052 3940 3121 XXIV.

2764 3229 2818 3291 1.
2872 3225 2962 3291 Et
3012 3226 3175 3293 dixit
3215 3228 3301 3293 ad
3347 3225 3601 3293 Mosen.-
3645 3227 3926 3294 Ascende
3972 3227 4060 3293 ad
4104 3226 4414 3307 lehovam,
4459 3232 4529 3292 tu

2590 3317 2647 3376 et
2687 3311 2990 3391 Aharon,
3044 3312 3273 3379 Nadab
3315 3318 3370 3378 et
3411 3312 3657 3393 Abihu,
3711 3319 3769 3379 et
3823 3315 4216 3398 septuaqinta
4258 3335 4291 3379 e
4332 3314 4532 3380 senio-

2587 3397 2765 3464 ribus
2819 3397 3058 3476 Israel,
3124 3403 3181 3464 et
3234 3399 3578 3465 adorabitis
3620 3399 3865 3481 procul.
3954 3399 4013 3464 2.
4084 3398 4272 3465 Solus
4324 3403 4531 3465 autem

2590 3483 2806 3550 Moses
2831 3484 3142 3566 perveniet
3174 3485 3259 3549 ad
3281 3483 3601 3551 Iebovam:
3642 3487 3774 3569 ipsi
3806 3504 3950 3550 vero
3992 3504 4120 3551 non
4149 3486 4532 3568 pervenient,

2588 3589 2695 3635 nec
2737 3570 3015 3652 populus
3072 3570 3358 3637 ascendet
3396 3590 3535 3636 cum
3578 3591 3662 3637 eo.
3753 3571 3811 3637 3.
3872 3572 4050 3637 Venit
4110 3591 4255 3655 erqo
4299 3570 4531 3652 Moses,

2588 3660 2644 3719 et
2703 3657 2989 3722 narravit
3041 3655 3275 3739 populo
3338 3658 3548 3723 omnia
3611 3657 3791 3722 verba
3845 3655 4131 3738 Iebovae,
4199 3658 4532 3739 omniaque

2588 3741 2848 3807 iudicia.
2941 3741 3029 3807 Et
3069 3742 3390 3824 respondit
3430 3746 3591 3807 totus
3623 3742 3900 3825 populus
3938 3763 4073 3808 una
4114 3762 4267 3823 voce,
4314 3763 4389 3809 ac
4430 3743 4531 3808 di-

2587 3832 2845 3893 ruerunt.-
2896 3828 3304 3909 Quaecunque
3344 3828 3530 3894 verba
3572 3828 3860 3911 loquums
3898 3834 3990 3894 est
4033 3827 4292 3908 Iebova,
4343 3829 4536 3911 facie·

2588 3933 2750 3978 mus.
2837 3912 2899 3979 4.
2957 3911 3344 4001 (Scripserat
3400 3918 3607 3980 autem
3664 3913 3874 3979 Moses
3930 3916 4144 3980 omnia
4197 3915 4384 3981 verba
4426 3912 4534 3981 Ie-

2590 3997 2837 4086 bovae).·
2879 4019 3259 4083 surqensque
3299 4019 3483 4065 manc
3528 4000 3879 4081 aedificavit
3918 4000 4120 4067 altare
4161 4000 4277 4066 sub
4317 4004 4534 4081 monte,

2592 4089 2648 4149 et
2688 4084 3006 4153 duodecim
3047 4090 3294 4152 statuas
3333 4086 3666 4152 secundum
3707 4086 4025 4152 duodecim
4065 4086 4265 4153 tribus
4301 4085 4534 4153 Israel.

2590 4170 2649 4236 5.
2697 4170 3003 4254 Misitque
3032 4171 3312 4238 iuniores
3339 4170 3621 4252 filiorum
3646 4171 3868 4247 Israel,
3912 4173 4025 4254 qui
4057 4172 4537 4238 immolaverunt

2588 4256 2974 4335 holocausta,
3020 4262 3077 4323 et
3129 4258 3637 4339 sacrificaverunt
3688 4258 4007 4339 sacrificia
4042 4262 4535 4341 prosperitatum

2587 4343 2720 4424 ipsi
2762 4341 3055 4422 Iehovae,
3096 4342 3339 4408 vitulos.
3428 4344 3486 4409 6.
3534 4342 3624 4408 Et
3856 4345 3893 4409 ‘t
3936 4343 4147 4410 Moses
4188 4344 4532 4411 dimidium

2589 4430 2937 4512 sanquinis‚
2983 4433 3039 4494 et
3069 4430 3291 4509 posuit
3324 4430 3394 4494 in
3434 4429 3805 4495 crateribus.-
3847 4430 4183 4496 dimidium
4214 4450 4355 4496 vero
4389 4450 4536 4496 san·

2584 4515 2806 4598 quinis
2837 4515 3075 4598 sparsit
3106 4535 3297 4596 super
3328 4515 3544 4581 altare.
3616 4516 3673 4581 7.
3726 4516 4014 4599 Sumpsit
4045 4516 4268 4582 deinde
4304 4516 4540 4582 libmm

2586 4599 2890 4679 foederis,
2949 4605 3006 4664 et
3063 4601 3210 4684 leqit
3260 4600 3332 4666 in
3385 4601 3650 4667 auribus
3696 4603 3960 4689 populi.-
4023 4603 4135 4684 qui
4200 4602 4534 4667 dixerunt.-

2598 4687 2998 4769 Quaecunque
3059 4686 3222 4752 dixit
3285 4686 3515 4753 Iebova
3533 4739 3547 4764 ,
3625 4688 3961 4771 faciemus,
4038 4693 4095 4753 et
4164 4686 4532 4754 obediemus.

2591 4772 2649 4837 8.
2704 4772 2881 4838 Tulit
2936 4792 3170 4855 quoque
3214 4770 3424 4838 Moses
3481 4775 3853 4857 sanquinem
3866 4822 3884 4853 ,
3940 4778 3997 4838 et
4048 4775 4291 4854 sparsit
4342 4794 4536 4856 super

2577 4858 2916 4941 populum,
2961 4877 3036 4923 ac
3074 4858 3272 4924 dioeit:
3314 4855 3504 4940 Ecce,
3549 4860 3808 4942 sanquis
3845 4859 4118 4942 foederis
4160 4859 4324 4941 quod
4351 4860 4537 4943 pepi—

2581 4945 2675 5028 qit
2718 4944 2950 5010 Ieltova
2990 4944 3297 5009 vobiscum
3339 4964 3531 5027 super
3573 4945 3808 5011 cunctis
3849 4944 3953 5010 his
3993 4945 4394 5011 sermonibus.

2759 5116 2817 5181 1.
2865 5077 3147 5182 Ascende
3183 5116 3269 5181 ad
3304 5115 3595 5182 Iehovam
3630 5122 3700 5181 tu
3728 5120 3784 5181 et
3804 5115 4086 5182 Aharon.
4155 5118 4533 5200 Antequam

2586 5202 3082 5267 tabernaculum
3126 5202 3438 5286 erigeret,
3500 5223 3574 5267 ac
3633 5203 3890 5267 solenni
3950 5203 4080 5267 ritu
4125 5214 4535 5269 consecraret

2588 5287 2837 5367 Moses,
2894 5306 3153 5355 necesse
3207 5288 3333 5352 fuit
3387 5286 3641 5354 tabulas
3707 5288 3986 5355 foederis
4051 5295 4300 5371 petere,
4368 5310 4540 5373 quae
