5017 6142
582 420 711 490 563

575 609 1079 695 possedistisque·
1092 614 1326 676 terram
1345 628 1576 689 eamne,
1613 630 1688 676 ao
1707 610 1905 676 delevi
1926 630 2025 676 eos
2044 630 2086 674 a
2102 609 2271 692 facie
2303 613 2529 675 vestra.

585 697 646 763 9.
697 695 989 762 Surrexit
1037 701 1246 763 auam
1288 694 1497 762 Baiae
1532 695 1713 778 filius
1762 695 1996 779 Sippor
2036 716 2152 760 rex
2197 695 2419 774 Moab,
2476 698 2537 761 et

574 782 942 866 praeliatus
998 787 1087 848 est
1128 802 1267 848 oum
1312 780 1526 847 Israel
1563 782 1856 864 misitque
1898 786 1955 846 et
1995 782 2234 848 vocavit
2275 780 2533 847 Bileam

579 869 793 952 silium
819 866 1008 946 Beor,
1052 873 1124 933 ut
1149 867 1538 934 malediceret
1579 866 1786 933 vobis:
1832 867 1932 932 10.
1971 862 2064 931 Et
2095 867 2272 933 nolui
2307 866 2535 932 audire

582 953 860 1036 Bileam,
902 954 1014 1021 sed
1047 953 1333 1021 benedixi
1373 953 1773 1020 benedicendo
1803 953 1992 1031 vobis,
2037 956 2093 1018 et
2125 952 2387 1019 liberavi
2422 971 2533 1018 vos

584 1060 1046 1193 Ξᾱοηιῖἐῖὧιὸαε.
1115 1042 1216 1106 11.
1267 1040 1742 1208 Τναηὶἑῗῗραε
1766 1039 2148 1188 tlordanem,
2180 1044 2237 1104 et
2270 1037 2534 1189 {aeaeae

985 1150 1004 1191 .-
1228 1146 1421 1192 averu
1654 1145 1763 1192 con
1787 1144 1865 1189 ra
1918 1145 2029 1191 vos
2082 1145 2212 1190 vm
2515 1173 2532 1206 ,

585 1211 1033 1294 Emorrhaeue,
1048 1148 1519 1291 peffqsseriaaeus,
1552 1214 1608 1276 et
1644 1209 2078 1291 Chamanene,
2115 1215 2173 1275 et
2213 1208 2529 1289 Hictaeus,

586 1303 642 1364 et
702 1297 1126 1382 Giryasaeus,
1170 1303 1229 1364 et
1282 1296 1596 1376 HivaeuS,
1640 1301 1697 1362 et
1739 1294 2113 1362 Musaeus.-
2168 1295 2534 1377 wadidiqae

586 1402 686 1449 eos
741 1385 814 1450 in
870 1404 1129 1450 manum
1178 1387 1467 1450 vestram.
1561 1382 1660 1448 12.
1727 1381 1818 1448 Et
1871 1382 2024 1447 misi
2065 1386 2206 1447 ante
2245 1401 2353 1447 vos
2392 1401 2533 1448 cra-

585 1469 832 1552 brunes,
885 1471 999 1552 qui
1040 1470 1406 1553 muleram
1447 1488 1549 1534 eos
1580 1488 1626 1534 a
1662 1467 1828 1551 faeie
1866 1472 2108 1549 vestra,
2160 1468 2319 1533 duos
2357 1485 2532 1550 reyes

590 1554 990 1636 Emorrhaei,
1032 1576 1161 1621 non
1177 1554 1392 1640 ,eladio
1425 1559 1547 1633 tue,
1593 1572 1700 1620 nec
1734 1574 1890 1620 arou
1931 1557 2052 1619 tue.
2115 1553 2215 1618 13.
2240 1551 2532 1634 Dedique

587 1640 759 1707 vobis
781 1646 1016 1708 terram
1050 1643 1124 1707 in
1157 1661 1286 1723 qua
1327 1659 1453 1705 non
1496 1638 1846 1719 laborasti-5,
1889 1644 1946 1704 et
1980 1638 2165 1704 urbes
2205 1658 2367 1722 quas
2408 1659 2532 1704 non

590 1727 993 1809 aedificatam,
1038 1731 1095 1827 qt
1127 1726 1563 1826 habitasti-ain
1594 1726 1720 1791 eis.-
1758 1725 1978 1790 vineas
2018 1729 2074 1790 et
2108 1725 2331 1823 oliveta
2371 1744 2533 1806 quae

584 1984 742 2067 ferte
766 1984 909 2049 deos
940 1984 1167 2067 quibus
1199 1983 1547 2050 servierunt
1572 1987 1794 2066 patres
1834 1985 2024 2047 vestri
2063 1986 2243 2049 trans
2276 1982 2531 2062 flumen,

590 2074 646 2135 et
686 2070 757 2134 in
799 2069 1097 2154 Aeyypto,
1143 2075 1201 2135 et
1239 2070 1463 2135 servite
1505 2068 1787 2135 Iehovae.

762 2241 820 2307 1.
874 2238 1280 2326 Conyreqavit
1321 2240 1550 2323 itaque.
1637 2238 1780 2304 Iam
1835 2257 1982 2302 meo
2038 2236 2276 2306 iudicio
2319 2239 2529 2304 fusius

584 2327 873 2410 explicat
941 2348 1106 2411 quae
1175 2334 1327 2391 ante
1396 2324 1659 2391 brevius
1716 2323 1964 2390 retulit.
2064 2323 2296 2409 Neque
2352 2325 2528 2390 enim

584 2420 1093 2479 consentaneum
1139 2411 1369 2479 fuisset
1410 2410 1513 2477 bis
1565 2408 1793 2476 eadem
1848 2410 1929 2475 de
1972 2430 2169 2476 causa
2211 2410 2528 2493 populum

585 2499 934 2565 extrahere
954 2499 1021 2563 in
1051 2497 1340 2565 alienum
1374 2496 1610 2564 locum.
1668 2496 1852 2580 Ergo
1894 2496 2283 2579 repetitione
2327 2497 2529 2563 series

588 2583 896 2651 historiae
947 2585 1337 2650 contexitur.
1436 2581 1597 2648 Ideo
1654 2581 2045 2664 particulam
2108 2581 2526 2666 expletivam,

588 2671 813 2753 Itaque
847 2671 1032 2754 posui
1052 2720 1069 2749 ,
1124 2690 1292 2753 quae
1337 2675 1635 2751 coeptam
1681 2669 2122 2735 narrationem
2168 2668 2524 2733 continuet.

585 2755 916 2842 Exprimit
960 2763 1178 2821 autem
1226 2753 1394 2838 quod
1432 2761 1587 2819 ante
1630 2760 1956 2832 tacuerat,
2003 2752 2262 2819 stetisse
2298 2773 2526 2820 omnes

585 2861 808 2908 coram
832 2842 993 2919 Deo,
1039 2860 1166 2925 quo
1203 2841 1485 2906 sanctior
1522 2837 1809 2923 dignitas
1853 2847 1919 2904 et
1961 2839 2190 2924 religio
2234 2860 2525 2905 conven-

585 2934 691 2994 tus
751 2926 1151 3011 designatur.
1254 2925 1481 3008 Neque
1525 2925 1701 2990 enim
1748 2923 2019 2990 dubium
2064 2925 2220 3008 quin
2266 2924 2526 2990 solenni

582 3015 718 3079 ritu
774 3012 1181 3079 invocaverit
1220 3009 1412 3076 Iosue
1458 3010 1584 3077 Dei
1638 3031 1912 3076 nomen:
1970 3020 2039 3075 et
2086 3021 2399 3094 tanquam
2454 3012 2525 3075 in

584 3100 724 3165 eius
758 3106 1108 3183 conspectu
1142 3096 1224 3160 ad
1267 3096 1578 3180 populum
1615 3097 2031 3163 concionatus
2075 3096 2177 3174 sit,
2224 3104 2297 3162 ut
2332 3116 2524 3179 repu-

583 3193 802 3251 tarent
819 3205 939 3267 pro
963 3204 1033 3249 se
1057 3182 1349 3266 quisque,
1386 3180 1601 3247 Deum
1629 3182 1922 3247 omnium
1960 3201 2125 3266 quae
2160 3181 2528 3267 agebantur

583 3290 727 3336 esse
799 3266 1196 3355 praesidem,
1263 3289 1383 3334 nec
1452 3268 1786 3351 privatum
1857 3269 2192 3353 negotium
2258 3289 2330 3334 se
2384 3267 2523 3333 illic

580 3361 897 3422 tractare:
958 3353 1073 3419 sed
1128 3374 1387 3420 sacrum
1444 3362 1511 3419 et
1566 3350 1940 3419 inviolabile
1986 3364 2247 3437 pactum
2292 3355 2524 3419 confir-

584 3462 767 3507 mare
801 3462 951 3508 cum
986 3440 1129 3524 ipso
1150 3438 1310 3505 DeO.
1371 3437 1561 3505 Adde
1597 3438 1772 3523 quod
1808 3438 2005 3523 paulo
2050 3448 2197 3524 post
2238 3439 2520 3522 additur,

580 3526 717 3593 illic
760 3526 959 3593 fuisse
1001 3526 1481 3591 sanctuarium.-
1524 3524 1699 3592 unde
1743 3522 2075 3608 probabile
2118 3534 2252 3604 est,
2299 3548 2520 3595 arcam

582 3610 863 3678 foederis
898 3631 974 3677 eo
997 3612 1195 3677 fuisse
1230 3610 1614 3690 traductam,
1652 3632 1786 3678 non
1818 3609 2116 3677 mutandi
2149 3611 2271 3678 loci
2306 3634 2522 3693 causa,

582 3696 696 3764 sed
718 3698 893 3764 utin
935 3699 1186 3764 actione
1231 3711 1381 3766 tam.
1408 3698 1580 3762 seria
1620 3717 1692 3763 se
1733 3698 2041 3763 sisterent
2083 3695 2169 3762 ad
2210 3706 2522 3764 terrestre

581 3783 713 3849 Dei
767 3782 1074 3850 tribunal.
1169 3782 1374 3849 Nulla
1429 3782 1607 3848 enim
1662 3781 1893 3865 religio
1952 3784 2243 3862 vetabat,
2299 3804 2521 3851 arcam

582 3870 863 3934 moveri:
911 3878 979 3935 et
1021 3869 1201 3935 locus
1245 3866 1511 3935 Sichem
1554 3888 1684 3933 non
1729 3867 1962 3951 procul
2005 3868 2306 3934 distabat.

754 3956 815 4021 2.
872 3956 1086 4021 Trums
1124 3955 1376 4035 flumen.
1462 3952 1830 4019 Exordium
1888 3954 2092 4020 sumit
2149 3975 2187 4019 a
2231 3956 2523 4039 gratuita

584 4061 811 4107 eorum
848 4039 1213 4124 adoptione,
1261 4060 1390 4124 qua
1424 4040 1517 4106 sic
1555 4040 1739 4106 Deus
1778 4059 1887 4104 eos
1929 4048 2391 4120 anteverterat,
2436 4062 2522 4107 ne

582 4146 777 4210 qnam
820 4126 1318 4209 praestantiam,
1373 4126 1479 4192 vel
1523 4125 1696 4209 quod
1737 4126 2046 4191 meritum
2087 4128 2328 4192 iactare
2370 4147 2522 4210 pos-

581 4219 747 4280 sent.
803 4212 869 4277 N
871 4233 974 4278 am
999 4212 1237 4278 actiore
1274 4212 1531 4277 vinculo
1574 4232 1684 4277 eos
1727 4211 1851 4277 sibi
1894 4211 2076 4277 Deus
2120 4211 2521 4290 devinxerat,

581 4297 752 4383 quod
818 4318 1020 4381 quum
1087 4297 1354 4380 reliquis
1406 4317 1597 4382 pares
1654 4308 1902 4379 essent,
1957 4318 2068 4365 eos
2120 4305 2341 4363 tamen
2396 4299 2523 4364 sibi

580 4384 933 4468 collegerat
965 4383 1037 4448 in
1073 4383 1399 4466 peculium
1436 4405 1567 4449 non
1611 4383 1739 4449 alio
1782 4392 2083 4467 respectu
2126 4404 2321 4467 quam
2357 4384 2524 4449 meri

582 4469 992 4554 beneplaciti.
1082 4469 1292 4535 Porro
1350 4478 1427 4533 ut
1482 4469 1655 4535 clare
1698 4477 2011 4554 appareat
2049 4469 2217 4535 nihil
2262 4490 2406 4536 esse
2450 4470 2522 4536 in

582 4577 710 4641 quo
753 4556 1133 4642 glorientur,
1179 4554 1260 4621 ad
1304 4575 1490 4621 suam
1535 4556 1852 4640 originem
1891 4557 2067 4639 ipsos
2110 4555 2405 4635 adducit,
2457 4565 2526 4622 et

582 4650 1050 4711 commemorat
1104 4649 1326 4724 patres
1381 4641 1668 4723 ipsorum
1708 4643 1776 4707 in
1823 4641 2157 4708 Chaldaea
2199 4642 2292 4706 sic
2336 4641 2521 4709 habi-

585 4737 791 4808 tasse,
851 4740 922 4793 ut
961 4727 1399 4794 communiter
1441 4726 1617 4793 idola
1659 4748 1808 4793 cum
1855 4728 2003 4793 aliis
2044 4727 2354 4809 colerent,
2400 4749 2522 4795 nec

585 4813 940 4898 quidquam
978 4813 1322 4879 differrent
1343 4831 1383 4875 a
1403 4811 1619 4897 vulgo.
1683 4813 1876 4880 Unde
1919 4813 2268 4898 colligitur,
2315 4812 2523 4880 Abra-

582 4900 739 4967 ham
804 4920 1007 4982 quum
1072 4900 1143 4965 in
1206 4897 1578 4963 idololatria
1642 4897 1976 4966 demersus
2043 4907 2245 4978 esset,
2326 4900 2525 4965 fuisse

583 4986 768 5070 quasi
794 4987 874 5053 ab
895 4985 1124 5053 inferis
1160 4992 1545 5050 extractum.
1600 4982 1827 5049 Iudaei
1871 4984 2131 5068 quidem
2177 4994 2249 5051 ut
2289 4985 2525 5051 falsam

584 5075 841 5157 generis
877 5072 1265 5156 dignitatem
1309 5070 1433 5136 sibi
1475 5079 1806 5154 arrogent,
1850 5071 2228 5138 fabulantur
2271 5084 2525 5155 patrem

583 5178 777 5224 suum
799 5158 1156 5237 Abraham,
1204 5178 1408 5241 quum
1452 5155 1658 5222 nollet
1698 5157 1917 5240 ignem
1962 5155 2365 5224 chaldaicum
2407 5178 2527 5241 pro

587 5243 707 5309 deo
761 5264 1145 5328 agnoscere,
1202 5242 1552 5328 profugum
1607 5242 1806 5308 fuisse
1862 5263 1902 5307 a
1957 5243 2187 5327 patria.
2270 5244 2526 5309 Verum

590 5329 649 5394 si
702 5330 785 5395 ad
842 5329 1183 5397 consilium
1240 5329 1512 5414 spiritus
1569 5328 2002 5410 attendimus,
2060 5327 2266 5395 nihilo
2312 5330 2526 5415 magis

1699 418 2445 489 COMMENTARIUS
2492 419 2593 486 IN
2637 417 2918 487 IOSUE
2963 418 3164 486 OAP.
3206 419 3470 487 XXIV.

4450 419 4577 485 564

2636 608 2952 674 eximitur
3019 630 3059 676 a
3122 607 3366 692 publici
3436 607 3676 675 erroris
3733 606 3925 692 culpa
3984 628 4179 692 quam
4233 607 4454 674 'Phare
4507 614 4575 674 et

2633 694 2917 760 Nachor.
2963 693 3294 775 Quorsum
3317 694 3493 759 enim
3519 693 3757 761 dicitur
3779 701 3997 777 patres
4033 694 4260 779 populi
4292 695 4576 762 servisse

2635 777 2759 845 diis
2814 779 3076 860 alienis,
3143 789 3212 846 et
3255 779 3591 846 Abraham
3643 778 3797 846 inde
3837 780 4040 847 fuisse
4082 790 4401 864 ereptum,
4446 779 4574 846 uisi

2635 875 2712 931 ut
2754 866 2827 930 in
2862 866 3021 949 ipsis
3055 864 3427 949 primordiis
3462 864 3785 951 refulgeat
3826 866 4114 949 gratuita
4151 866 4278 932 Dei
4321 867 4574 932 miseri·

2634 950 2898 1018 cordia?
2958 951 3130 1017 Nam
3175 952 3231 1016 si
3274 951 3543 1035 reliquis
3587 949 3924 1018 dissimilis
3959 951 4193 1018 fuisset
4212 951 4575 1031 Abraham,

2634 1058 2786 1103 eum
2843 1058 2966 1104 sua
3008 1038 3216 1121 pietas
3259 1036 3678 1104 discerneret.
3768 1038 3971 1120 Atqui
4016 1037 4139 1105 hoc
4181 1036 4579 1104 nominatim

2634 1123 2851 1207 agitur
2905 1141 2990 1188 ne
3047 1124 3309 1208 propria
3366 1122 3688 1208 dignitate
3742 1122 4020 1190 excellat
4062 1143 4229 1207 quae
4272 1122 4580 1190 obscuret

2636 1208 2765 1273 Dei
2823 1209 3134 1292 gratiam:
3195 1206 3310 1274 sed
3353 1214 3428 1274 ut
3470 1208 3714 1292 posteri
3756 1219 4118 1293 agnoscant
4157 1229 4362 1292 quum
4405 1216 4581 1275 esset

2633 1294 2948 1377 perditus,
2992 1295 3351 1360 excitatum
3394 1293 3598 1360 fuisse
3644 1315 3684 1360 a
3723 1301 3935 1360 morte
3975 1294 4047 1360 in
4092 1296 4316 1360 vitam.
4402 1294 4574 1360 an-

2634 1388 2849 1446 terum
2885 1379 3014 1445 fuit
3055 1381 3179 1446 hoc
3219 1379 3600 1447 incredibile
3644 1387 3712 1446 et
3752 1378 3967 1446 simile
4007 1388 4328 1464 portento,
4371 1401 4579 1463 quum

2633 1464 2847 1532 adhuc
2911 1473 3243 1549 superstes
3305 1473 3477 1532 esset
3519 1465 3691 1544 Noe,
3766 1486 3902 1532 non
3959 1465 4152 1531 modo
4216 1467 4458 1550 passim
4501 1466 4578 1531 in

2634 1551 2882 1617 mundo
2986 1560 3271 1619 assatam
3293 1551 3494 1616 fuisse
3513 1550 3982 1617 idololatriam:
4020 1549 4227 1618 sedin
4249 1551 4576 1618 familiam

2634 1658 2890 1722 quoque
2970 1660 3072 1704 em
3097 1645 3493 1723 penetrasse,
3539 1638 3609 1701 in
3643 1657 3772 1720 qua
3805 1636 4038 1703 saltem
4081 1637 4309 1721 purior
4351 1638 4580 1721 vigere

2636 1723 2953 1790 debuerat
2973 1724 3218 1808 religio.
3266 1723 3465 1789 Oerte
3489 1722 3902 1807 quantumin
3927 1720 4050 1789 hac
4080 1730 4267 1806 parte
4289 1744 4579 1790 vesanus

2634 1819 2696 1875 et
2741 1809 3153 1877 indomabilis
3194 1808 3534 1875 hominum
3580 1808 3668 1874 sit
3707 1808 3893 1874 furor
3932 1807 4087 1874 inde
4129 1809 4578 1893 cognoscitur:

2633 1896 2806 1978 quod
2848 1904 3115 1963 sanctus
3157 1894 3562 1978 patriarcha,
3612 1894 3722 1961 cui
3764 1894 4114 1979 peculiaris
4160 1894 4314 1961 data
4357 1895 4579 1961 fuerat

2632 1981 2762 2045 Dei
2797 1980 3178 2060 benedictio,
3220 1982 3520 2047 fraenare
3554 2001 3707 2047 suos
3749 1990 4043 2064 posteros
4088 2001 4220 2045 non
4265 1981 4574 2066 potuerit,

2632 2068 2790 2150 quin
2834 2067 3060 2135 relicto
3101 2087 3261 2134 vero
3304 2067 3479 2147 Deo,
3533 2086 3605 2132 se
3648 2063 3734 2132 ad
3789 2066 4289 2150 superstitiones
4344 2066 4579 2151 prosti-

2634 2158 2913 2219 tuerent.

2806 2239 2866 2304 3.
2933 2237 3025 2303 Et
3073 2236 3192 2303 tubi
3241 2241 3507 2319 patrem.
3593 2237 3742 2304 Hoc
3787 2235 3991 2302 verbo
4047 2236 4283 2303 melius
4338 2239 4582 2305 confir-

2631 2331 2855 2391 matur
2910 2323 3081 2408 quod
3147 2344 3358 2406 nuper
3417 2321 3637 2403 docui,
3711 2320 4050 2388 Abraham
4115 2343 4248 2388 non
4317 2324 4585 2408 propria

2631 2410 2882 2476 virtute
2940 2408 3283 2476 emersisse
3341 2428 3425 2474 ex
3482 2407 3809 2492 profunda
3859 2408 4229 2491 ignorantia
4278 2417 4345 2474 et
4398 2431 4582 2476 erro-

2630 2516 2781 2561 rum
2840 2496 3110 2580 abysso,
3177 2491 3293 2561 sed
3345 2493 3499 2560 inde
3557 2513 3761 2559 manu
3804 2491 3935 2559 Dei
3991 2494 4196 2560 fuisse
4251 2492 4583 2562 eductum.

2630 2582 2858 2666 Neque
2924 2583 3100 2648 enim
3166 2578 3407 2646 dicitur
3471 2579 3644 2645 ultro
3710 2579 3928 2644 Deum
3994 2580 4387 2661 quaesiisse,
4462 2581 4585 2647 sed

2628 2668 2832 2734 fuisse
2874 2668 2955 2734 ab
2996 2688 3072 2733 eo
3116 2673 3448 2751 sumptus,
3513 2673 3581 2732 et
3626 2663 3753 2731 alio
3792 2662 4155 2731 traductus.
4244 2666 4584 2734 Beneficia

2629 2774 2749 2819 sua
2807 2754 3159 2837 amplificat
3216 2753 3389 2836 quod
3447 2752 3517 2817 in
3558 2751 3756 2836 longa
3808 2751 4335 2835 peregrinatione
4379 2753 4583 2819 mira-

2627 2840 2847 2905 biliter
2884 2832 3222 2906 Abraham
3255 2838 3647 2904 incolumem
3698 2836 4077 2904 servaverit.
4159 2836 4354 2903 Unde
4402 2839 4580 2923 quod

2628 2926 2923 3008 sequitur
2966 2924 3352 3007 scrupulum
3395 2923 3679 3006 aliquem
3714 2924 3917 3005 parit,
3962 2921 4136 3005 quod
4179 2923 4363 2990 Deus
4406 2923 4581 2989 mul-

2630 3010 3023 3095 tiplicaverit
3069 3030 3291 3076 semen
3334 3008 3669 3076 Abrahae:
3716 3016 3782 3075 et
3823 3014 4049 3074 tamen
4095 3005 4347 3074 dederit
4382 3011 4444 3075 ei
4478 3030 4585 3076 so-

2627 3097 2764 3161 lum
2809 3096 3017 3174 Isaac,
3062 3096 3217 3179 quia
3259 3116 3390 3160 non
3435 3095 3566 3160 uisi
3604 3092 3748 3158 eius
3782 3096 3858 3159 fit
3901 3094 4167 3160 mentio.
4234 3093 4372 3161 Sed
4415 3095 4582 3163 haec

2599 3182 3026 3266 vcomparatio
3084 3180 3487 3266 singularem
3530 3200 3689 3264 erga
3730 3200 3843 3246 eos
3888 3178 4016 3245 Dei
4060 3182 4341 3264 gratiam
4387 3180 4580 3248 illus-

2628 3275 2790 3348 trat,
2855 3266 3027 3352 quod
3084 3288 3288 3351 quum
3345 3286 3692 3332 numerosa
3747 3275 3922 3331 esset
3974 3265 4062 3331 ali
4150 3267 4216 3331 ui
4270 3267 4581 3334 Abrahae

2626 3353 2896 3432 soboles,
2939 3353 3118 3420 solus
3152 3373 3377 3418 eorum
3414 3360 3601 3436 pater
3634 3352 3911 3435 gradum
3957 3351 4234 3437 legitimi
4277 3351 4582 3420 haeredis

2625 3440 2929 3507 tenuerit.
3017 3438 3269 3505 Eodem
3304 3458 3506 3504 sensu
3549 3458 3702 3503 mox
3747 3437 4122 3519 subiicitur,
4189 3459 4394 3522 quum
4446 3439 4580 3505 fra·

2625 3535 2759 3593 tres
2802 3524 3099 3612 germani
3142 3538 3208 3590 et
3250 3524 3512 3609 gemelli
3556 3532 3773 3589 essent
3818 3524 3997 3590 Esau
4038 3532 4104 3589 et
4136 3524 4331 3591 Iacob
4368 3545 4579 3591 unum

2624 3634 2707 3678 ex
2743 3610 2997 3677 duobus
3039 3611 3236 3677 tuisse
3281 3617 3634 3690 retentum,
3679 3608 3884 3674 altero
3929 3610 4302 3693 praeterito.
4373 3609 4578 3677 Vide-

2624 3719 2773 3763 mus
2831 3718 2988 3782 ergo
3042 3705 3119 3762 ut
3176 3696 3523 3781 magnifice
3579 3702 3715 3759 tam
3773 3694 3845 3759 in
3903 3715 4184 3778 persona
4225 3695 4469 3763 Ismael
4510 3704 4578 3762 et

2623 3784 2920 3861 fratrum,
2965 3802 3160 3866 quam
3204 3783 3420 3861 Esau,
3477 3781 3606 3847 Dei
3649 3780 4062 3846 clementiam
4107 3790 4174 3847 et
4217 3781 4578 3849 bonitatem

2625 3868 2900 3935 extollat
2952 3888 3109 3952 erga
3150 3867 3344 3933 Iacob
3363 3918 3378 3948 ,
3445 3886 3520 3933 ac
3563 3866 3619 3932 si
3679 3865 3919 3933 diceret
3976 3887 4188 3950 genus
4244 3869 4383 3935 eius
4438 3889 4576 3933 non

2624 3955 2772 4022 aliis
2815 3953 3221 4037 praecellere,
3264 3954 3393 4019 nisi
3437 3951 3590 4035 quia
3631 3952 3724 4017 sic
3758 3952 3901 4017 Deo
3940 3951 4201 4035 placuit.

2797 4041 2855 4106 4.
2924 4039 3111 4107 Iacob
3154 4043 3362 4105 autem
3405 4044 3463 4103 et
3492 4037 3622 4119 filii
3663 4037 3817 4103 eiu-3.
3906 4037 4068 4104 Post
4111 4038 4575 4123 relegationem

2624 4128 2806 4193 Esau
2852 4133 3158 4192 narratur
3204 4124 3551 4190 descensus
3596 4121 3788 4190 Iacob
3830 4123 3900 4187 in
3948 4125 4362 4208 Aegyptum,
4423 4125 4578 4208 quia

2625 4212 2887 4278 tametsi
2974 4218 3232 4277 tantum
3309 4231 3442 4275 uno
3532 4207 3729 4274 verbo
3815 4208 4192 4292 attingitur,
4289 4210 4576 4294 amplam

2624 4310 2863 4375 tamen,
2909 4305 2974 4363 et
3006 4296 3297 4372 uberem,
3344 4307 3411 4362 et
3442 4293 3843 4361 luculentam
3882 4295 4139 4378 paterni
4167 4295 4296 4361 Dei
4329 4295 4577 4363 favoris

2627 4383 2966 4448 materiam
3049 4380 3556 4466 comprehendit.
3645 4379 3785 4447 Nec
3863 4401 4014 4448 vero
4102 4379 4374 4447 dubium
4457 4389 4577 4462 est,

2625 4468 2924 4553 quamvis
2982 4478 3171 4535 autor
3227 4467 3380 4534 libri
3435 4467 3796 4552 splendidis
3853 4464 4081 4550 elogiis
4126 4487 4258 4531 non
4303 4468 4582 4534 extollat

2627 4554 2889 4640 singula
2931 4554 3276 4633 miracula,
3333 4555 3488 4637 quin
3531 4562 3752 4619 tamen
3797 4573 4123 4618 summam
4168 4552 4580 4620 liberationis

2625 4639 2836 4725 quoad
2903 4641 3230 4707 sufficeret
3295 4641 3675 4722 exposuerit
3736 4638 3936 4705 Iosue
4000 4639 4262 4723 popu10.
4351 4641 4580 4706 Primo

2624 4727 2905 4792 virtutes
2959 4725 3260 4811 designat
3314 4724 3386 4790 in
3441 4731 3540 4791 Ae
3587 4732 3745 4810 ypto
3804 4723 4047 4790 editas:
4116 4724 4349 4792 deinde
4409 4727 4580 4793 cele-

2622 4813 2773 4878 brat
2816 4812 3167 4878 transitum
3212 4812 3413 4877 maris
3465 4747 3679 4891 rubri,
3746 4810 3858 4877 ubi
3917 4810 4048 4876 illis
4111 4810 4578 4878 inaestimabili

2624 4899 2921 4983 potentia
2962 4899 3323 4982 opitulatus
3371 4906 3514 4962 erat
3557 4897 3756 4963 Deus.
3845 4895 4067 4962 'I'ertio
4110 4906 4372 4980 tempus
4409 4919 4579 4964 com-

2627 4992 2946 5050 memorat
2989 5005 3114 5067 quo
3157 4984 3553 5067 peregrinati
3598 4991 3755 5049 sunt
3791 4982 3865 5046 in
3913 4981 4187 5048 deserto.

2801 5070 2858 5137 8.
2931 5068 3155 5137 Postea
3233 5069 3475 5136 adduxi
3546 5087 3673 5136 vos,
3762 5066 4059 5134 Tandem
4126 5066 4206 5132 de
4277 5067 4577 5135 victoriis

2629 5156 2947 5235 disserere
3004 5157 3265 5240 incipit,
3332 5176 3497 5238 quae
3541 5156 3715 5222 viam
3768 5153 4219 5237 patefecerunt
4262 5153 4345 5219 ad
4387 5152 4575 5221 sodes

2625 5240 3056 5326 occupandas.
3144 5241 3292 5309 Etsi
3355 5241 3532 5308 enim
3599 5241 3776 5325 regio
3835 5248 4019 5306 trans
4076 5238 4432 5305 Iordanem
4501 5239 4574 5305 in

2629 5328 3034 5395 haereditate
3106 5327 3429 5411 promissa
3494 5348 3622 5393 non
3685 5325 3931 5392 fuerat:
4011 5347 4095 5392 ex
4159 5344 4288 5410 quo
4352 5333 4574 5391 tamen
