5017 6142
501 464 628 531 199

506 653 844 719 decretum
938 659 1111 716 esset
1192 648 1404 715 adhuc
1481 648 1821 733 ignoscere
1838 699 1854 727 ,
1933 647 2168 713 solutio
2243 645 2453 712 tribus

508 738 727 807 verbis
805 735 1066 802 aliunde
1135 735 1341 818 repeti
1404 744 1641 816 potest:
1725 734 1879 816 quia
1955 733 2063 799 hic
2130 732 2314 798 Deus
2373 729 2455 797 de

510 844 750 892 arcano
808 844 927 889 suo
973 831 1039 887 et-
1090 818 1733 904 incomprehensibili
1782 818 2021 886 iudicio
2068 836 2205 884 non
2257 816 2455 885 verba

509 911 696 989 facit,
742 908 858 975 sed
905 918 1160 973 tantum
1206 906 1286 971 de
1329 928 1401 971 re
1444 908 1619 990 ipsa,
1669 904 2017 972 ostendens
2062 903 2215 987 quid
2260 905 2454 969 meri·

509 1007 625 1061 tus
688 997 776 1062 sit
839 994 1150 1077 populus,
1215 1002 1280 1056 et
1345 1011 1540 1074 quam
1611 989 1939 1057 horribilis
1998 989 2289 1057 vindicta
2338 1009 2456 1072 pro

510 1082 703 1147 modo
759 1079 1070 1147 scelestae
1129 1075 1577 1160 nefandasque
1642 1075 2016 1143 defectionis
2084 1074 2452 1140 immineat:

510 1168 706 1234 sicuti
741 1165 1082 1232 consilium
1119 1162 1260 1228 eius
1294 1184 1423 1228 non
1461 1163 1585 1228 fuit
1628 1163 1859 1229 Mosen
1905 1183 2125 1230 arcere
2160 1181 2199 1226 a
2239 1159 2455 1228 studio

508 1250 845 1337 precandi,
889 1249 1003 1317 sed
1039 1268 1319 1315 examen
1354 1268 1586 1331 capere
1623 1248 1702 1314 de
1744 1250 2002 1315 sincera
2041 1248 2182 1313 eius
2217 1246 2460 1331 pietate

513 1359 661 1404 cum
706 1338 875 1404 serio
918 1335 1169 1415 ardore,
1213 1355 1423 1418 neque
1470 1355 1621 1399 vero
1667 1334 1793 1400 nisi
1838 1340 2192 1418 praeeunte
2236 1332 2455 1416 aliqua

513 1421 664 1488 fidei
738 1422 1025 1488 scintilla
1104 1428 1330 1487 contra
1395 1419 1900 1505 prohibitionem
1967 1420 2194 1485 fertur.
2281 1417 2455 1503 Lege

511 1519 707 1592 caput
751 1506 967 1574 Exodi
1010 1506 1114 1573 32.

1027 1883 1157 1950 EX
1201 1882 1531 1949 EODEM
1578 1881 1933 1947 OAPI'PE.

684 2106 783 2171 13.
829 2105 918 2170 Et
973 2106 1141 2172 dixit
1184 2104 1395 2171 Moses
1436 2105 1523 2171 ad
1567 2103 1895 2169 Iehovam:
1950 2105 2153 2187 Atqui
2196 2105 2455 2171 audient

508 2192 811 2275 Aeqyptii
854 2189 1035 2274 (quia
1077 2192 1350 2258 eduxisti
1383 2191 1453 2256 in
1495 2192 1722 2256 virtute
1764 2194 1873 2255 tua
1907 2189 2217 2270 populum
2262 2192 2453 2257 istum

508 2299 542 2344 e
584 2278 785 2342 medio
831 2278 1028 2361 eius:)
1093 2276 1192 2342 14.
1260 2275 1605 2358 Dicentque
1658 2275 1992 2341 habitatori
2043 2280 2245 2342 terrae
2298 2278 2454 2358 eius,

504 2363 625 2446 qui
687 2364 1029 2429 audierunt
1090 2362 1255 2445 quod
1318 2366 1386 2427 tu
1446 2361 1677 2427 lehova
1739 2363 1835 2427 sis
1888 2363 1959 2425 in
1999 2362 2203 2429 medio
2264 2362 2455 2428 huius

496 2447 758 2530 popum.-
820 2447 1317 2531 quandoquidem
1357 2447 1531 2513 oculo
1594 2446 1682 2513 ad
1731 2446 1974 2513 oculum
2023 2448 2202 2513 visus
2253 2450 2352 2514 sis
2388 2453 2457 2514 tu

513 2533 773 2601 Iehova:
813 2539 868 2599 et
907 2533 1101 2597 nubes
1142 2538 1253 2598 tua
1294 2533 1527 2598 steterit
1564 2553 1754 2614 super
1793 2552 1910 2609 eos,
1957 2538 2015 2599 et
2052 2533 2126 2598 in
2169 2533 2454 2601 columna

507 2619 696 2685 nubis
737 2621 1156 2700 praecesseris
1199 2639 1298 2684 eos
1327 2638 1453 2698 per
1492 2619 1687 2699 diem,
1744 2623 1802 2684 et
1841 2620 1909 2684 in
1958 2618 2244 2685 ‘columna
2285 2620 2456 2704 iqm's

496 2725 623 2786 per
672 2710 917 2771 noctem.
1009 2703 1109 2770 15.
1179 2703 1255 2769 Si
1296 2702 1678 2785 interfeceris
1712 2704 2023 2787 populum
2074 2704 2236 2770 hunc
2268 2707 2456 2787 quasi

509 2790 721 2855 virum
761 2800 981 2874 unum,
1016 2796 1161 2855 tunc
1193 2789 1393 2855 dicent
1421 2793 1626 2872 yentes
1666 2810 1827 2872 quae
1859 2791 2181 2856 audierint
2209 2792 2455 2874 famam

509 2880 700 2955 tuam,
782 2877 880 2942 16.
946 2876 1113 2957 Quia
1147 2876 1376 2956 absque
1404 2877 1684 2955 potentia
1726 2880 1816 2941 est
1856 2875 2103 2953 Iehooa,
2145 2882 2217 2942 ut
2255 2879 2449 2943 intro·

508 2962 693 3027 ducat
736 2961 1045 3044 populum
1106 2962 1300 3026 istum
1364 2960 1432 3024 in
1494 2966 1730 3026 terram
1793 2982 1985 3043 quam
2045 2963 2285 3029 iuravit
2340 2965 2450 3044 eis,

510 3047 647 3113 ideo
710 3047 1002 3113 mactavit
1064 3067 1166 3112 eos
1216 3046 1289 3111 in
1345 3046 1599 3112 deserto.
1690 3047 1789 3111 17.
1854 3047 1944 3113 Et
1993 3067 2159 3115 nunc
2211 3051 2452 3134 παρηί-

505 3132 725 3213 ficetur
788 3152 1019 3214 quaeso
1082 3132 1382 3216 fortitudo
1434 3131 1701 3198 Domini
1748 3133 1900 3213 mei,
1957 3134 2116 3201 sicut
2161 3135 2452 3217 loquutus

509 3223 631 3297 est,
698 3219 939 3284 dicens:
995 3217 1094 3284 18.
1157 3216 1390 3284 Iehova
1449 3219 1672 3283 tardus
1726 3219 1814 3285 ad
1867 3220 2058 3297 iram,
2117 3226 2172 3285 et
2224 3222 2454 3288 multae

510 3304 997 3381 misericordiae,
1032 3304 1249 3370 tollens
1288 3303 1683 3385 iniquitatem
1725 3309 1781 3369 et
1807 3310 2144 3387 peccam,
2180 3313 2237 3373 et
2277 3309 2452 3372 inno-

509 3393 740 3454 centem
794 3410 918 3455 uon
979 3390 1248 3473 faciens.-
1309 3390 1575 3455 visitans
1631 3390 2023 3474 iniquitatem
2063 3398 2325 3473 patrum
2380 3393 2453 3458 in

508 3475 680 3555 filios
710 3494 898 3559 super
936 3477 1184 3540 tertiam
1218 3480 1275 3540 et
1305 3480 1598 3556 quartam
1631 3477 2104 3561 qenerationem.
2157 3479 2255 3546 19.
2298 3477 2454 3545 Pro-

498 3560 707 3643 pitius
747 3567 869 3627 esto
907 3561 1175 3644 aqedum
1216 3561 1543 3641 iniquitati
1571 3562 1799 3645 populi
1838 3562 2030 3629 huius
2043 3616 2059 3642 ,
2116 3565 2454 3645 secundum

506 3647 1089 3815 hmuaigngtxudmpto
1129 3647 1592 3813 “Squgaenut’ucae
1604 3695 1619 3726 ’
1672 3648 1833 3714 Sim
1890 3670 1924 3712 r
2033 3651 2045 3663 .
2093 3652 2105 3665 ι
2163 3652 2190 3715 i
2418 3671 2455 3717 ⁰

685 3902 786 3969 13.
855 3904 1053 3984 Atqui
1115 3902 1374 3969 audient
1444 3902 1757 3988 Aeqyptii.
1844 3906 1975 3971 Hic
2038 3907 2259 3973 Moses
2336 3929 2453 3992 pro

512 4010 631 4055 suo
714 4008 894 4053 more
974 3997 1106 4053 stat
1180 3989 1367 4071 quasi
1429 3989 1497 4053 in
1574 3991 1813 4057 fissura
1876 3993 2084 4077 muri,
2149 3993 2319 4059 sicut
2384 3995 2451 4059 in

514 4074 778 4141 Psalmo
833 4073 1006 4161 (106,
1063 4072 1175 4159 23)
1228 4073 1495 4140 dicitur:
1553 4097 1680 4159 quo
1738 4078 1900 4142 iram
1960 4078 2087 4144 Dei
2130 4081 2456 4146 sustineat

515 4170 582 4227 et
641 4169 928 4236 avertat,
977 4181 1142 4243 quae
1198 4160 1629 4244 irruptionem
1690 4163 1928 4247 alioqui
1982 4172 2124 4230 erat
2165 4164 2453 4231 factura:

515 4244 668 4329 quia
711 4246 851 4310 eius
896 4246 1359 4312 intercessione
1393 4245 1638 4312 factum
1674 4260 1775 4312 est
1810 4260 1885 4314 ut
1920 4250 2135 4316 subito
2179 4250 2452 4317 restinc-

516 4341 655 4398 tum
702 4332 901 4396 fuerit
941 4330 1335 4411 incendium,
1382 4353 1501 4399 nec
1544 4343 1966 4418 consumptus
2010 4337 2203 4402 fuerit
2248 4358 2452 4421 popu·

513 4418 636 4483 lus.
724 4417 930 4483 Porro
1010 4417 1089 4482 ad
1167 4417 1560 4500 impetrandi
1631 4420 1935 4487 fiduciam
2003 4421 2455 4489 tantummodo

513 4504 753 4582 obiicit,
789 4524 1046 4570 sacrum
1083 4504 1209 4569 Dei
1245 4525 1477 4569 nomen
1515 4505 1796 4571 ludibrio
1831 4507 1969 4574 fore
1999 4508 2172 4591 apud
2200 4509 2453 4593 impiae,

514 4594 572 4657 si
648 4590 905 4673 penitus
984 4591 1263 4654 intereat
1323 4611 1403 4673 po
1450 4591 1621 4657 ulus.
1710 4592 1962 4673 Verba,
2041 4616 2206 4677 quae
2272 4595 2454 4660 varie

515 4675 801 4743 reddunt
865 4679 1282 4757 interpretes,
1350 4696 1388 4739 a
1498 4677 1855 4760 genuinum
1913 4701 2174 4745 sensum
2228 4693 2454 4763 aptare

514 4762 754 4829 studui.
816 4761 1041 4828 Primo
1077 4761 1265 4828 dicit:
1308 4761 1599 4827 Audient
1621 4762 1953 4849 Aegyptii,
1993 4786 2191 4848 quum
2234 4777 2455 4832 tamen

514 4870 623 4916 res
680 4848 853 4930 apud
915 4868 1026 4912 eos
1077 4847 1236 4912 satis
1295 4857 1445 4912 nota
1511 4851 1599 4914 sit
1664 4872 1739 4916 ac
1804 4851 2132 4917 miraculis
2199 4861 2454 4931 testata,

514 4933 830 5018 populum
896 4931 1072 4998 hunc
1138 4941 1251 4998 tua
1315 4935 1560 5000 virtute
1624 4934 1807 5002 illinc
1871 4936 2072 5002 fuisse
2139 4946 2453 5020 ereptum.

514 5019 703 5086 Idem
743 5018 944 5085 etiam
991 5039 1213 5084 rumor
1255 5020 1553 5086 volitabit
1592 5020 1766 5085 inter
1807 5021 2081 5104 populos
2116 5022 2454 5101 Obanaan,

518 5107 626 5189 qni
681 5106 811 5169 iam
855 5105 1203 5170 audierunt
1261 5112 1327 5170 te
1369 5106 1567 5171 huius
1625 5107 1844 5188 populi
1885 5128 2028 5173 esse
2072 5107 2456 5192 praesidem,

519 5192 786 5273 eiusque
872 5190 1275 5274 gubernandi
1366 5213 1585 5256 curam
1674 5193 2050 5275 suscepisse.
2141 5193 2215 5259 Si
2300 5212 2456 5277 ergo

521 5278 783 5361 penitus
837 5277 1148 5357 intereat,
1216 5297 1633 5359 quaecunque
1687 5286 1919 5361 gentes
1979 5279 2220 5343 famam
2276 5289 2454 5344 tuam

517 5363 894 5443 audierunt,
941 5363 1200 5447 culpam
1247 5363 1315 5425 in
1360 5374 1424 5427 te
1468 5362 1847 5429 coniicient:
1904 5372 2098 5448 atque
2132 5366 2458 5450 putabunt

2108 5526 2144 5559 s

1912 456 2318 525 REDI'I'US
2364 458 2492 524 AD
2537 456 3085 526 HISTORIAM.

4372 456 4506 524 200

2563 647 2871 714 virtutem
2940 652 3118 712 tuam
3187 646 3256 711 in
3323 645 3536 712 medio
3589 665 3788 713 cursu
3849 646 4122 712 fractam
4188 666 4361 726 esse,
4417 667 4502 712 ne

2558 753 2722 816 opus
2772 753 2812 799 a
2868 742 2936 797 te
3002 732 3336 816 inceptum
3403 730 3486 797 ad
3558 734 3758 798 finem
3800 750 4027 816 usque
4091 731 4502 815 perduceres.

2564 816 2837 885 Summa
2917 818 3048 885 huc
3107 818 3348 898 tendit,
3422 817 3574 901 quia
3647 816 3834 883 Deus
3889 817 4156 896 clarius,
4234 827 4302 884 et
4365 817 4501 883 evi-

2562 904 2862 970 dentibus
2907 905 3112 989 signis
3170 904 3384 987 palam
3433 904 3668 970 fecerat
3729 924 3799 969 se
3841 903 4064 988 populi
4109 903 4287 969 illius
4341 902 4503 970 libe-

2560 1002 2842 1056 ratorem
2859 1042 2875 1070 ,
2945 991 3295 1074 impiorum
3357 990 3611 1073 probris
3686 988 3826 1055 fore
3903 989 4271 1072 expositum
4289 1040 4305 1066 ,
4371 989 4499 1055 nisi

2562 1097 2721 1159 quos
2814 1076 3017 1142 semel
3114 1075 3393 1141 redemit
3492 1082 3712 1141 servet
3794 1074 4173 1141 incolumes.
4273 1073 4505 1159 Neque

2561 1162 2734 1227 enim
2801 1162 3091 1246 profanis
3146 1160 3449 1247 gentibus
3505 1159 3681 1227 aliud
3740 1161 4027 1227 venisset
4080 1162 4148 1226 in
4214 1174 4504 1227 mentem

2562 1268 2757 1331 quam
2803 1247 3022 1314 Deum
3059 1268 3188 1313 non
3232 1269 3438 1331 posse,
3483 1267 3681 1331 quum
3720 1247 4005 1313 maxime
4038 1245 4260 1324 vellet,
4305 1246 4502 1313 bene-

2561 1333 2781 1398 ficium
2827 1355 3020 1400 suum
3064 1334 3254 1399 tueri.
3331 1336 3425 1400 Et
3465 1338 3641 1399 certe
3685 1332 3847 1399 haec
3888 1343 3988 1398 est
4031 1352 4161 1399 non
4206 1333 4505 1418 vulgaris

2562 1418 2688 1484 Dei
2748 1418 3035 1500 bonitas,
3101 1419 3195 1485 sic
3251 1421 3646 1503 coniungere
3710 1419 3986 1501 gloriam
4046 1419 4149 1483 sui
4212 1419 4505 1484 nominis

2559 1523 2710 1569 cum
2753 1505 2964 1571 salute
3008 1514 3232 1571 nostra
3263 1513 3344 1570 ut
3384 1503 3555 1590 quod
3590 1502 3779 1569 nohis
3822 1503 4170 1571 adversum
4201 1513 4317 1583 est,
4361 1505 4504 1571 eius

2558 1592 3017 1657 contumeliam
3061 1612 3280 1656 secum
3327 1591 3582 1657 trahat:
3638 1590 3790 1673 quia
3832 1610 3905 1654 os
3947 1589 4258 1673 improbis
4311 1610 4502 1673 aper-

2560 1685 2702 1742 tum
2747 1678 2832 1743 sit
2876 1677 2958 1741 ad
3002 1675 3537 1743 maledicendum.
3602 1674 3853 1741 Verum
3900 1673 3966 1740 id
4012 1673 4197 1742 nobis
4240 1673 4504 1741 demum

2559 1762 2876 1846 proderit,
2937 1762 2992 1828 si
3030 1763 3319 1829 vicissim
3376 1762 3617 1846 absque
3672 1759 4091 1829 simulatione
4140 1769 4208 1826 et
4246 1761 4501 1828 sincero

2560 1848 2699 1914 zelo
2752 1847 2966 1913 Deum
3028 1848 3432 1934 flagitemus,
3488 1858 3563 1913 ut
3617 1847 3687 1913 in
3735 1846 3919 1913 nobis
3973 1847 4314 1913 servandis
4359 1846 4502 1932 glo-

2560 1935 2695 1999 riae
2739 1956 2895 1999 suae
2930 1934 3017 2000 sit
3059 1934 3317 2001 vindex.
3367 1932 3698 2000 Audacter
3740 1933 3914 1997 enim
3958 1933 4151 1999 multi
4190 1933 4263 1997 in
4302 1954 4501 1999 suum

2559 2019 2968 2087 commodum
3047 2019 3411 2087 obtendunt
3472 2019 3600 2084 Dei
3667 2039 3937 2097 nomen,
4016 2019 4202 2086 cuius
4277 2027 4500 2084 tamen

2559 2106 2741 2173 nulla
2784 2128 2943 2171 cura
2989 2106 3095 2173 vel
3141 2105 3355 2173 studio
3398 2114 3782 2189 tanguntur.
3849 2104 4056 2170 Porro
4100 2105 4252 2187 quia
4293 2104 4504 2189 impii,

2559 2213 2686 2276 quo
2727 2191 3047 2257 illustrior
3090 2192 3216 2257 fuit
3245 2192 3371 2257 Dei
3417 2191 3643 2270 virtus,
3689 2191 3745 2255 si
3789 2190 4132 2257 concidere
4168 2190 4310 2256 visa
4354 2191 4502 2257 fue-

2557 2278 2665 2358 rit,
2710 2298 2787 2343 eo
2830 2276 3218 2344 insolentius
3253 2277 3553 2343 feruntur
3598 2275 3678 2341 ad
3728 2275 4276 2341 maledicendum:
4329 2297 4500 2343 sem·

2556 2384 2676 2448 per
2730 2362 3061 2449 rogandus
3117 2373 3220 2428 est
3274 2384 3356 2428 ne
3415 2383 3577 2446 opus
3621 2380 3935 2429 manuum
3976 2382 4279 2443 suarum,
4325 2361 4501 2446 quod

2557 2452 2623 2515 in
2662 2449 2848 2514 nobis
2893 2450 3121 2533 coepit,
3166 2449 3438 2515 deserat.
3496 2448 3652 2515 Huc
3686 2449 3860 2513 enim
3898 2449 4230 2531 pertinent
4265 2449 4498 2516 verba:

2560 2534 2933 2601 Audierunt
3011 2533 3185 2618 quod
3278 2534 3660 2618 apparueris
3758 2533 3947 2599 oculo
4028 2534 4109 2599 ad
4198 2534 4498 2600 oculum:

2560 2621 2711 2705 quia
2770 2620 3099 2687 exstincta
3141 2620 3362 2703 populi
3407 2620 3646 2698 salute,
3706 2617 3995 2686 defectus
4048 2620 4312 2686 nonnisi
4354 2619 4500 2686 Deo

2559 2707 2924 2790 adscriptus
2968 2716 3169 2785 esset,
3232 2705 3342 2790 qui
3389 2705 3745 2788 potentiam
3799 2726 4034 2772 manus
4078 2727 4234 2773 suae
4276 2706 4343 2771 in
4384 2705 4501 2773 illo

2558 2791 2878 2861 servando
2900 2804 3297 2859 exseruerat.
3333 2792 3640 2875 Denique
3661 2793 3828 2857 sicut
3855 2790 4254 2858 admirabilis
4281 2793 4500 2859 exitus

2556 2880 3005 2946 testimonium
3048 2878 3262 2943 fuerat
3301 2878 3543 2945 favoris
3586 2877 3731 2956 Dei,
3778 2880 3870 2944 ita
3911 2879 3966 2944 si
4001 2898 4236 2962 passus
4271 2878 4501 2943 fuisset

2556 2964 2867 3051 populum
2923 2966 2993 3029 in
3052 2963 3309 3030 deserto
3363 2965 3609 3047 perire,
3675 2963 3801 3030 hoc
3864 2983 4092 3030 omnes
4156 2963 4503 3030 duxissent

2556 3051 2961 3116 infirmitatis
3019 3050 3312 3133 signum:
3380 3050 3534 3133 quia
3590 3049 3920 3131 probabile
3986 3068 4122 3115 non
4162 3057 4307 3115 erat
4364 3070 4498 3115 non

2555 3144 2890 3221 praestare
2979 3134 3105 3201 uod
3149 3136 3369 3215 vellet,
3415 3135 3539 3201 nisi
3588 3135 3839 3202 viribus
3883 3135 4367 3202 destitueretur.

2730 3222 2829 3288 17.
3047 3240 3212 3288 nunc
3288 3221 3734 3305 maqnificetur.
3835 3221 4141 3286 Alterum
4221 3220 4498 3287 fiduciae

2557 3315 3021 3393 argumentum
3065 3307 3269 3372 sumit
3310 3327 3394 3372 ex
3439 3307 3721 3385 visione,
3786 3306 3857 3371 in
3900 3328 4028 3389 qua
4083 3304 4270 3372 Deus
4312 3307 4496 3373 lucu·-

2555 3395 2801 3460 lentius
2867 3401 3170 3460 naturam
3224 3413 3410 3458 suam
3465 3400 3894 3476 expresserat.
3981 3393 4090 3458 Ex
4140 3411 4269 3475 quo
4315 3398 4500 3476 patet

2557 3502 2752 3564 quam
2798 3477 3027 3545 dextre
3060 3479 3129 3543 in
3175 3499 3252 3544 ea
3295 3478 3657 3562 profecerit,
3702 3499 3900 3562 seque
3935 3478 4160 3544 sedulo
4197 3484 4267 3543 et
4298 3478 4500 3562 probe

2555 3567 2624 3632 in
2691 3587 2767 3632 ea
2830 3565 3213 3631 exercuerit.
3300 3564 3478 3630 Hinc
3559 3572 3776 3629 tamen
3848 3564 4103 3630 elicitur
4168 3563 4497 3647 generalis

2555 3651 2869 3731 doctrina,
2915 3650 3079 3716 nihil
3122 3670 3265 3715 esse
3308 3649 3630 3715 efficacius
3662 3651 3732 3714 in
3775 3647 4074 3734 precibus
4120 3670 4314 3732 quam
4351 3649 4497 3716 Deo

2558 3737 2828 3805 verbum
2860 3756 3054 3803 sunm
3083 3735 3377 3815 obiicere,
3414 3735 3752 3819 concipere
3783 3735 4063 3819 denique
4099 3743 4250 3802 vota
4274 3743 4499 3802 nostra

2556 3847 2639 3890 ex
2683 3825 2822 3890 eius
2863 3820 3432 3906 promissionibus:
3477 3841 3551 3886 ac
3587 3821 3642 3886 si
3676 3820 3863 3888 nobis
3905 3842 4017 3887 ore
4060 3842 4180 3887 suo
4224 3819 4500 3888 dictaret

2555 3906 2867 3994 quidquid
2903 3906 3362 3990 postulandum
3397 3914 3515 3973 est.
3582 3905 3803 3988 Quum
3836 3908 4060 3990 itaque
4094 3907 4501 3972 memorabili

2557 3994 2727 4079 quod
2793 3993 3078 4061 vidimus
3159 3992 3367 4077 elogio
3431 4014 3501 4059 se
3565 3993 3740 4058 Mosi
3819 3992 4006 4059 Deus
4071 3992 4498 4077 patefecisset,

2556 4080 2708 4147 inde
2766 4087 2946 4146 certa
3003 4080 3175 4144 sumi
3232 4078 3446 4161 potuit
3504 4079 3812 4162 precandi
3854 4079 4088 4144 forma:
4148 4079 4301 4162 quia
4342 4099 4501 4144 nus-

2558 4188 2752 4251 quam
2797 4166 3044 4232 firmior
3084 4163 3404 4231 certitudo
3448 4184 3646 4248 quam
3687 4166 3755 4228 in
3801 4165 3942 4230 eius
3985 4163 4214 4230 verbo:
4263 4166 4332 4229 in
4372 4184 4502 4248 qno

2556 4254 2611 4319 si
2659 4250 2968 4317 fundatae
3013 4259 3209 4316 erunt
3252 4258 3511 4316 nostrae
3554 4271 3794 4333 preces,
3831 4249 4195 4316 timendum
4235 4271 4361 4315 uon
4398 4262 4501 4316 est

2562 4360 2643 4404 ne
2694 4338 2827 4403 sint
2884 4337 3139 4414 irritae,
3202 4336 3304 4402 vel
3367 4355 3486 4402 nos
3543 4346 3816 4401 eventus
3858 4337 4225 4402 frustretur.
4310 4335 4500 4401 Idem

2559 4425 2733 4489 enim
2800 4423 2915 4506 qui
2977 4422 3284 4505 loquutus
3348 4434 3448 4488 est
3513 4441 3812 4488 veracem
3877 4443 3948 4487 se
4005 4420 4321 4504 probabit.
4409 4421 4501 4486 Et

2559 4516 2734 4576 certe
2798 4508 2943 4573 ideo
3010 4507 3325 4590 loquitur,
3392 4516 3467 4575 ut
3534 4506 3719 4572 nobis
3783 4506 4086 4591 loquendi
4157 4507 4498 4573 materiam

2558 4593 2945 4678 suppeditet,
2992 4592 3236 4676 alioqui
3300 4592 3473 4658 enim
3502 4614 3773 4659 necesse
3816 4606 3988 4659 esset
4030 4594 4495 4660 obmutescere.

2561 4681 2735 4761 Quia
2770 4692 2989 4746 autem
3032 4700 3295 4745 versum
3333 4678 3657 4744 decimum
3688 4687 3991 4746 octavum
4019 4679 4174 4746 alibi
4209 4679 4501 4763 exposui,

2556 4766 2713 4832 illuc
2756 4786 2827 4830 se
2869 4763 3212 4831 conferant
3251 4764 3544 4830 lectores.

2699 4850 2836 4917 ’19.
2908 4848 3237 4934 Propitius
3289 4855 3411 4917 esto
3451 4850 3794 4934 iniquitati.
3882 4848 3988 4917 Ad
4044 4870 4225 4934 spem
4274 4849 4502 4915 veniae

2606 4937 2845 5003 rimum
2882 4936 3004 5003 sibi
3042 4936 3558 5020 magnitudinem
3595 4936 3980 5002 clementiae
4013 4936 4141 5001 Dei
4178 4937 4501 5020 proponit,

2560 4959 2795 5089 deinde
2857 5022 3195 5106 superiora
3258 5022 3559 5106 exempla
3613 5022 3846 5105 quibus
3900 5023 4234 5106 cognitum
4287 5022 4503 5087 fuerat

2560 5128 2756 5192 quam
2815 5129 3176 5192 propensus
3233 5118 3406 5175 esset
3450 5110 3632 5174 Deus
3675 5107 3757 5172 ad
3822 5107 4312 5193 ignoscendum.
4403 5110 4503 5176 Ac

2563 5194 2689 5261 Dei
2747 5194 3006 5277 quidem
3066 5193 3536 5272 misericordia,
3604 5195 3855 5277 quoties
3914 5193 4357 5277 peccavimus,
4417 5194 4503 5260 ad

2562 5278 2998 5364 quaerendam
3063 5281 3653 5346 reconciliationem
3712 5290 4025 5364 perpetuo
4071 5300 4191 5345 nos
4234 5280 4504 5347 invitat:

2562 5376 2626 5431 et
2672 5387 2875 5450 quum
2923 5367 3091 5432 mala
3127 5365 3315 5432 malis
3358 5365 3603 5444 addita,
3650 5365 3918 5450 ipsaque
3973 5366 4290 5432 scelerum
4336 5375 4508 5431 atro-
