5017 6142
428 469 554 536 553

427 745 637 844 avitas
700 677 1127 811 exw'onmoo‘i'ibus
1192 676 1801 810 Μὲἕῦῗέσῗεῗαέῗν
1813 655 2371 842 magnamque

416 848 745 982 5332?ae
759 828 1441 1000 mmm
1473 826 2371 995 Wffi‘wiffi

423 1000 596 1084 filios
621 999 785 1081 Gad,
826 1005 883 1066 et
904 1000 991 1066 ad
1020 1000 1357 1067 dimidiam
1390 999 1620 1066 tribum
1643 996 1966 1079 Manasse‚
2010 998 2095 1064 acl
2128 1002 2369 1065 terram

435 1085 694 1164 Gilead,
754 1085 1105 1170 loqnutique
1160 1091 1308 1151 sunt
1361 1106 1502 1153 eum
1555 1086 1680 1165 eis,
1739 1084 2025 1151 disendo:
2098 1084 2198 1148 16.
2260 1083 2368 1149 Sic

428 1174 644 1240 dicum
674 1172 1009 1238 universus
1039 1176 1240 1238 coetus
1274 1170 1562 1237 Iehovae:
1611 1170 1782 1253 Quae
1801 1175 1889 1236 est
1899 1169 2367 1250 praevaricatio

428 1260 587 1338 isia,
643 1277 771 1340 qua
832 1258 1264 1338 praevaricati
1319 1259 1464 1322 estis
1516 1261 1730 1322 eontra
1784 1253 1996 1321 Deum
2040 1253 2264 1334 Israel,
2299 1257 2370 1318 ut

428 1343 802 1410 avertamini
835 1342 1014 1409 hodie
1053 1362 1130 1407 ne
1149 1343 1308 1408 eatis
1344 1348 1486 1424 post
1508 1341 1801 1408 Iehovam
1844 1339 2228 1421 aedificando
2270 1360 2366 1405 vo-

429 1429 526 1496 bis
556 1429 770 1507 altare,
813 1432 886 1493 ut
922 1426 1218 1494 rebelletis
1253 1426 1432 1494 hodie
1472 1433 1686 1493 eontra
1729 1424 2070 1492 Iehovam?
2132 1425 2231 1491 17.
2257 1425 2369 1491 An

421 1513 1021 1599 parumnobisest
1073 1514 1583 1595 omniniquitate
1629 1510 2369 1593 Peor,aquanecdum

428 1620 649 1666 sumus
702 1598 991 1665 mundati
1048 1601 1237 1666 etiam
1289 1598 1467 1665 hodie
1481 1649 1498 1679 ,
1557 1603 1612 1664 et
1652 1603 1859 1664 tamen
1897 1596 2023 1680 fnit
2056 1597 2255 1682 playa
2294 1597 2368 1661 in

430 1692 600 1753 coetu
655 1684 962 1751 Iehovae?
1052 1684 1153 1750 18.
1212 1682 1338 1751 Vos
1390 1690 1600 1751 autem
1654 1683 2010 1749 avertimini
2058 1682 2242 1749 hodie
2292 1702 2368 1747 ne

430 1773 589 1839 eatis
603 1776 744 1854 post
765 1769 1073 1851 Iehowm,
1117 1775 1172 1835 et
1204 1771 1338 1851 erit,
1380 1790 1488 1837 vos
1518 1768 1892 1835 rebellabitis
1933 1767 2116 1834 hodie
2157 1772 2368 1835 contra

432 1856 759 1937 Idumam,
812 1861 870 1921 et
922 1875 1065 1922 eras
1122 1857 1194 1921 in
1246 1860 1434 1922 totum
1491 1860 1722 1922 coetum
1778 1851 1984 1920 Israel
2043 1854 2364 1921 irascetur.

434 1942 537 2008 19.
559 1937 650 2006 Et
669 1941 919 2024 quidem
937 1942 999 2006 si
1020 1941 1343 2007 immunda
1376 1947 1468 2007 est
1485 1945 1652 2007 terra
1663 1939 2086 2023 possessionis
2104 1945 2363 2018 vestrae,

431 2027 694 2093 transite
713 2026 800 2092 ad
833 2031 1066 2092 terram
1086 2028 1505 2109 possessionis
1528 2027 1805 2106 leboriae,
1851 2026 1920 2090 in
1961 2046 2089 2107 qua
2131 2024 2369 2092 habitat

431 2112 894 2179 tabernaculum
917 2111 1196 2191 Iehovae,
1239 2118 1293 2178 et
1313 2113 1736 2196 possessiones
1768 2112 2023 2194 aecipite
2054 2111 2126 2175 in
2166 2110 2368 2175 medio

432 2203 727 2277 nostrum,
768 2202 825 2263 et
844 2202 1055 2264 emitra
1078 2196 1367 2263 Iehovam
1403 2219 1481 2264 ne
1513 2197 1846 2264 rebelletis.-
1886 2216 2080 2280 neque
2113 2218 2156 2262 a
2189 2194 2367 2262 nobis

429 2282 751 2365 deficiatis,
788 2282 1169 2365 aedificando
1190 2283 1362 2348 vobis
1392 2282 1591 2351 altare
1612 2288 1870 2365 praeter
1890 2281 2087 2347 altare
2107 2280 2368 2347 Iehovae

430 2368 558 2436 Dei
590 2369 808 2436 noso-i.
888 2368 990 2434 20.
1039 2368 1262 2434 Nonne
1304 2368 1528 2435 Aelian
1564 2369 1746 2451 filius
1790 2366 1998 2435 Zerah
2027 2366 2366 2449 praevari-

431 2459 606 2520 catus
667 2458 757 2521 est
816 2455 1352 2535 praevaricatione
1420 2455 1493 2520 in
1561 2454 1948 2520 anathemate
1964 2503 1980 2533 ,
2049 2458 2105 2518 et
2157 2457 2367 2519 contra

431 2560 668 2606 omnem
709 2544 939 2605 coetum
982 2538 1191 2605 Israel
1241 2539 1372 2623 fuit
1436 2540 1594 2606 ira?
1652 2545 1708 2607 et
1750 2539 1858 2606 ille
1898 2539 2000 2604 vir
2038 2558 2207 2604 unus
2243 2556 2368 2603 non

431 2625 580 2691 obiit
610 2629 868 2710 propter
909 2625 1304 2708 iniquitatem
1345 2645 1546 2692 suam.

606 2793 706 2860 10.
772 2794 1166 2863 Devenerunt
1209 2801 1432 2863 autem.
1535 2796 1829 2863 Historia
1885 2796 2178 2880 apprime
2234 2815 2368 2859 me-

431 2890 691 2947 moratu
748 2878 947 2967 digna
1001 2882 1171 2966 quod
1231 2882 1398 2949 duae
1459 2883 1668 2948 tribus
1713 2903 1860 2949 cum
1906 2879 2176 2947 dimidia
2216 2901 2367 2947 cum

429 2967 501 3032 in
546 2967 766 3032 animo
810 2967 1129 3034 haberent
1183 2977 1676 3035 monumentum
1715 2969 1965 3052 erigere
2006 2965 2368 3034 communis

430 3053 618 3131 fidei,
678 3061 744 3117 et
792 3052 1121 3119 fraternae
1165 3053 1574 3133 concordiae,
1636 3054 1776 3120 zelo
1818 3062 2037 3120 tamen
2082 3052 2366 3119 inconsi-

430 3138 658 3204 derato
702 3139 1024 3203 rationem
1067 3140 1326 3222 sequuti
1369 3149 1543 3219 sunt,
1589 3159 1753 3222 quae
1788 3139 2022 3206 merito
2056 3138 2367 3204 fratribus

428 3230 734 3309 suspecta
773 3231 964 3290 esset.
1049 3225 1295 3293 Decem
1337 3246 1499 3292 vero
1543 3225 1769 3303 tribus,
1814 3246 2015 3308 quum
2061 3228 2369 3307 putarent

425 3310 633 3394 impia
708 3308 981 3376 audacia
1052 3319 1120 3375 et
1185 3313 1552 3377 temeritate
1613 3311 1842 3377 violari
1902 3310 2151 3377 cultum
2219 3309 2367 3387 Dei,

427 3406 659 3462 sancta
715 3395 814 3460 ira
871 3416 1180 3462 accensae
1234 3417 1417 3462 arma
1470 3404 1922 3481 sumpserunt,
1979 3404 2058 3461 ut
2099 3397 2169 3460 in
2212 3414 2364 3478 pro-

425 3482 646 3567 prium
694 3482 1079 3565 sanguinem
1139 3482 1503 3561 saevirent,
1558 3502 1676 3548 nec
1731 3482 2022 3566 placatae
2077 3479 2366 3558 fuerunt,

425 3566 562 3632 nisi
626 3566 802 3632 iusta
867 3567 1310 3634 satisfactione
1374 3578 1656 3651 accepta.
1746 3568 1936 3633 Finis
1981 3565 2368 3632 exstruendi

429 3652 661 3718 altaris
702 3673 819 3736 per
876 3674 946 3720 se
1002 3665 1222 3720 rectus
1278 3655 1422 3720 fuit.
1511 3653 1930 3738 Propositum
1987 3653 2164 3718 enim
2225 3658 2369 3717 erat

426 3737 582 3804 filiis
617 3737 887 3819 Ruben,
931 3746 998 3804 et
1042 3739 1224 3820 Gad,
1266 3749 1333 3805 et
1376 3739 1719 3820 Manasse,
1772 3739 2021 3817 testari,
2066 3738 2368 3822 quamvis

426 3822 721 3889 fluminis
764 3824 1119 3890 interstitio
1163 3823 1360 3890 divisi
1402 3834 1636 3902 essent,
1682 3827 1750 3891 in
1796 3825 2108 3909 religione
2143 3834 2366 3888 tamen

428 3909 842 3991 coniunctos,
902 3920 970 3975 et
1028 3918 1329 3977 mutuum
1389 3912 1609 3977 fovere
1648 3931 2040 3977 consensum
2085 3910 2155 3974 in
2201 3909 2366 3993 legis

430 3994 746 4062 doctrina.
831 3994 1016 4061 Nihil
1060 4004 1281 4062 autem
1324 3998 1542 4063 minus
1587 4007 1729 4061 erat
1770 3997 1836 4061 in
1881 3997 2126 4074 anime,
2171 4015 2366 4078 quam

426 4080 504 4146 in
547 4080 673 4145 Dei
719 4079 897 4146 cultu
943 4082 1296 4166 quidquam
1341 4103 1604 4150 novare.
1671 4083 1924 4147 Verum
1963 4101 2095 4146 non
2132 4081 2368 4145 leviter

428 4175 815 4251 peccarunt,
859 4166 1027 4250 quod
1073 4168 1423 4251 praeterito
1466 4189 1723 4235 summo
1762 4166 2112 4245 sacerdote,
2158 4174 2225 4231 et
2266 4167 2366 4231 in-

430 4251 744 4320 consultis
776 4250 1107 4332 fratribus,
1144 4275 1281 4319 rem
1306 4275 1542 4320 novam
1581 4254 1872 4339 aggressi
1907 4261 2098 4319 sunt:
2134 4252 2368 4317 deinde

429 4335 602 4422 quod
665 4335 878 4403 forma
939 4339 1083 4421 ipsa
1147 4339 1502 4406 testimonii
1564 4340 1634 4404 in
1699 4338 2034 4406 sinistram
2113 4348 2366 4422 partem

432 4422 608 4488 trahi
649 4431 921 4506 poterat.
1012 4421 1272 4490 Scimus
1316 4446 1509 4510 quam
1553 4446 1780 4492 severe
1823 4424 1930 4490 lex
1976 4424 2102 4490 duo
2137 4424 2369 4489 altaria

434 4510 719 4575 vetuerit
763 4506 1000 4595 (Exod.
1047 4509 1160 4590 20,
1204 4509 1346 4597 24):
1401 4512 1552 4595 quia
1595 4511 1855 4577 volebat
1895 4511 2077 4576 Deus
2121 4510 2192 4574 in
2238 4530 2368 4575 uno

433 4595 576 4661 loco
620 4602 873 4661 tantum
921 4595 1062 4661 coli.
1151 4594 1371 4677 Quum
1430 4598 1648 4681 itaque
1705 4618 1786 4663 ex
1832 4606 2095 4680 aspectu
2140 4596 2367 4662 statim

434 4679 739 4746 omnibus
783 4681 852 4744 in
898 4688 1186 4746 mentem
1237 4683 1520 4763 veniret,
1577 4703 1685 4749 eos
1742 4681 2099 4748 secundum
2162 4682 2369 4747 altare

436 4775 758 4847 statuere,
816 4767 961 4849 quis
1018 4785 1148 4832 non
1209 4788 1317 4833 eos
1375 4768 1694 4853 sacrilegii
1739 4769 2141 4846 damnasset,
2199 4766 2371 4852 quod

433 4854 639 4918 ritum
681 4870 721 4916 a
761 4850 909 4936 lege
953 4853 1077 4919 Dei
1132 4853 1415 4919 alienum
1435 4905 1451 4933 ,
1511 4861 1579 4918 et
1646 4851 2036 4939 degenerem
2096 4852 2367 4920 fabrica·

434 4936 630 5004 rent?
733 4936 958 5018 Quum
1016 4959 1173 5023 ergo
1232 4940 1538 5006 vitiosum
1600 4961 1760 5025 opus
1817 4939 2071 5007 censeri
2133 4948 2369 5024 posset,

438 5025 799 5091 debuerant
856 5034 1029 5091 certe
1083 5026 1152 5090 in
1210 5048 1281 5091 re
1338 5036 1521 5091 tanta
1578 5033 1645 5090 et
1698 5036 1833 5092 tam
1899 5025 2070 5092 seria
2134 5025 2371 5092 fratres

435 5129 589 5178 suos
631 5109 844 5177 facere
887 5111 1141 5178 consilii
1187 5112 1291 5177 sui
1334 5111 1709 5195 participes:
1763 5111 2149 5196 praesertim
2193 5133 2369 5178 sum-

436 5219 620 5264 mum
656 5195 1055 5264 sacerdotem
1088 5197 1609 5281 praetermittere
1644 5197 1828 5264 nefas
1861 5196 2004 5276 fuit,
2050 5217 2251 5280 quum
2287 5219 2371 5263 ex

436 5286 578 5351 eius
620 5303 733 5350 ore
777 5283 1148 5366 quaerenda
1190 5294 1360 5350 esset
1399 5283 1525 5350 Dei
1570 5281 1893 5348 voluntas.
1983 5282 2368 5367 Reprehen-

439 5371 620 5436 sione
672 5369 875 5455 igitur
927 5367 1111 5454 digni
1164 5370 1462 5448 fuerunt,
1523 5368 1676 5453 quia
1717 5368 1990 5455 perinde
2033 5390 2108 5435 ac
2150 5369 2207 5435 si
2250 5368 2372 5435 soli

1557 464 2298 535 COMMENTARIUS
2341 465 2443 532 IN
2487 462 2766 534 IOSUE
2810 466 3011 532 OAP.
3052 464 3287 533 XXII.

4291 466 4419 533 554

2470 666 2692 720 essent
2734 653 2805 718 in
2841 653 3104 732 mundo,
3148 675 3283 720 non
3319 660 3713 739 reputarunt
3746 653 3956 739 qualis
3990 655 4200 738 possit
4233 655 4416 723 nasci

2468 739 2743 806 offensio
2786 761 2868 806 ex
2913 740 3209 805 novitate
3251 741 3553 824 exempli.
3620 739 3841 821 Quare
3878 740 4204 808 discamus
4247 741 4416 807 nihil

2467 823 2949 892 inconsiderate
3008 824 3315 910 aggredi,
3377 828 3578 893 etiam
3637 826 3695 890 si
3752 826 3911 893 vitio
3955 835 4203 905 careat,
4258 828 4415 910 quin

2466 912 2684 995 potius
2720 932 2975 995 semper
3010 921 3310 978 occurrat
3332 911 3523 978 Pauli
3560 910 3936 996 admoniti0‚
3979 933 4114 978 non
4159 921 4414 979 tantum

2467 995 2627 1080 quid
2692 997 2887 1063 liceat
2950 997 3378 1080 spectandum
3446 1018 3621 1076 esse,
3687 995 3805 1063 sed
3861 997 4017 1082 quid
4073 998 4412 1082 expediat:

2468 1083 2852 1166 praesertim
2908 1081 3132 1149 sedulo
3189 1082 3551 1150 cavendum
3603 1104 3687 1147 ne
3730 1103 3857 1167 quo
3900 1105 4071 1151 novo
4115 1085 4415 1169 exemplo

2467 1169 2807 1235 turbemus
2842 1169 2982 1251 pios
3026 1170 3279 1235 animos
3354 1170 3411 1234 1.
3458 1167 3609 1235 Oor.
3656 1169 3846 1250 6‚‘12
3890 1183 3956 1236 et
4000 1169 4102 1250 10,
4142 1169 4273 1257 23).

2642 1254 2742 1319 11.
2780 1253 3146 1321 Audierunt
3173 1254 3299 1337 filii
3363 1254 3552 1320 srael.
3620 1255 3772 1320 Non
3812 1255 4082 1321 dubium
4120 1268 4219 1322 est
4253 1256 4411 1339 quin

2468 1347 2695 1406 sancto
2739 1339 2878 1405 zelo
2922 1340 3432 1419 excanduerint,
3477 1360 3690 1423 neque
3739 1341 4154 1407 vehementia
4195 1341 4413 1408 videri

2466 1426 2673 1491 nimia
2716 1424 2927 1505 debet,
2972 1425 3141 1510 quod
3187 1424 3267 1491 ob
3310 1425 3680 1510 congeriem
3729 1424 4021 1510 lapidum
4062 1425 4147 1492 ad
4190 1425 4412 1494 delen-

2468 1511 2585 1578 dos
2641 1532 2795 1577 suos
2847 1511 3193 1595 populares
3248 1532 3317 1577 se
3377 1511 3799 1579 armaverint.
3889 1512 4063 1579 Vere
4122 1513 4297 1579 enim
4344 1521 4412 1578 et

2465 1596 2825 1680 prudenter
2908 1596 3281 1664 iudicarunt
3355 1596 3764 1680 pessumdari
3840 1597 4205 1679 legitimum
4284 1598 4414 1665 Dei

2467 1684 2943 1762 sanctuarium,
3002 1684 3141 1748 eius
3196 1683 3446 1750 cultum
3504 1684 3870 1766 profanari,
3931 1705 4118 1751 sacra
4159 1683 4411 1766 violari,

2468 1767 2772 1854 dissipari
2814 1790 3205 1835 consensum
3249 1767 3510 1853 pietatis
3527 1818 3543 1847 ,
3586 1770 3856 1835 ianuam
3900 1770 4138 1853 aperiri
4182 1790 4413 1854 super-

2468 1855 2807 1921 stitionum
2849 1854 3169 1932 licentiae,
3214 1855 3272 1919 si
3316 1853 3568 1920 duobus
3612 1855 3681 1920 in
3724 1855 3881 1922 locis
3918 1854 4413 1921 immolarentur

2469 1940 2613 2006 Deo
2654 1939 2988 2007 victimae:
3046 1940 3278 2023 quibus
3322 1941 3519 2005 etiam
3565 1940 3645 2007 de
3689 1941 3902 2007 causis
3948 1953 4079 2008 tam
4123 1943 4414 2027 graviter

2467 2033 2681 2091 totum
2734 2026 3049 2110 populum
3109 2025 3189 2091 ad
3247 2046 3454 2091 unum
3513 2025 3716 2092 altare
3761 2026 4174 2093 astrinxerat.
4262 2027 4413 2093 Non

2467 2120 2717 2177 temere
2760 2113 2983 2195 itaque
3026 2110 3246 2176 decem
3293 2110 3501 2176 tribus
3545 2111 3929 2196 sacrilegam
3967 2113 4304 2179 audaciam
4338 2113 4412 2178 in

2468 2198 2740 2282 profano
2784 2197 2977 2263 altari
3022 2197 3448 2263 detestantur.
3518 2195 3741 2279 Quare
3777 2198 3885 2263 hic
3927 2200 4114 2266 nobis
4157 2198 4413 2265 illustre

2466 2284 2856 2367 proponitur
2919 2284 3244 2366 specimen
3309 2282 3603 2366 pietatis,
3666 2295 3741 2348 ut
3797 2284 3856 2349 si
3914 2284 4215 2351 videmus
4271 2306 4413 2352 cor-

2469 2370 2691 2452 rumpi
2754 2389 2991 2452 purum
3036 2369 3162 2434 Dei
3224 2369 3471 2435 cultum
3492 2419 3507 2446 ,
3574 2369 3909 2450 acerrimi,
3967 2382 4284 2452 quantum
4339 2371 4410 2436 in

2467 2453 2656 2520 nobis
2699 2454 2843 2532 erit,
2889 2456 3094 2520 simus
3137 2454 3275 2521 eius
3332 2453 3643 2520 vindices.
3731 2454 3881 2520 Non
3924 2455 4224 2521 omnibus
4267 2457 4411 2540 qui-

2469 2539 2621 2605 dem
2666 2539 2857 2606 datus
2901 2548 3002 2606 est
3045 2538 3300 2625 gladius
3335 2541 3404 2605 in
3442 2561 3744 2606 manum:
3788 2539 3905 2606 sed
3938 2562 4055 2624 pro
4090 2562 4210 2606 sua
4242 2541 4416 2625 quis-

2471 2647 2598 2710 que
2642 2625 2979 2693 vocatione
3022 2635 3088 2691 et
3131 2626 3359 2705 officio,
3402 2625 3688 2693 viriliter
3724 2634 3791 2692 et
3827 2634 4201 2693 constanter
4236 2647 4412 2693 asse-

2471 2731 2619 2779 rere
2662 2711 2924 2777 studeat
2965 2733 3200 2795 purum
3247 2710 3585 2794 religionis
3628 2720 3871 2778 statum
3917 2720 4144 2778 contra
4184 2732 4414 2779 omnes

2471 2797 2894 2880 corruptelas.
2981 2797 3273 2864 Maxime
3331 2817 3488 2863 vero
3545 2818 3698 2863 rara
3751 2796 3947 2864 laude
4002 2797 4242 2882 dignus
4284 2798 4412 2864 fuit

2471 2884 2653 2949 zelus
2718 2882 3024 2949 dimidiae
3088 2883 3299 2950 tribus
3368 2882 3710 2962 Manasse‚
3791 2903 3956 2967 quae
4031 2883 4412 2966 posthabito

2471 2968 2689 3037 carnis
2733 2975 3049 3052 respectu,
3092 2968 3379 3034 familiae
3423 2989 3578 3035 suae
3623 2989 3754 3034 non
3789 2970 4098 3053 pepercit.
4142 2968 4411 3034 Interea

2470 3055 2675 3121 fateor
2700 3054 2821 3120 hoc
2855 3055 3158 3137 quamvis
3192 3055 3375 3137 pium
3398 3054 3686 3120 studium
3713 3075 3844 3120 non
3868 3054 4159 3121 caruisse
4183 3054 4411 3121 turbu-

2469 3141 2652 3207 lento
2706 3141 2985 3223 impetu:
3046 3140 3199 3224 quia
3255 3149 3606 3222 antequam
3663 3140 3969 3205 sciscitati
4027 3141 4271 3206 fuerint
4328 3140 4409 3207 de

2469 3227 2748 3292 fratrum
2793 3246 3060 3291 suorum
3105 3225 3356 3304 anime,
3398 3233 3465 3291 et
3506 3245 3769 3292 causam
3814 3224 4011 3308 probe
4056 3226 4408 3305 tenuerint,

2470 3319 2822 3396 properant
2863 3310 2942 3375 ad
2990 3310 3232 3376 bellum
3276 3309 3774 3377 decernendum.
3861 3311 4104 3377 Fateor
4147 3310 4408 3395 quidem

2468 3397 2539 3463 id
2583 3418 2714 3463 non
2760 3397 2906 3462 fieri
2950 3396 3079 3462 nisi
3120 3394 3244 3462 sub
3288 3395 3682 3462 conditione:
3740 3398 3891 3480 quia
3946 3396 4199 3481 legatos
4255 3397 4409 3462 mit-

2469 3493 2653 3563 tunt,
2707 3483 2818 3566 qui
2876 3502 3137 3548 causam
3180 3481 3345 3548 bene
3388 3489 3455 3547 et
3497 3483 3761 3566 penitus
3805 3491 4200 3566 compertam
4243 3484 4410 3549 refe-

2468 3580 2655 3648 rant,
2714 3588 2835 3633 nec
2890 3566 3168 3650 digitum
3213 3576 3484 3634 movent
3538 3567 3619 3633 ad
3678 3588 3954 3651 poenam
4000 3567 4409 3653 exigendam,

2468 3655 2674 3721 donec
2719 3653 2874 3719 facti
2918 3654 3053 3718 sint
3095 3653 3359 3719 sceleris
3406 3653 3736 3721 certiores.
3824 3653 4055 3738 Itaque
4112 3656 4409 3721 excusari

2466 3747 2682 3825 potest
2723 3739 3098 3806 iracundiae
3150 3738 3401 3817 fervor,
3463 3737 3620 3804 dum
3663 3761 3734 3806 se
3779 3739 3863 3804 ad
3905 3760 4193 3825 pugnam
4237 3760 4410 3808 oom-

2467 3834 2720 3913 parant‚
2764 3826 2821 3890 si
2864 3845 2992 3909 qua
3034 3824 3306 3891 defectio
3350 3823 3759 3908 deprehensa
3800 3825 4016 3891 fuerit.

2642 3912 2743 3977 16.
2793 3909 2901 3977 Sic
2942 3910 3170 3978 dieunt.
3259 3910 3545 3976 Perinde
3590 3932 3665 3978 ac
3720 3910 3780 3976 si
3821 3911 4158 3996 cognitum
4219 3925 4411 3993 esset,

2467 3999 2659 4065 unico
2700 3997 2832 4063 Dei
2876 3996 3068 4063 altari
3111 3997 3237 4062 hoc
3279 3996 3636 4063 secundum
3680 4017 3821 4063 esse
3864 3997 4228 4080 oppositum
4249 4050 4266 4078 ,
4330 3999 4411 4064 ab

2468 4083 2921 4164 obiurgatione
2985 4083 3343 4165 incipiunt,
3407 4091 3475 4148 et
3537 4081 3801 4166 quidem
3872 4082 4066 4149 valde
4126 4083 4293 4150 dura
4345 4094 4415 4151 et

2466 4190 2718 4254 aspera.
2785 4167 3076 4235 Sumunt
3109 4167 3313 4254 igitur
3351 4166 3474 4234 hoc
3509 4188 3628 4251 pro
3650 4166 3962 4248 confesso,
4004 4177 4412 4236 exstructum

2468 4276 2612 4322 esse
2650 4255 2875 4333 altare,
2913 4254 2981 4319 in
3006 4274 3132 4338 quo
3168 4252 3336 4319 duae
3358 4252 3571 4319 tribus
3605 4255 3926 4320 sacrificia
3958 4276 4078 4321 sua
4111 4255 4409 4321 offerant.

2468 4341 2600 4407 Hic
2643 4361 2753 4406 eos
2796 4340 2967 4406 fallit
3009 4341 3258 4423 opinio,
3304 4340 3457 4423 quia
3498 4339 3570 4404 in
3614 4338 3819 4405 alium
3865 4361 4058 4407 usum
4102 4350 4171 4407 et
4214 4343 4410 4407 finem

2468 4437 2611 4493 erat
2654 4425 3075 4492 destinatum.
3163 4425 3371 4491 Porro
3414 4424 3471 4491 si
3513 4445 3748 4491 verum
3789 4425 4019 4492 fuisset
4060 4426 4233 4510 quod
4275 4428 4415 4493 ani-

2469 4514 2594 4580 mis
2650 4521 3109 4595 conceperant,
3168 4511 3345 4577 iusta
3399 4519 3574 4577 esset
3624 4520 3760 4577 tota
3805 4513 4242 4595 expostulatio
4284 4532 4413 4596 qua

2467 4606 2776 4665 utuntur:
2824 4605 2967 4664 erat
2998 4597 3175 4662 enim
3209 4597 3457 4664 clarum
3496 4596 3878 4664 defectionis
3912 4597 4178 4676 crimen,
4224 4597 4411 4682 quid-

2467 4705 2665 4768 quam
2708 4692 2966 4750 mutare
3007 4682 3075 4748 in
3116 4683 3261 4769 lege
3304 4681 3455 4764 Dei,
3498 4684 3603 4751 cui
3646 4682 4021 4750 obedientia
4063 4682 4269 4767 pluris
4311 4693 4413 4751 est

2468 4789 2666 4854 quam
2708 4789 2934 4835 omnes
2994 4768 3298 4836 victimae
3342 4767 3429 4855 (1.
3476 4766 3656 4834 Sam.
3705 4768 3819 4850 15,
3867 4767 4005 4855 22):
4063 4790 4139 4836 ac
4180 4769 4251 4833 in
4296 4789 4410 4852 op-

2468 4857 2633 4921 tima
2674 4855 2926 4921 ratione
2960 4854 3236 4921 fundata
3268 4865 3369 4921 est
3403 4854 3564 4922 haec
3599 4853 4089 4936 comdemnatio,
4124 4874 4236 4920 eos
4269 4876 4411 4922 esse

2469 4947 2817 5025 apostatas,
2860 4941 2971 5023 qui
3012 4960 3083 5005 se
3128 4938 3210 5005 ab
3247 4941 3442 5007 unico
3485 4940 3677 5006 altari
3711 4939 4100 5006 subducunt.

2643 5026 2743 5092 17.
2791 5027 2900 5091 An
2929 5045 3173 5107 parum
3220 5024 3396 5091 nobis
3439 5031 3543 5091 est.
3633 5024 3869 5092 Scelus
3925 5026 4329 5108 amplificant
4371 5049 4410 5093 a

2467 5110 2845 5198 pertinacia,
2934 5111 3064 5177 uod
3108 5133 3238 5178 non
3285 5110 3586 5177 desinant
3629 5110 3842 5177 Deum
3888 5110 4163 5177 subinde
4205 5112 4410 5178 laces—

2469 5217 2615 5265 sere
2674 5196 2813 5264 suis
2872 5219 2912 5263 a
2996 5196 3481 5265 minationibus.
3576 5196 3937 5263 Proferunt
3989 5197 4061 5261 in
4120 5196 4409 5265 medium

2470 5284 2728 5369 insigne
2805 5283 3209 5367 exemplum,
3276 5304 3352 5350 ac
3415 5282 3692 5349 recentis
3755 5281 4126 5349 memoriae.
4235 5283 4408 5350 Nam

2472 5390 2673 5455 quum
2731 5389 2771 5435 a
2835 5379 3114 5453 quatuor
3178 5360 3389 5454 plagis
3453 5366 3677 5433 mundi
3743 5367 4225 5436 circumdarent
4278 5370 4408 5436 Dei
