5017 6142
526 421 619 489 95
1935 413 2342 481 REDI'I'US
2386 416 2518 481 AD
2561 414 3107 483 HISTORIAM.
4436 415 4523 482 96

534 612 704 675 riam
766 607 1002 673 afferre
1066 606 1458 672 hominibus.
1556 603 1785 690 Neque
1850 605 2028 672 enim
2105 605 2474 689 promiscue

534 713 761 763 omnes
802 691 885 761 ad
932 713 1138 757 unum
1184 691 1328 757 vult
1369 691 1678 757 interfici:
1725 691 1840 757 sed
1884 699 2143 756 tantum
2186 692 2475 757 animose

536 800 809 865 pergere
850 779 1030 845 iubet
1064 776 1375 843 Levitae:
1435 787 1507 842 ut
1565 779 1620 842 si
1677 776 1845 842 forte
1900 778 2258 842 accurrerit
2298 776 2476 859 quis-

582 868 715 932 iam
759 874 969 931 morte
1013 863 1283 947 dignus,
1339 884 1423 928 ne
1466 863 1804 947 cognatio,
1851 862 1955 928 vel
2002 862 2322 941 amicitia,
2370 862 2475 926 vel

568 951 950 1019 amiliaritas
999 948 1313 1034 impediat
1355 949 1462 1014 vel
1506 957 1798 1014 moretur
1840 949 2052 1013 iustae
2100 948 2476 1013 severitatis

539 1059 816 1106 cursum.
900 1036 1045 1102 Imo
1102 1056 1306 1119 quum
1361 1034 1554 1119 paulo
1611 1043 1757 1118 post
1800 1042 2142 1117 sequatur:
2201 1033 2478 1099 Levitae

539 1126 771 1192 fecisse
835 1120 1007 1206 quod
1073 1122 1196 1186 sibi
1260 1120 1650 1186 mandatum
1715 1128 1889 1197 erat,
1969 1119 2336 1204 colligimus
2400 1139 2480 1184 ea

540 1210 982 1277 moderatione
1033 1215 1409 1272 contentum
1467 1206 1666 1272 fuisse
1722 1224 1893 1289 quae
1934 1204 2020 1269 ad
2062 1203 2474 1270 clementiam

541 1296 752 1380 magis
793 1314 988 1376 quam
1032 1291 1115 1357 ad
1151 1294 1436 1376 rigorem
1473 1289 1823 1358 accederet.
1893 1288 1970 1356 Si
2012 1310 2139 1372 qua
2177 1292 2250 1355 in
2292 1311 2478 1356 exer-

542 1382 677 1448 citu
711 1389 940 1445 exorta
982 1378 1069 1444 sit
1111 1377 1362 1457 seditio,
1404 1399 1570 1461 quae
1610 1377 1694 1442 ad
1732 1377 1868 1443 vim
1904 1397 2112 1459 usque
2148 1383 2217 1441 et
2249 1376 2478 1442 caedes

540 1485 886 1551 progressa
927 1464 1032 1542 sit,
1076 1464 1405 1528 communi
1447 1463 1594 1528 iure
1636 1462 1807 1529 solet
1848 1463 2205 1545 imperator
2250 1462 2476 1527 noxios

543 1552 900 1618 decimare:
966 1557 1210 1632 quanto
1265 1549 1486 1614 mitior
1538 1548 1851 1632 puniendi
1909 1548 2112 1613 ratio:
2179 1546 2336 1612 dum
2392 1569 2473 1613 ex

541 1638 864 1704 sexcentis
927 1634 1217 1700 millibus
1291 1655 1426 1700 non
1493 1645 1773 1718 pereunt
1835 1633 1965 1698 nisi
2039 1634 2167 1697 tria
2224 1632 2473 1698 millia?

544 1723 863 1804 Quamvis
907 1741 1063 1805 ergo
1097 1719 1350 1786 duriter
1383 1721 1454 1785 in
1489 1740 1732 1803 paucos
1767 1717 2267 1798 animadvertat,
2308 1718 2477 1784 lenis

544 1819 768 1874 tamen
812 1807 1062 1874 censeri
1126 1805 1316 1871 debet
1358 1805 1699 1890 castigatio
1755 1825 1921 1889 quae
1964 1805 2032 1870 in
2080 1804 2299 1887 plures
2344 1825 2477 1869 non

541 1903 881 1980 grassatur
937 1892 1227 1958 eiusdem
1284 1891 1546 1958 sceleris
1602 1911 1766 1957 reos.
1857 1889 2215 1971 Quaeritur
2259 1903 2478 1955 tamen

541 1980 888 2046 nullumne
953 1999 1040 2043 an
1106 1977 1364 2060 aliquod
1436 1976 1788 2042 discrimen
1865 1977 2122 2059 sequuti
2199 1975 2475 2042 fuerint:

542 2087 696 2131 nam
739 2066 1007 2131 obvium
1066 2083 1387 2146 quemque
1443 2062 1718 2127 fortuitu
1778 2062 2134 2140 trucidare,
2193 2064 2368 2127 caeci
2411 2069 2480 2127 et

540 2150 904 2217 turbulenti
947 2150 1179 2214 fuisset
1232 2149 1534 2231 impetus.
1622 2148 1817 2215 Hanc
1876 2146 2345 2213 absurditatem
2402 2156 2480 2212 ut

538 2237 859 2321 effugiant
901 2235 1164 2319 quidam
1207 2234 1436 2299 Iudaei
1456 2264 1479 2313 ‚·
1524 2233 1606 2299 ad
1664 2234 1984 2300 insulsam
2026 2234 2315 2299 fabulam
2360 2254 2479 2298 suo

540 2343 721 2388 more
764 2321 1180 2406 confugiunt,
1236 2328 1502 2386 ventres
1546 2340 1771 2385 eorum
1811 2319 1923 2404 qui
1968 2320 2210 2385 scelere
2254 2328 2478 2385 conta-

539 2409 771 2473 minati
835 2406 1096 2472 fuerant
1156 2406 1551 2471 intumuisse
1609 2426 1813 2488 aquae
1878 2414 2055 2489 potu.
2160 2402 2356 2485 Quod
2422 2405 2479 2471 si

540 2494 850 2576 mcipitur
866 2542 881 2570 ,
926 2502 1143 2557 tumor
1185 2493 1255 2556 in
1298 2512 1527 2557 omnes
1570 2500 1906 2575 grassatus
1948 2498 2137 2557 esset.
2226 2489 2475 2555 Verum

539 2580 796 2645 reiectis
860 2576 1099 2643 talibus
1164 2578 1578 2656 commentis,
1643 2577 1975 2660 probabile
2045 2586 2148 2642 est
2205 2576 2476 2642 Levitas

538 2665 810 2730 minime
874 2663 1141 2729 latuisse
1205 2663 1475 2746 quinam
1551 2663 1747 2746 primi
1827 2663 2105 2729 fuissent
2182 2664 2476 2744 perversi

540 2750 793 2816 consilii
835 2747 1030 2814 duces
1049 2799 1064 2829 ‚
1115 2769 1395 2831 quorum
1437 2749 1725 2832 impulsu
1768 2748 1998 2833 reliqui
2044 2747 2127 2813 ad
2170 2747 2475 2812 defectio·

541 2838 690 2902 ne‘m
751 2835 940 2900 tracti
996 2833 1274 2900 fuerant.
1362 2833 1612 2900 Iudicio
1663 2835 1883 2917 itaque
1925 2841 1991 2899 et
2033 2832 2286 2899 delectu
2330 2833 2475 2898 vin-

544 2922 780 2987 dictam
827 2930 1263 2985 exercuerunt
1326 2942 1369 2984 n
1427 2920 1555 2985 tria
1610 2920 1846 2985 millia:
1902 2929 1970 2987 et
2025 2921 2179 2987 hinc
2234 2919 2477 2985 factum

540 3013 643 3073 est
683 3014 760 3072 ut
803 3005 1160 3072 tolerabilis
1202 3014 1376 3071 esset
1417 3007 1595 3089 rigor
1636 3005 2016 3090 placideque
2059 3014 2236 3073 totus
2271 3026 2478 3089 popu-

542 3094 646 3159 lus
709 3091 1100 3176 quiesceret,
1168 3112 1373 3175 quum
1437 3091 1711 3158 sublatis
1774 3113 1811 3157 e
1867 3091 2082 3157 medio
2148 3090 2479 3175 pestiferis

542 3178 916 3245 hominibus
962 3197 1118 3243 suae
1161 3177 1358 3243 saluti
1412 3177 1660 3244 consuli
1717 3177 2034 3244 viderent.
2125 3176 2475 3243 Caeterum

543 3263 843 3348 quamvis
884 3262 1005 3328 sibi
1050 3271 1372 3347 temperet
1413 3265 1662 3330 Moses:
1707 3263 2068 3330 notandum
2114 3270 2335 3328 tamen
2379 3272 2478 3329 est

541 3348 714 3433 quod
756 3349 1184 3414 inflexibilem
1227 3351 1663 3416 constantiam
1708 3372 1748 3414 a
1791 3350 2052 3416 Levitis
2104 3350 2342 3432 exigit,
2396 3371 2477 3413 ne

542 3435 687 3518 quis
708 3435 1207 3500 necessitudinis
1240 3446 1573 3518 respectus
1609 3457 1833 3501 eorum
1869 3435 2123 3501 animos
2158 3435 2473 3501 emolliat:

538 3521 693 3603 quia
755 3518 918 3584 nihil
996 3526 1174 3586 recto
1250 3520 1489 3587 iudicio
1568 3523 1778 3605 magis
1853 3520 2203 3587 adversum
2278 3542 2475 3604 quam

540 3609 1039 3692 προσωποληψία.
1127 3605 1277 3671 Iam
1332 3628 1466 3672 non
1508 3607 1625 3672 abs
1671 3628 1743 3673 re
1797 3607 2155 3673 laudantur
2197 3608 2477 3675 Levitae

540 3689 715 3776 quod
754 3692 1097 3774 paruerint
1133 3692 1276 3757 eius
1319 3692 1622 3775 imperio:
1668 3693 1820 3775 quia
1854 3713 1989 3759 non
2025 3693 2317 3777 vulgaris
2352 3694 2477 3759 fuit

543 3777 747 3843 animi
790 3777 1127 3855 fortitudo,
1175 3785 1344 3843 totas
1386 3777 1725 3844 duodecim
1770 3779 1979 3844 tribus
2022 3779 2292 3863 aggredi
2335 3779 2477 3863 qui-

543 3863 664 3929 bus
717 3884 802 3928 ne
856 3863 1235 3930 duodecima
1288 3863 1546 3947 quidem
1614 3886 1697 3929 ex
1763 3871 1947 3948 parte
2010 3885 2202 3948 pares
2267 3873 2477 3931 erant.

542 3949 864 4014 Videmus
912 3949 1331 4032 plerumque,
1392 3949 1450 4015 si
1501 3950 1722 4033 plures
1765 3949 1991 4017 eodem
2049 3951 2289 4016 scelere
2346 3953 2479 4017 sint

538 4034 853 4115 obstricti,
890 4033 1137 4101 iudices
1172 4043 1353 4101 metu
1385 4035 1689 4101 factionis
1724 4036 2070 4120 trepidare,
2107 4044 2174 4102 et
2211 4036 2479 4101 tandem

539 4121 908 4185 exanimari
965 4129 1043 4185 ut
1097 4120 1177 4185 ab
1236 4121 1449 4188 officio
1506 4121 1832 4189 deficiant.
1920 4123 2102 4187 Rara
2155 4142 2313 4206 ergo
2356 4122 2480 4187 zeli

539 4206 750 4271 virtus
794 4205 866 4269 in
909 4206 1185 4287 Levitis,
1226 4206 1380 4272 dum
1426 4208 1798 4290 posthabito
1840 4208 2112 4291 periculi
2159 4215 2476 4292 respectu,

539 4290 685 4357 ausi
728 4300 883 4356 sunt
924 4292 1247 4377 intrepide
1291 4300 1541 4359 tantam
1582 4295 1655 4359 in
1697 4316 1768 4359 se
1798 4293 2287 4360 multitudinem
2330 4314 2479 4376 pro-

541 4396 796 4443 vocare.
886 4378 1106 4461 Atque
1159 4378 1319 4445 haec
1361 4388 1588 4446 sancta
1630 4377 1993 4464 indignatio
2037 4380 2478 4463 poenitentiae

540 4483 768 4528 eorum
812 4462 1062 4529 fructus
1113 4464 1267 4544 fuit,
1326 4462 1480 4530 dum
1538 4466 1783 4531 strictis
1840 4463 2077 4550 gladiis
2122 4486 2231 4531 eos
2269 4465 2477 4548 impe-

545 4560 685 4612 tere
738 4569 869 4613 non
924 4546 1309 4615 dubitarunt
1365 4570 1639 4633 quorum
1698 4551 1922 4617 vultus
1976 4551 2266 4617 minaces
2323 4560 2478 4615 ante

545 4655 678 4699 non
722 4635 1188 4700 sustinuerant.
1266 4635 1466 4701 Certe
1508 4637 1715 4703 levior
1755 4646 1898 4702 erat
1940 4637 2229 4714 offensio,
2272 4636 2481 4702 libera

540 4720 996 4805 obiurgatione
1030 4719 1252 4804 populi
1285 4721 1723 4788 idololatriam
1761 4742 2015 4799 sanare,
2062 4742 2260 4805 quam
2299 4723 2478 4805 capi-

542 4806 741 4872 talem
785 4826 1060 4889 poenam
1105 4808 1368 4891 exigere
1413 4806 1492 4874 de
1535 4819 1718 4874 trans
1802 4807 2144 4874 essoribus.
2215 4808 2477 4873 Novum

541 4893 750 4977 igitur
795 4892 1087 4976 vigorem
1128 4892 1202 4956 in
1253 4893 1546 4975 ipsorum
1603 4914 1713 4959 cor
1759 4895 1903 4960 ibus
1956 4893 2220 4977 collegit
2274 4894 2480 4976 pietas

540 4988 612 5129 ἓξ.
667 4978 796 5078 Dei
854 4978 1079 5057 timor,
1142 4999 1341 5062 quum
1399 4979 1656 5045 nullum
1710 4980 2198 5046 exhorruerunt
2252 4980 2482 5046 mortis

609 5084 910 5130 scnmen.

715 5150 818 5216 29.
886 5149 1161 5217 Dixerat
1224 5155 1430 5216 autem
1494 5149 1725 5218 Moses,
1832 5151 1984 5217 Non
2048 5150 2321 5216 dubium
2383 5159 2482 5216 est

542 5235 702 5317 quin
747 5238 1074 5321 exegetice
1117 5235 1379 5302 additus
1420 5235 1620 5302 fuerit
1662 5237 1771 5304 hic
1814 5257 2044 5304 versus
2088 5237 2171 5302 ad
2205 5236 2485 5304 redden·

545 5319 697 5385 dam
740 5323 1061 5388 rationem
1115 5344 1234 5390 cur
1276 5322 1549 5390 Levitae
1605 5324 2087 5407 imperterritus
2146 5323 2344 5390 ardor
2399 5322 2484 5389 ad

2577 626 2816 671 munus
2860 612 3123 671 strenue
3166 604 3538 670 obeundum
3581 605 3822 689 egerit:
3866 626 4101 689 nempe
4137 605 4292 690 quia
4313 606 4520 674 Mosis

2541 690 2946 757 ⁴exhortatio
2991 691 3285 773 superior
3326 700 3468 756 erat
3509 692 3811 757 omnibus
3854 691 4224 758 obstaculis.
4295 690 4520 774 Quare

2577 777 2853 844 verbum
2901 775 3180 842 Dicendi
3218 778 3285 841 in
3332 784 3626 859 tempore
3680 776 4313 862 plusquamperfecto
4371 800 4520 845 ver-

2578 862 2852 927 tendum
2906 862 3046 928 fuit.
3151 862 3345 943 Quod
3401 863 3634 946 legunt
3685 862 3949 945 quidam
4005 865 4078 928 in
4136 865 4519 947 praeterito:

2580 946 3030 1013 Oonsecrastis
3086 968 3354 1026 manus,
3416 968 3830 1032 nequaquam
3886 948 4195 1032 quadrat:
4259 950 4522 1032 quando

2579 1053 2735 1098 mox
2778 1031 3044 1098 additur
3093 1034 3469 1116 promissio,
3529 1035 3714 1116 quasi
3771 1034 4084 1101 stimulus
4142 1034 4519 1103 alacritatis.

2580 1117 2774 1186 Unde
2819 1128 3117 1202 apparet,
3164 1119 3310 1185 aliis
3348 1119 3570 1185 verbis
3615 1121 3820 1202 repeti
3863 1120 4072 1187 Mosis
4130 1118 4520 1187 mandatum

2578 1206 2765 1270 cuius
2808 1203 2982 1271 facta
3025 1205 3243 1270 fuerat
3287 1206 3554 1271 mentio.
3625 1203 3865 1272 Subest
3909 1216 4131 1271 autem
4175 1205 4284 1272 hic
4317 1208 4523 1273 maior

2581 1289 3016 1369 vehementia,
3062 1291 3217 1374 quia
3260 1312 3463 1356 suave
3506 1301 3902 1375 gratumque
3939 1291 4085 1357 Deo
4127 1291 4520 1358 sacrificium

2578 1376 2717 1440 fore
2759 1378 3180 1460 pronunciat,
3227 1377 3285 1442 si
3327 1376 3513 1442 obliti
3558 1376 3772 1442 carnis
3817 1386 3884 1442 et
3926 1379 4268 1462 sanguinis
4310 1377 4524 1462 pollu-

2579 1470 2721 1526 tum
2766 1463 2892 1528 Dei
2936 1462 3184 1527 cultum
3231 1462 3644 1528 ulciscantur.
3732 1462 4059 1528 Inseritur
4101 1462 4423 1547 particula
4457 1477 4520 1533 ⁹2

2579 1547 2889 1625 causalis,
2941 1569 3058 1631 pro
3113 1569 3241 1630 qua
3298 1546 3552 1613 reddidi
3601 1548 3884 1631 Nempe:
3941 1558 4016 1613 ut
4064 1549 4151 1614 sit
4191 1548 4526 1632 expletiva

2577 1633 2648 1698 in
2684 1635 3014 1715 praesenti
3056 1633 3229 1698 loco:
3274 1653 3349 1699 ac
3393 1633 3452 1699 si
3495 1633 3757 1711 diceret,
3802 1633 4186 1717 obsequium
4228 1635 4351 1701 hoc
4385 1636 4526 1700 Deo

2578 1718 3041 1802 praestandum
3085 1739 3245 1797 esse,
3291 1726 3367 1784 ut
3409 1740 3494 1784 ne
3529 1741 3569 1784 a
3612 1719 3765 1785 filiis
3808 1719 4069 1803 quidem
4114 1730 4182 1785 et
4218 1720 4529 1786 fratribus

2578 1803 2969 1883 abstineant,
3014 1805 3070 1869 si
3112 1825 3277 1887 opus
3320 1807 3421 1869 sit.
3510 1805 3743 1887 Itaque
3782 1806 3953 1889 quod
3998 1827 4209 1890 nuper
4254 1805 4335 1872 de
4377 1827 4529 1890 pro-

2578 1890 2838 1972 pinquis
2902 1890 3295 1974 quibuslibet
3364 1890 3612 1956 dictum
3668 1899 3802 1971 est,
3861 1900 3928 1956 et
3984 1913 4162 1958 nunc
4226 1892 4307 1957 de
4371 1892 4529 1959 filiis

2580 1973 2842 2056 dicitur,
2885 1976 3070 2058 quasi
3116 1976 3453 2058 potentiali
3498 1976 3688 2042 modo
3727 1976 4121 2043 sumendum
4164 1985 4284 2044 est.
4351 1977 4529 2045 Nam

2579 2061 2637 2126 si
2682 2061 2856 2128 Mosi
2893 2083 2964 2127 se
3000 2063 3479 2127 coniunxerant
3532 2083 3757 2127 omnes
3801 2063 4103 2140 Levitae,
4163 2063 4319 2148 quid
4365 2084 4528 2147 opus

2577 2147 2703 2213 fuit
2746 2168 3021 2231 poenam
3056 2149 3320 2231 exigere
3355 2146 3436 2213 de
3471 2149 3783 2214 fratribus
3818 2158 3934 2214 aut
3976 2149 4176 2214 filiis?
4235 2150 4527 2215 Tantum

2579 2253 2736 2318 ergo
2800 2233 3112 2299 damnare
3180 2233 3388 2299 voluit
3461 2234 3678 2300 Moses
3733 2243 4229 2317 praeposterum
4289 2235 4526 2303 huma-

2579 2320 2807 2383 nitatis
2865 2327 3267 2404 respectum,
3327 2339 3457 2403 quo
3508 2341 3701 2403 saepe
3765 2328 4198 2386 excaecantur
4260 2319 4530 2402 iudices,

2580 2413 2655 2469 ut
2698 2405 2997 2488 neglecta
3039 2405 3354 2489 religione
3396 2405 3746 2472 crudeliter
3784 2406 4237 2472 misericordes
4273 2407 4406 2473 sint
4444 2405 4528 2473 ad

2578 2490 2948 2572 impietates
3029 2491 3329 2557 ferendas
3393 2499 3458 2556 et
3522 2490 3852 2557 fovendas.
3954 2493 4254 2558 Primum
4325 2492 4529 2576 igitur

2580 2575 2908 2641 discamus
2966 2597 3053 2641 ex
3118 2577 3239 2643 hoc
3302 2577 3443 2642 loco
3460 2627 3475 2657 ,
3537 2576 3696 2642 dum
3761 2577 4114 2644 sceleribus
4177 2578 4529 2662 ignoscunt

2579 2661 2855 2740 iudices,
2901 2662 3043 2745 ipsa
3099 2663 3461 2729 cessatione
3507 2663 3798 2746 polluere
3857 2684 4091 2729 manus
4136 2684 4320 2743 suas,
4376 2664 4529 2747 quia

2581 2748 2939 2830 impunitas
3003 2761 3199 2834 auget
3263 2749 3576 2832 peccandi
3640 2749 4001 2828 licentiam,
4082 2749 4273 2816 sicuti
4344 2749 4530 2815 docet

2585 2831 2848 2900 Solomo
2892 2833 3114 2918 (Prov.
3166 2834 3266 2911 17,
3314 2833 3451 2920 15):
3498 2833 3632 2915 Qui
3677 2834 3958 2900 absolvit
3991 2835 4298 2917 impium,
4334 2835 4529 2900 sicuti

2584 2921 2695 3002 qui
2725 2919 2994 2985 damnat
3023 2921 3382 2997 innoxium,
3419 2920 3816 2986 abominatio
3845 2930 3949 2986 est
3969 2918 4129 2986 Deo.
4181 2921 4528 2986 Discamus

2581 3006 2779 3073 etiam
2820 3006 2990 3071 nihil
3032 3007 3250 3072 minus
3286 3026 3427 3071 esse
3482 3016 3993 3071 consentaneum
4038 3027 4232 3088 quam
4283 3007 4531 3072 scelera

2583 3092 2816 3175 quibus
2856 3091 3209 3157 laeduntur
3251 3091 3557 3157 mortales
3590 3092 3883 3177 graviter
3916 3092 4168 3175 punire,
4204 3092 4261 3158 si
4303 3092 4527 3159 conui-

2583 3199 2812 3245 vemus
2855 3177 2939 3242 ad
2983 3179 3216 3260 impios
3260 3197 3515 3242 errores
3572 3176 3683 3243 vel
3727 3178 4076 3263 sacrilegos
4135 3177 4350 3244 cultus
4391 3177 4531 3261 qui·

2581 3265 2703 3331 bus
2745 3265 3025 3333 violatur
3070 3265 3194 3330 Dei
3236 3262 3586 3348 maiestas]

3102 3607 3234 3673 EX
3277 3604 3609 3673 EODEM
3656 3604 4011 3670 OAPI'I'E'.

2749 3778 2854 3845 30.
2920 3777 3079 3843 Fuit
3109 3778 3417 3859 postridie
3456 3781 3529 3841 ut
3579 3777 3802 3842 diceret
3845 3776 4056 3851 Moses
4085 3777 4353 3859 populo.-
4408 3777 4534 3843 Vos

2568 3867 2874 3949 peccastis
2927 3869 3175 3945 peccato
3235 3883 3486 3947 mayno:
3549 3882 3717 3928 nunc
3781 3867 3985 3928 tamen
4048 3864 4382 3929 ascendam
4444 3863 4534 3929 ad

2582 3952 2893 4031 Iehovam,
2935 3951 2998 4016 si
3035 3950 3189 4030 forte
3234 3949 3574 4030 propitiam
3615 3969 3755 4014 mun
3793 3968 3982 4030 super
4024 3953 4270 4031 peccato
4310 3952 4529 4015 vestro.

2579 4038 2682 4104 31.
2730 4036 3041 4103 Reversus
3079 4039 3173 4100 est
3220 4034 3427 4116 itaque
3469 4033 3683 4101 Moses
3730 4036 3816 4101 ad
3862 4033 4183 4113 Iehovam,
4240 4038 4294 4099 et
4337 4034 4535 4100 dixit.-

2588 4123 2877 4190 Obsecro.-
2914 4121 3190 4204 peccavit
3220 4121 3499 4202 populus
3541 4120 3641 4185 hic
3669 4126 3922 4201 peccato
3963 4140 4218 4204 mayno:
4254 4120 4534 4202 fecerunt

2579 4210 2747 4273 enim
2787 4207 2912 4272 sibi
2954 4208 3098 4272 deos
3139 4225 3381 4271 aureos.
3469 4205 3572 4272 32.
3625 4206 3813 4272 Nunc
3858 4207 3920 4272 si
3961 4206 4281 4271 remiseris·
4314 4225 4533 4289 pecca·

2576 4290 4362 4375 tumeorum:quodsinon‚delemea9edumelibro
4404 4297 4532 4373 tuo,

2577 4399 2759 4463 quem
2799 4377 3129 4460 scripsisti.
3196 4375 3300 4443 33.
3361 4376 3452 4441 Et
3489 4378 3656 4444 dixit
3698 4376 3933 4444 Iehova
3974 4377 4061 4443 ad
4105 4377 4359 4443 Mosen.-
4408 4377 4533 4459 Qui

2565 4466 2849 4547 peccavit
2887 4463 3063 4540 mihi,
3108 4462 3310 4528 delebo
3352 4483 3491 4527 eum
3532 4484 3565 4528 e
3607 4463 3760 4529 libro
3800 4483 3950 4529 meo.
4008 4463 4110 4529 34„
4160 4463 4349 4529 Nunc
4388 4483 4532 4547 erqo

2576 4552 2759 4630 vade,
2814 4550 2936 4616 duc
2973 4548 3288 4631 populum
3346 4549 3432 4613 ad
3486 4548 3687 4615 locum
3739 4550 3814 4614 cle
3867 4570 3986 4632 quo
4040 4549 4333 4632 loquutus
4387 4568 4533 4614 sum

2577 4635 2707 4701 tibi.
2797 4634 2972 4715 Ecce,
3017 4635 3301 4717 Anqelus
3356 4654 3535 4700 meus
3590 4635 3705 4701 ibit
3742 4639 3885 4701 ante
3926 4640 4016 4701 te.-
4069 4636 4142 4700 iu
4182 4635 4283 4700 die
4324 4640 4532 4701 autem

2575 4722 2959 4788 visitationis
2990 4740 3160 4785 meae
3193 4721 3380 4786 etiam
3413 4721 3680 4788 visitabo
3713 4722 3785 4786 in
3808 4740 3913 4786 eos
3936 4725 4262 4802 peccatum
4292 4739 4527 4786 eorum.

2577 4807 2683 4874 35.
2756 4806 2846 4872 Et
2885 4806 3196 4889 percussit
3249 4805 3478 4872 Iehova
3513 4807 3851 4888 populum,
3909 4827 3976 4873 eo
4031 4807 4192 4889 quod
4244 4806 4532 4889 fecissent

2575 4893 2841 4959 vitulum
2877 4913 3056 4975 quem
3090 4892 3322 4975 fecerat
3359 4892 3641 4959 Aharon.

2754 5065 2858 5130 30.
2928 5062 3086 5129 Fuit
3114 5063 3424 5145 postridie
3476 5069 3548 5129 ut
3588 5063 3816 5130 diceret
3858 5062 4090 5130 Moses.
4178 5061 4355 5145 Quia
4396 5064 4528 5129 for-

2583 5151 2888 5218 midabile
2921 5158 3063 5216 erat
3095 5149 3406 5215 iudicium
3441 5149 3605 5215 illud
3650 5150 3794 5230 Dei,
3838 5171 3922 5216 ne
3964 5170 4231 5233 prorsus
4276 5149 4530 5215 animos

2584 5236 3032 5322 despondeant
3074 5236 3411 5303 Israelitae
3428 5287 3443 5315 ,
3503 5234 3790 5301 sedando
3838 5255 4062 5302 eorum
4107 5234 4317 5302 dolori
4359 5235 4527 5301 sola-

2585 5324 2757 5389 tium
2801 5321 3067 5390 adhibet
3125 5323 3345 5387 Moses
3362 5374 3378 5402 ,
3437 5321 3923 5405 deprecatorem
3976 5342 4047 5387 se
4091 5321 4264 5405 apud
4310 5321 4530 5388 Deum
