5017 6142
643 389 772 457 515

649 575 893 643 Libano
946 594 1140 657 usque
1181 576 1267 642 ad
1317 575 1588 658 fervores
1642 593 1988 655 aquarum.-
2043 592 2251 638 omnes
2296 571 2589 639 Sidonios

648 682 755 748 eqo
812 660 1123 745 expellam
1164 682 1208 726 a
1261 661 1428 744 facie
1476 659 1751 742 filiorum
1793 659 2034 725 Israel.-
2089 663 2331 725 tantnm
2384 658 2588 725 iacias

647 753 896 827 εονίεηι,
952 751 1024 812 nt
1064 748 1148 813 sit
1188 747 1258 812 in
1295 746 1736 812 haereditatem
1778 744 2045 824 Israeli,
2102 745 2264 811 sicut
2292 743 2589 826 praecepi

646 833 777 900 tibi.
848 835 906 899 7.
955 832 1144 898 Nunc
1175 852 1313 917 erqo
1345 832 1555 898 divide
1575 836 1804 897 terram
1837 831 2025 897 istam
2057 831 2131 895 in
2162 829 2592 896 haereditatem

649 940 860 986 novem
894 917 1190 999 tribubus,
1226 923 1282 984 et
1316 917 1621 984 dimi-diae
1648 916 1846 983 tribui
1866 915 2188 983 Manasse.
2241 915 2300 982 8.
2330 914 2592 981 Praeter

652 1026 792 1072 eam
849 1004 1221 1084 Rubenitae,
1286 1008 1344 1068 et
1400 1002 1673 1069 Gaditae
1725 1007 2086 1086 aeceperunt
2135 1006 2359 1085 partes
2416 1019 2591 1080 suas,

653 1111 814 1176 quas
867 1091 1032 1157 dedit
1084 1091 1174 1156 iis
1228 1088 1440 1155 Moses
1495 1093 1674 1154 nans
1724 1088 2060 1155 Iordanem
2111 1088 2198 1153 ad
2261 1085 2590 1162 Orientern,

652 1179 814 1243 sicut
869 1176 1041 1242 dedit
1095 1177 1187 1241 eis
1229 1174 1444 1241 Moses
1496 1193 1715 1241 servus
1756 1172 2034 1239 Iehovae.
2121 1172 2183 1238 9.
2238 1172 2341 1237 Ab
2383 1171 2595 1238 Aroer

653 1282 810 1346 quae
851 1266 940 1327 est
979 1261 1160 1327 iusta
1192 1262 1407 1345 ripam
1440 1261 1731 1340 fluminis
1749 1260 1990 1339 Arnon,
2031 1262 2087 1323 et
2125 1257 2340 1323 urbem
2381 1257 2408 1321 i
2450 1276 2592 1323 sam

654 1368 813 1431 quae
853 1351 944 1413 est
983 1346 1056 1411 in
1096 1345 1300 1413 medio
1340 1344 1558 1426 vallis,
1610 1351 1669 1411 et
1722 1350 1910 1411 totam
1949 1344 2284 1427 planitiem
2480 1342 2593 1407 eba

654 1454 851 1515 usque
905 1432 992 1498 ad
1041 1430 1270 1496 Dibon.
1380 1429 1481 1495 10.
1539 1429 1629 1496 Et
1673 1450 1882 1496 omnes
1933 1430 2118 1496 nrbes
2175 1428 2371 1494 Sinon
2423 1429 2594 1513 regis

654 1517 1082 1598 Aemorrhaei,
1121 1518 1232 1600 qui
1270 1516 1567 1600 regnabat
1604 1516 1675 1581 in
1719 1515 1983 1597 Hesbon‚
2024 1535 2220 1598 usque
2261 1514 2346 1580 ad
2386 1514 2593 1580 termi-

652 1624 805 1670 nwm
843 1603 1125 1686 filiorum
1167 1602 1455 1667 Ammon.
1546 1602 1645 1667 11.
1691 1600 1781 1666 Et
1828 1600 2087 1679 Gilead‚
2153 1604 2210 1667 et
2260 1600 2594 1665 terminum

658 1689 928 1756 Ges-suri
942 1738 958 1769 ,
1015 1692 1074 1754 et
1116 1685 1464 1767 Maaohati,
1522 1693 1577 1752 et
1630 1692 1822 1753 totum
1872 1692 2133 1752 montem
2174 1684 2451 1751 Hermon
2467 1735 2484 1765 ,
2540 1688 2593 1750 et

650 1776 1019 1841 universum
1059 1771 1289 1839 Basan
1329 1793 1523 1854 usque
1564 1773 1650 1839 ad
1696 1771 1986 1839 Sazohah.
2062 1771 2162 1837 12.
2221 1769 2594 1838 Universum

650 1881 911 1946 reqnum
961 1858 1054 1943 09
1094 1859 1165 1924 in
1208 1858 1437 1925 Basan
1452 1909 1468 1939 ,
1526 1859 1639 1941 qni
1687 1858 1984 1943 regnabat
2038 1859 2112 1923 in
2148 1856 2481 1935 Astaroth,
2538 1860 2594 1921 et

651 1947 722 2011 in
778 1944 1009 2011 Edrei:
1071 1943 1170 2009 hio
1222 1948 1543 2026 supererat
1592 1963 1669 2009 ex
1720 1944 1972 2010 residuo
2040 1942 2353 2027 Rephaim
2368 1992 2384 2024 ,
2439 1961 2594 2024 qnos

642 2031 955 2114 percussit
974 2028 1184 2096 Moses
1217 2034 1271 2095 et
1312 2030 1572 2111 expulit.
1645 2028 1742 2095 13.
1791 2028 1939 2095 Non
1979 2029 2346 2113 expulerunt
2386 2032 2593 2094 awtem

647 2115 776 2200 filii
819 2115 1028 2182 Israel
1088 2114 1357 2181 Gessnri
1406 2120 1463 2181 et
1504 2114 1864 2181 Maaehati:
1908 2119 2243 2198 propterea
2290 2113 2596 2179 habitavit

659 2202 903 2269 Gessur
955 2207 1011 2267 et
1053 2200 1354 2267 Maachat
1404 2202 1477 2265 in
1526 2200 1730 2266 medio
1775 2198 1984 2266 Israel
2040 2220 2236 2282 usque
2288 2199 2377 2266 ad
2427 2198 2595 2266 hunc

653 2287 835 2353 diem.
903 2287 1004 2353 14.
1054 2287 1324 2352 Tantum
1354 2286 1550 2352 tribui
1570 2286 1727 2352 Levi
1765 2306 1891 2353 non
1930 2286 2101 2353 dedit
2137 2285 2596 2365 haereditatern,

654 2373 969 2455 sacrificia
1027 2372 1289 2439 Iehovae
1354 2371 1483 2437 Dei
1547 2372 1757 2439 Israel
1815 2378 1964 2438 sunt
2024 2371 2376 2438 haereditas
2438 2371 2594 2452 eiu-3,

654 2459 1161 2542 quemadmodum
1203 2459 1493 2541 loquutus
1534 2464 1623 2524 est
1663 2459 1741 2525 cle
1781 2478 1853 2523 ea
1894 2456 2116 2544 (Num.
2166 2457 2267 2537 18,
2312 2454 2453 2542 21),

826 2631 885 2694 1.
934 2629 1141 2712 Quum
1180 2633 1387 2694 autem
1428 2631 1749 2695 senuisset.
1817 2627 2145 2710 Quoniam
2190 2646 2389 2710 supra
2429 2625 2596 2691 vidi-

654 2736 830 2796 mus,
874 2723 1119 2781 terram
1163 2713 1369 2780 fuisse
1411 2714 1694 2781 subactis
1737 2735 1867 2780 uno
1910 2723 1979 2779 et
2017 2712 2288 2798 triginta
2330 2711 2595 2796 regibus

654 2810 981 2886 pacatam:
1039 2799 1373 2884 probabile
1431 2807 1556 2880 est,
1616 2821 1704 2865 ne
1759 2799 2040 2884 populus
2096 2798 2219 2865 sub
2276 2798 2595 2864 continua

655 2887 892 2952 militia
949 2885 1311 2963 fatisceret,
1371 2884 1615 2969 aliquid
1675 2886 2051 2952 cessationis
2109 2885 2308 2949 fuisse
2365 2881 2594 2947 datum

655 2970 918 3038 levandi
963 2969 1161 3036 taedii
1205 2991 1420 3037 causa.
1507 2971 1740 3054 Neque
1780 2968 1851 3036 id
1908 2970 2411 3054 reprehensione
2455 2968 2595 3052 dig-

658 3078 816 3124 num
872 3055 1036 3134 fuit,
1090 3055 1283 3121 modo
1341 3076 1475 3121 non
1532 3057 1659 3122 nisi
1703 3056 1785 3121 ad
1830 3065 2088 3140 tempus
2130 3055 2595 3138 interquiesce-

658 3151 838 3222 rent,
898 3162 1284 3226 semperque
1326 3141 1557 3208 intenti
1603 3148 1825 3208 essent
1866 3141 1950 3206 ad
1993 3150 2231 3208 metam
2278 3141 2402 3206 sibi
2444 3161 2594 3224 pro·

658 3229 957 3314 positam.
1006 3228 1254 3293 Verum
1285 3249 1368 3293 ne
1401 3228 1532 3309 illa,
1568 3248 1733 3312 quae
1754 3227 1836 3294 ad
1871 3226 2312 3313 reparandum
2347 3246 2594 3292 novum

660 3315 950 3397 vigorem
996 3311 1270 3379 dabatur
1304 3314 1731 3395 intermissio,
1775 3312 2060 3380 desidiae
2102 3312 2353 3379 occasio
2395 3313 2594 3378 foret:

659 3417 836 3463 novo
900 3399 1166 3464 stimulo
1238 3398 1422 3466 Deus
1483 3420 1593 3466 eos
1657 3398 1742 3466 ad
1801 3398 2206 3485 pergendum
2271 3398 2593 3465 sollicitat.

659 3482 851 3551 Iubet
894 3483 1070 3550 enim
1114 3494 1319 3550 totam
1365 3484 1835 3551 haereditatem
1872 3484 2074 3552 dividi
2116 3485 2187 3550 in
2228 3482 2472 3550 tribus:
2530 3489 2598 3549 et

660 3577 871 3635 totum
915 3577 1197 3636 tractum
1243 3570 1444 3637 maris
1486 3569 1966 3647 mediterranei,
2018 3572 2128 3655 qui
2173 3568 2257 3635 ab
2299 3569 2597 3636 hostibus

659 3654 1129 3740 possidebatur,
1173 3656 1244 3721 in
1288 3664 1529 3722 sortem
1571 3658 1813 3723 venire.
1879 3655 2188 3723 Absurda
2231 3655 2491 3739 quidem
2531 3663 2598 3721 et

659 3739 946 3817 ludicra,
999 3741 1132 3806 imo
1183 3740 1449 3809 ludibrii
1506 3742 1702 3826 plena
1757 3741 1965 3809 videri
2024 3741 2236 3826 potuit
2277 3741 2599 3807 eiusmodi

660 3827 945 3912 partitio,
991 3847 1190 3910 quum
1229 3827 1308 3893 de
1342 3827 1570 3893 alienis
1604 3848 1737 3893 non
1773 3849 1960 3894 secus
1993 3848 2069 3894 ac
2105 3827 2386 3911 propriis
2420 3828 2600 3893 inter

663 3934 735 3981 se
800 3914 1256 3997 transigerent.
1366 3912 1500 3979 Sed
1564 3913 1809 3997 optimo
1873 3912 2141 3980 consilio
2206 3932 2351 3979 eam
2414 3913 2600 3979 Deus

664 3999 1020 4066 constituit.
1129 3999 1355 4065 Primo
1419 3999 1595 4064 enim
1661 3998 1914 4065 abiecta
1974 4019 2089 4082 spe
2155 3999 2601 4082 promissionis

664 4084 954 4152 content-i
990 4084 1266 4150 fuissent
1297 4086 1627 4167 praesenti
1661 4092 1857 4151 statu.
1911 4084 2057 4149 Imo
2092 4084 2393 4168 quamvis
2427 4085 2602 4152 iacta

666 4178 859 4249 sorte,
904 4170 1037 4237 illis
1078 4170 1149 4235 in
1194 4169 1475 4236 solidum
1505 4171 1859 4236 asseruerit
1879 4169 2062 4236 Deus
2094 4169 2406 4253 quidquid
2450 4191 2601 4253 pro·

666 4258 966 4323 miserat:
1031 4277 1153 4322 sua
1209 4265 1427 4321 tamen
1484 4256 1751 4341 ignavia
1814 4264 2131 4341 quantum
2188 4256 2257 4320 in
2312 4276 2383 4321 se
2438 4264 2599 4335 erat,

666 4341 862 4410 fidem
920 4338 1325 4426 abrogarunt
1379 4343 1520 4408 eius
1584 4342 1824 4408 verbis.
1914 4341 2051 4408 Nec
2102 4361 2263 4407 vero
2319 4362 2438 4425 per
2493 4362 2605 4408 eos

668 4428 879 4504 stetit,
952 4427 1304 4510 quominus
1377 4427 1636 4495 concisa
1704 4436 1771 4494 et
1841 4427 2075 4495 mutila
2135 4427 2380 4494 iaceret
2460 4428 2604 4495 eius

665 4515 929 4580 veritas.
1019 4511 1288 4578 Sortitio
1329 4513 1536 4597 igitur
1576 4513 1710 4579 illis
1753 4534 1894 4581 esse
1938 4513 2161 4580 debuit
2201 4521 2419 4581 certae
2453 4534 2606 4665 pos-

667 4599 975 4666 sessionis
1019 4596 1233 4678 arrha,
1277 4605 1351 4664 ut
1391 4618 1649 4683 semper
1682 4606 1900 4666 essent
1933 4600 2003 4664 in
2037 4600 2395 4685 procinctu.
2498 4619 2608 4664 am

667 4685 904 4769 quibus
950 4682 1183 4767 obtigit
1223 4685 1294 4748 in
1336 4683 1588 4751 hostico
1646 4705 1765 4751 sua
1906 4685 2030 4751 rtio
2047 4734 2063 4766 ,
2132 4686 2285 4769 quia
2339 4684 2605 4752 interim

670 4781 860 4838 erant
922 4768 1255 4853 inquilini,
1324 4779 1393 4834 et
1457 4780 1769 4854 tanquam
1826 4792 1898 4835 1n
1964 4775 2255 4854 precario
2319 4770 2608 4855 hospitio

671 4866 864 4924 extra
905 4854 1375 4922 haereditatem
1420 4875 1604 4921 suam
1646 4855 2003 4940 degebant,
2059 4864 2372 4941 tanquam
2415 4877 2608 4924 exac-

669 4953 846 5009 tores
887 4941 1034 5008 aliis
1078 4940 1214 5006 dati
1257 4948 1414 5007 sunt
1454 4942 1566 5025 qui
1610 4941 1871 5008 assidue
1914 4942 2088 5026 ipsos
2123 4953 2452 5028 urgerent.
2519 4944 2611 5009 Et

669 5036 847 5097 certe
889 5027 1080 5094 nimii
1119 5028 1403 5111 stuporis
1442 5027 1589 5107 fuit,
1633 5027 1803 5112 quod
1844 5026 2159 5094 divinitus
2201 5028 2609 5112 assignatum

671 5122 844 5196 erat,
882 5112 1217 5200 negligere
1258 5133 1333 5181 ac
1378 5112 1694 5180 deserere.
1779 5111 1925 5179 Iam
1967 5112 2270 5181 videmus
2301 5115 2374 5179 in
2416 5134 2611 5198 quem

671 5203 868 5266 finem
913 5201 1142 5266 sortito
1185 5200 1548 5281 oportuerit
1590 5208 1798 5265 totam
1853 5207 2092 5264 terram
2150 5198 2486 5279 distribui,
2544 5208 2610 5266 et

672 5305 1177 5370 unamquanque
1221 5286 1461 5352 tribum
1503 5285 1706 5353 locari
1747 5286 1819 5351 in
1853 5304 1974 5351 sua
2006 5285 2178 5353 sede.
2242 5285 2323 5351 Id
2358 5306 2611 5370 quoque

1812 384 2553 455 COMMENTARIUS
2597 385 2698 454 IN
2739 384 3019 454 IOSUE
3064 383 3262 452 OAP.
3304 383 3503 451 XIII.

4505 382 4629 448 516

2692 574 2847 641 vivo
2880 573 3076 640 Iosue
3118 572 3262 638 fieri
3305 592 3567 639 necesse
3610 571 3756 653 fuit,
3796 572 3947 655 quia
3987 579 4136 656 post
4177 572 4316 638 eius
4356 578 4628 639 mortem

2693 660 2913 725 minus
2977 658 3059 723 ad
3120 657 3502 741 obsequium
3573 656 3878 742 propensi
3933 658 4212 724 fuissent
4269 657 4628 727 Israelitae.

2693 745 2904 812 Nemo
2948 744 3120 811 enim
3178 744 3487 811 successit
3543 743 3726 810 cuius
3785 744 4099 809 autoritas
4141 764 4280 810 rem
4323 744 4421 810 ita
4462 743 4629 811 diffi-

2695 831 2884 898 cilem
2928 831 3327 914 impetraret.
3417 828 3525 896 Ad
3565 829 3728 895 haec
3771 828 3923 913 quia
3965 829 4095 894 iam
4152 850 4271 912 per
4311 851 4385 896 os
4427 831 4630 897 Mosis

2693 916 2879 982 Deus
2920 916 3015 981 ita
3056 917 3199 982 fieri
3243 914 3693 997 mandaverat,
3738 915 3868 980 nisi
3911 915 4206 999 partibus
4248 915 4374 982 sibi
4419 917 4626 1000 impo-

2692 1003 2839 1069 sitis
2875 1001 3220 1067 defunctus
3255 1008 3443 1082 esset,
3478 1000 3935 1067 labefactatum
3970 999 4204 1067 fuisset
4237 1007 4450 1067 totum
4471 1022 4631 1085 opus

2692 1087 2948 1155 sublato
3005 1086 3298 1169 legitimo
3355 1087 3674 1155 ministro.
3762 1087 3970 1153 Porro
4025 1087 4288 1153 tametsi
4342 1106 4478 1154 non
4522 1087 4631 1154 de-

2692 1174 2995 1259 signatur
3052 1181 3343 1258 tempus,
3397 1170 3730 1256 probabile
3781 1180 4000 1237 tamen
4045 1181 4176 1252 est,
4231 1193 4426 1255 quum
4485 1195 4633 1257 spes

2693 1280 2824 1325 non
2881 1265 3052 1326 esset
3107 1257 3303 1325 Iosue
3358 1258 3509 1325 vivo
3554 1265 3620 1322 et
3660 1257 4008 1342 superstite
4050 1258 4359 1342 populum
4401 1280 4634 1327 rursus

2693 1366 2877 1424 arma
2928 1351 3375 1428 sumpturum,
3430 1351 3504 1410 ut
3559 1345 3726 1410 fines
3783 1364 3935 1412 suos
3992 1343 4189 1410 latius
4231 1345 4634 1425 extenderet,

2693 1439 2853 1497 tunc
2911 1429 3176 1496 demum
3234 1439 3476 1495 terram
3532 1430 3766 1514 partiri
3823 1450 4237 1515 aggressum:
4282 1449 4358 1496 ac
4402 1432 4460 1496 si
4503 1430 4633 1498 cla·

2691 1522 2906 1581 maret
2947 1537 3022 1582 ac
3065 1515 3317 1582 solenni
3362 1515 3817 1582 testificatione
3871 1516 4281 1598 promitteret
4328 1516 4633 1583 effectum

2696 1601 3179 1667 distributionis
3224 1609 3441 1666 ratum
3484 1601 3644 1683 fore,
3687 1602 3842 1686 quia
3885 1600 4016 1668 Dei
4057 1602 4302 1668 veritas
4344 1601 4633 1669 hominis

2691 1687 2961 1753 interitu
3005 1708 3134 1752 non
3179 1686 3527 1755 excideret.

2862 1773 2922 1838 2.
2983 1772 3160 1839 Haeo
3214 1778 3306 1839 est
3363 1776 3550 1839 terra.
3650 1772 4075 1839 Revocantur
4126 1772 4199 1837 in
4252 1771 4633 1838 memoriam

2695 1866 2949 1925 veteres
2992 1857 3256 1925 termini
3298 1855 3549 1942 pridem
3593 1878 3634 1923 a
3676 1858 3820 1925 Deo
3864 1857 4092 1942 positi:
4146 1864 4225 1922 nt
4266 1865 4442 1924 certo
4487 1879 4633 1942 per-

2696 1945 2874 2011 suasi
2916 1944 3052 2009 sint
3093 1943 3287 2009 Iosue
3330 1951 3397 2009 et
3452 1942 3762 2029 populus,
3820 1941 4048 2010 foedus
4104 1964 4253 2010 cum
4299 1942 4634 2009 Abraham

2695 2050 3076 2112 percussum
3133 2029 3399 2096 tandem
3456 2028 3850 2114 completum
3907 2029 3990 2095 iri
4049 2030 4228 2094 omni
4283 2050 4366 2095 ex
4424 2039 4640 2112 parte.-

2697 2113 2920 2196 Quare
2963 2115 3268 2181 iubentur
3311 2115 3394 2180 ad
3437 2135 3515 2181 ea
3557 2135 3723 2197 quae
3764 2122 4017 2181 restant
4057 2114 4449 2199 acquirenda
4494 2122 4629 2181 stu-

2697 2200 2875 2266 dium
2931 2221 3125 2266 suum
3180 2199 3477 2266 adiicere.
3578 2202 3755 2284 Apta
3806 2221 3963 2267 vero
4015 2201 4141 2266 erit
4193 2219 4486 2286 anagoge
4504 2248 4521 2279 ‚
4573 2200 4630 2266 si

2697 2285 3220 2353 accommodetur
3273 2285 3437 2353 haec
3491 2286 3979 2369 perseverantia
4035 2284 4119 2350 ad
4176 2306 4322 2352 eam
4374 2306 4543 2370 quae
4592 2306 4630 2350 a

2697 2373 2885 2438 nobis
2950 2371 3268 2456 exigitur:
3335 2392 3573 2456 nempe
3638 2379 3710 2437 ut
3771 2392 3936 2456 quae
3993 2378 4168 2437 retro
4232 2382 4387 2438 sunt
4449 2370 4629 2438 obliti

2695 2457 3026 2524 enitamur
3068 2454 3151 2522 ad
3193 2457 3555 2541 praemium
3598 2477 3922 2542 supernae
3962 2458 4350 2539 vocationis,
4405 2465 4472 2524 et
4515 2478 4631 2524 nos

2695 2541 2776 2608 ad
2838 2543 3101 2627 signum
3161 2544 3562 2627 propositum
3626 2542 4076 2609 extendamus.
4191 2542 4377 2608 Nihil
4454 2544 4631 2609 enim

2696 2629 3012 2714 profuerit
3067 2630 3136 2693 in
3181 2627 3392 2694 stadio
3435 2630 3797 2696 cucurrisse
3850 2629 3978 2695 nisi
4021 2628 4105 2695 ad
4147 2636 4388 2694 metam
4429 2649 4631 2713 usque

2696 2715 3069 2800 pertingere
3121 2714 3515 2782 studeamus.
3603 2712 3971 2781 Exordium
4027 2716 4105 2779 fit
4146 2734 4186 2778 a
4227 2715 4464 2792 fluvio,
4522 2715 4633 2798 qui

2699 2799 3075 2885 Aegyptum
3123 2821 3351 2868 versus
3395 2820 3575 2866 mare
3619 2799 4034 2867 disterminat
4078 2821 4119 2867 a
4161 2807 4337 2866 terra
4377 2809 4635 2867 sancta:

2697 2886 2839 2951 sive
2881 2888 2938 2952 is
2980 2886 3069 2951 eit
3110 2885 3337 2966 Nilus,
3381 2893 3454 2951 ut
3495 2906 3616 2952 nos
3659 2907 3743 2952 ex
3786 2892 4046 2969 recepta
4087 2885 4395 2970 opinione
4437 2886 4639 2953 verti·

2698 2991 2878 3038 mus:
2942 2970 3084 3037 sive
3138 2972 3453 3057 exiguum
3510 2972 3756 3038 flumen
3809 2971 3981 3056 quod
4022 2971 4335 3056 oppidum
4378 2971 4638 3038 Rhino-

2696 3077 3002 3124 corneam
3027 3054 3076 3142 ¹)
3100 3055 3311 3136 alluit,
3347 3077 3515 3141 quae
3550 3078 3590 3123 a
3623 3057 3850 3122 multis
3884 3056 4177 3124 creditur
4210 3078 4352 3124 esse
4372 3057 4642 3144 Raphia

2698 3142 2806 3210 vel
2848 3141 3186 3226 Raphane.
3275 3143 3491 3210 Extra
3530 3142 4040 3210 controversiam
4084 3142 4347 3227 quidem
4391 3153 4510 3224 est,
4554 3144 4637 3209 ab

2698 3249 2777 3294 ea
2832 3228 3028 3313 plaga
3082 3229 3555 3295 haereditatem
3619 3227 3843 3312 populi
3906 3228 4283 3314 contiguam
4328 3231 4640 3314 Aegypto

2698 3313 2917 3381 fuisse.
3006 3314 3157 3380 Etsi
3213 3322 3433 3380 autem
3487 3333 3876 3380 consensum
3931 3313 4289 3399 plurimum
4326 3324 4642 3399 sequutus

2698 3420 2877 3480 sum,
2939 3419 3072 3466 non
3131 3399 3304 3465 ultra
3361 3408 3702 3483 protensos
3753 3399 3956 3466 fuisse
4012 3398 4256 3466 limites
4358 3419 4516 3465 uam
4559 3398 4643 3465 ad

2699 3506 2937 3571 agrum
2971 3485 3193 3552 minus
3228 3486 3481 3552 cultum
3515 3493 3580 3551 et
3614 3485 3801 3569 quasi
3835 3483 4184 3566 desertum,
4221 3507 4305 3552 ne
4373 3505 4644 3552 amnosa

2700 3578 2870 3639 esset
2911 3571 3116 3637 nimia
3159 3571 3493 3652 vicinitas,
3549 3570 3606 3637 si
3662 3570 4004 3637 familiaris
4046 3580 4113 3636 et
4151 3571 4452 3655 proprior
4494 3591 4642 3637 cum

2700 3656 3050 3742 Aegyptiis
3093 3655 3325 3723 fuisset
3365 3676 3553 3723 usus:
3612 3655 3938 3723 diversam
3982 3664 4211 3721 tamen⁴
4245 3657 4641 3724 sententiam

2701 3742 2972 3808 minime
3015 3741 3301 3824 repudio.
3367 3742 3445 3807 In
3490 3743 3701 3826 primo
3741 3761 3938 3808 versu
3980 3743 4273 3809 nascitur
4316 3742 4639 3826 quaestio:

2700 3829 2851 3911 quia
2893 3837 3236 3911 postquam
3271 3827 3518 3894 dictum
3553 3835 3654 3893 est
3687 3828 3974 3912 quinque
4009 3829 4210 3894 fuisse
4245 3827 4417 3895 cirea
4451 3829 4642 3893 littus

2700 3913 2905 3980 maris
2946 3913 3374 3998 principatus,
3418 3912 3751 3980 adduntur
3792 3921 3976 3979 sexto
4018 3913 4160 3980 loco
4185 3913 4413 3980 Avaei.
4480 3913 4643 3995 Qui-

2703 3999 2853 4065 dam
2920 4020 3053 4065 non
3116 4001 3366 4066 censeri
3431 3999 3604 4066 inter
3658 3999 3942 4083 quinque
4002 3999 4419 4078 existimant,
4491 3998 4645 4083 quia

2701 4084 3009 4172 ignobilis
3052 4085 3249 4151 fuerit
3337 4084 3643 4152 rovincia.
3718 4085 3973 4151 Verum
4017 4085 4308 4170 cogitent
4346 4085 4644 4161 lectores,

2704 4192 2924 4237 annon
2968 4172 3181 4256 potius
3239 4107 3503 4254 offiiqua
3558 4171 3644 4238 sit
3699 4169 4042 4236 antithesis
4100 4173 4273 4236 inter
4327 4170 4643 4254 populum

2704 4258 2979 4323 liberum
3026 4265 3094 4321 et
3136 4255 3239 4322 sui
3280 4256 3464 4338 iuris,
3507 4276 3582 4322 ac
3623 4256 3911 4340 quinque
3999 4256 4380 4340 rincipatns.
4471 4250 4668 4338 Quia'

2705 4344 2912 4429 igitur
2954 4341 3215 4408 diversa
3257 4341 3386 4407 fuit
3429 4342 3800 4408 Avaeorum
3843 4362 3960 4409 con
4009 4342 4143 4423 itio,
4186 4362 4483 4409 seorsum
4529 4362 4646 4408 nu-

2707 4435 3061 4495 merantur.
3129 4428 3218 4493 Et
3260 4426 3405 4494 ideo
3448 4447 3688 4493 nomen
3730 4426 3982 4510 plurale
4025 4427 4108 4493 ad
4152 4426 4645 4494 distinctionem

2707 4522 2809 4582 est
2852 4515 3153 4600 positum.
3242 4513 3590 4581 Caeterum
3650 4513 4132 4598 principatuum
4177 4515 4472 4581 recitatio
4515 4533 4644 4579 non

2709 4623 2792 4668 ex
2836 4600 3144 4685 cuiusque
3188 4597 3510 4685 dignitate
3551 4599 3657 4666 vel
3701 4597 4035 4681 opulentia
4078 4599 4286 4682 petita
4337 4606 4473 4681 est,
4532 4598 4646 4666 sed

2710 4687 2996 4772 primum
3041 4683 3320 4770 gradum
3356 4683 3609 4751 obtinet
3630 4687 3786 4762 Δια,
3832 4686 3982 4769 quia
4005 4686 4308 4770 Aegypto
4348 4684 4646 4763 vicinior,

2713 4794 2881 4858 quae
2923 4770 3145 4837 eadem
3184 4772 3352 4838 ratio
3385 4771 3457 4836 in
3478 4769 3701 4837 Asdod
3742 4777 3808 4836 et
3841 4770 4109 4855 reliquis
4144 4771 4339 4838 valet.
4407 4770 4643 4838 Graeci

2713 4879 2830 4925 suo
2870 4877 3050 4923 more
3093 4864 3465 4940 supponunt
3506 4877 3697 4923 suum
3740 4881 3778 4938 r
3819 4855 3960 4922 loco
4001 4870 4060 4933 ν·
4113 4858 4331 4941 Atque
4371 4856 4467 4922 ita
4512 4856 4648 4923 Ga-

2715 4966 2857 5010 zam
2915 4943 3256 5008 nominant
3320 4963 3484 5025 quae
3541 4941 3863 5009 Hebraeis
3917 4951 4021 5008 est
4074 4940 4246 5009 Aza:
4318 4941 4514 5010 sicuti
4567 4963 4649 5008 ex

2712 5029 3046 5097 Amorrha
3089 5028 3533 5095 Gomorrham
3575 5027 3841 5096 faciunt.
3931 5026 4077 5110 Quo
4119 5029 4279 5095 satis
4322 5027 4650 5114 detegitur

2711 5135 2939 5184 eorum
2981 5134 3162 5180 error
3182 5115 3317 5198 ‘qui
3358 5115 3698 5180 finxerunt
3737 5134 3978 5180 nomeu
4022 5132 4164 5180 esse
4205 5114 4536 5197 persicum
4568 5111 4649 5179 ab

2882 5303 2941 5374 1)
2979 5301 3071 5359 Sic
3104 5317 3285 5360 omna
3318 5301 3594 5359 edicimus.
