5017 6142
388 435 508 505 397

386 632 587 713 Deus,
632 652 783 699 eum
821 651 1031 698 unum
1063 630 1264 698 fuisse
1298 631 1647 699 victorem:
1692 631 1848 714 quia
1888 630 2154 698 nonnisi
2186 630 2328 699 eius

386 729 551 787 nutu
595 725 665 786 et
704 715 1014 784 mandato
1102 717 1544 784 raevaluerint
1584 715 1942 783 Israelitas.

556 805 658 872 18.
716 802 807 869 Et
844 802 1054 870 habita
1105 804 1117 817 ‘
1185 802 1408 870 Israel.
1492 802 1905 886 Principium
1944 823 2176 869 versus
2204 802 2328 868 mi-

384 891 561 959 nime
602 891 952 958 obscurum
997 896 1124 969 est,
1182 888 1295 955 ubi
1336 874 1661 972 promittit
1702 888 1922 955 Moses
1963 888 2168 955 electo
2210 907 2327 972 po·

382 976 538 1064 pulo
553 1027 571 1058 ,
629 974 802 1061 qnod
859 996 1086 1042 omnes
1141 973 1531 1040 naturaliter
1570 973 1645 1038 in
1686 974 1919 1058 primis
1974 980 2325 1058 appetunt:

384 1083 620 1148 nempe
661 1081 890 1146 pacem
936 1060 1041 1128 vel
1093 1058 1523 1144 tranquillum
1567 1068 1846 1126 statum:
1906 1060 1965 1125 is
2009 1060 2183 1125 enim
2227 1058 2326 1123 di-

384 1149 555 1215 citur
618 1145 1026 1215 confidenter
1081 1145 1377 1212 habitare
1427 1146 1632 1224 solus,
1697 1145 1808 1229 qui
1869 1144 2033 1210 nihil
2088 1143 2328 1211 metuit

379 1233 682 1320 periculi,
744 1252 939 1316 quem
1003 1231 1188 1298 nulla
1239 1252 1395 1298 cura
1450 1230 1790 1312 sollicitat,
1853 1237 1921 1296 et
1978 1231 2086 1314 qui
2143 1230 2326 1295 nullo

380 1339 715 1387 armorum
779 1316 1103 1402 praesidio
1163 1317 1266 1384 vel
1334 1316 1706 1383 defensione
1771 1317 2040 1401 indiget.
2138 1316 2324 1382 Haec

379 1405 640 1490 quidem
676 1425 1013 1489 nunquam
1057 1403 1129 1468 in
1171 1402 1454 1469 solidum
1496 1401 1826 1487 praestitit
1866 1401 2205 1481 Israelitis,
2248 1408 2326 1467 ut

378 1512 604 1559 secure
647 1499 711 1555 et
753 1498 942 1555 extra
983 1488 1272 1554 hostium
1331 1496 1579 1553 metum
1627 1496 1871 1554 terram
1916 1508 2100 1554 suam
2146 1488 2316 1554 inco-

376 1577 617 1643 lerent:
660 1576 813 1660 quia
854 1574 1104 1642 scilicet
1147 1595 1371 1640 eorum
1413 1574 1814 1659 ingratitudo
1856 1593 2047 1657 passa
2081 1573 2149 1638 id
2193 1593 2324 1639 non

375 1671 500 1730 est:
572 1662 844 1746 ideoque
897 1661 1071 1726 inter
1124 1659 1434 1726 beneficia
1490 1659 1677 1745 regni
1726 1658 1979 1726 Christi
2043 1679 2315 1726 comme·

375 1756 638 1816 morant
679 1745 1069 1832 prophetae,
1112 1752 1190 1811 ut
1230 1746 1481 1812 habitet
1526 1746 1801 1830 quisque
1842 1745 1965 1810 sub
2009 1746 2142 1812 vite
2185 1762 2321 1823 sua,

376 1843 438 1901 et
497 1833 622 1900 sub
665 1834 812 1900 ficu.
902 1831 1191 1914 Quidam
1235 1830 1516 1897 Oculum
1564 1830 2003 1915 metaphorice
2058 1852 2177 1915 pro
2222 1831 2322 1897 vi-

373 1923 556 1987 sione
599 1919 958 2001 accipiunt:
1003 1917 1192 2001 quasi
1235 1916 1479 1983 dictum
1526 1931 1726 1997 esset,
1784 1917 2094 1998 Quietam
2137 1915 2324 1981 habi-

373 2006 691 2072 tationem
735 2011 802 2068 et
843 2003 1167 2087 placidam
1211 2000 1424 2089 (cuius
1460 2004 1535 2068 fit
1577 2001 1851 2090 mentio)
1896 2023 1975 2087 po
2024 2002 2131 2069 ulo
2175 2022 2321 2086 spe-

373 2091 650 2158 randam
694 2111 838 2156 esse
880 2109 966 2156 ex
1011 2089 1260 2156 visione
1299 2088 1508 2172 patris
1551 2088 1774 2155 Iacob:
1822 2095 1972 2173 [quo
2053 2108 2323 2172 prorsus

374 2178 662 2244 alienum
726 2183 844 2242 est.
941 2175 1162 2261 Magis
1238 2173 1577 2240 tolerabile
1641 2174 1837 2258 quod]
1905 2174 2017 2240 alii
2071 2174 2323 2240 fontem

372 2263 571 2330 Iacob
615 2260 979 2346 appositive
1021 2261 1285 2345 legunt:
1337 2260 1493 2343 quia
1535 2281 1766 2326 omnes
1811 2260 2019 2326 tribus
2061 2258 2146 2324 ab
2187 2280 2320 2324 uno

372 2350 480 2415 illo
547 2356 736 2432 patre
801 2345 1126 2413 ducebant
1189 2346 1529 2431 originem.
1617 2345 1764 2413 Hoc
1829 2354 2046 2412 autem
2112 2344 2322 2426 modo,

371 2438 515 2502 fons
573 2455 708 2500 non
750 2439 1022 2507 ‚tantum
1079 2433 1205 2498 erit
1260 2432 1476 2517 prima
1540 2432 1900 2518 scaturigo:
1965 2430 2080 2498 sed
2139 2431 2322 2497 rivus

369 2529 481 2588 aut
548 2520 788 2587 fluvius
847 2519 960 2604 qui
1026 2518 1106 2585 ab
1171 2539 1250 2584 ea
1320 2518 1569 2584 defluit.
1658 2517 1936 2596 [Verum
1990 2516 2320 2602 genuinus

369 2627 603 2675 sensus
638 2614 758 2689 est,
801 2613 1047 2670 terram
1081 2605 1269 2689 copia
1304 2604 1503 2672 tritici
1537 2611 1602 2669 et
1637 2603 1778 2669 vini
1812 2604 2119 2669 refertam
2155 2622 2322 2668 sem-

369 2714 484 2776 per
546 2691 905 2776 expositam
955 2690 1095 2757 fore
1146 2690 1522 2774 conspectui
1572 2688 1801 2769 Iacob,
1859 2697 1934 2755 ut
1989 2688 2319 2774 praesenti

367 2799 568 2862 opum
609 2797 874 2844 suarum
919 2776 1163 2842 intuitu
1209 2775 1613 2855 delecteturJ.
1700 2775 1785 2841 In
1827 2777 1961 2841 fine
1998 2774 2322 2858 promittit

367 2865 611 3017 Μοίθε,
655 2862 908 2929 coelum
943 2883 1196 2946 quoque
1232 2870 1446 2929 terrae
1485 2868 1749 2930 sanctae
1792 2861 2146 2945 propitium
2182 2860 2318 2926 fore

370 2960 435 3016 et
527 2950 633 3014 eni
730 2969 862 3013 um.

543 2969 960 3101 29.gnBe‹wus
1007 3054 1069 3100 es
1122 3054 1158 3100 o
1217 3032 1441 3101 Israel.
1543 3033 1892 3099 Exclamat
1951 3051 2183 3097 rursus
2228 3031 2317 3097 fe·

365 3121 561 3188 licem
597 3140 740 3186 esse
781 3120 1097 3204 populum
1140 3121 1323 3187 cuius
1358 3118 1536 3185 salus
1571 3120 1641 3184 in
1680 3116 1824 3184 Deo
1857 3125 1984 3184 est:
2032 3124 2106 3184 ut
2138 3126 2317 3184 certe

366 3208 531 3274 haec
575 3225 732 3273 vera
775 3215 875 3273 est
918 3214 984 3271 et
1026 3206 1221 3273 unica
1279 3204 1589 3271 felicitas:
1645 3205 1798 3288 quia
1852 3203 1981 3269 nisi
2038 3203 2120 3269 ad
2179 3203 2314 3287 pri—

364 3312 546 3360 mam
591 3292 823 3359 salutis
865 3312 1130 3359 causam
1170 3290 1610 3371 ascendimus,
1654 3310 1880 3356 omnes
1923 3288 2169 3355 salutes
2212 3292 2316 3366 (ut

363 3381 457 3446 ita
498 3378 760 3463 loquar)
805 3387 962 3444 sunt
1014 3377 1348 3444 evanidas.
1437 3375 1637 3458 Quia.
1665 3384 1885 3442 autem
1928 3374 2054 3442 hoc
2109 3373 2313 3458 privi-

364 3465 540 3551 legio
599 3463 784 3530 Deus
847 3462 1112 3529 nonnisi
1168 3464 1340 3529 solos
1392 3461 1727 3528 Israelitas
1793 3460 2099 3546 dignatus
2153 3467 2314 3542 erat,

364 3551 513 3617 ideo
547 3551 688 3617 eius
730 3549 1012 3617 conditio
1051 3570 1092 3615 a
1125 3547 1453 3616 communi
1498 3548 1699 3614 totius
1741 3547 2002 3633 generis
2036 3546 2315 3611 humani

368 3645 541 3704 sorte
578 3635 985 3703 discernitur.
1045 3635 1176 3701 Per
1210 3634 1500 3719 gladium
1531 3644 1599 3699 et
1627 3645 1888 3700 scutum
1922 3632 2315 3716 intelligitur

368 3724 655 3806 perfecta
697 3721 1020 3801 defensio,
1069 3742 1144 3788 ao
1187 3722 1242 3786 si
1287 3719 1564 3800 diceret,
1623 3741 1758 3786 non
1801 3717 1955 3785 alibi
1997 3737 2313 3803 quaeren-

370 3809 518 3875 dam
564 3828 708 3875 esse
746 3806 949 3873 ullam
993 3815 1366 3873 armaturae
1408 3812 1682 3890 partem.

892 4147 1163 4217 DEU'I'.
1208 4146 1407 4215 OAP.
1450 4145 1785 4214 XXXIV.

543 4320 601 4385 1.
680 4318 986 4386 Ascendit
1060 4338 1201 4404 erqo
1266 4317 1481 4385 Moses
1535 4337 1569 4384 θ
1622 4318 1896 4402 planitie
1958 4319 2152 4386 Moab
2224 4321 2312 4387 ad

370 4410 630 4472 montem
695 4404 900 4486 Nebo,
964 4404 1036 4471 in
1098 4405 1380 4471 verticem
1440 4402 1616 4470 collis
1676 4405 1787 4487 qui
1827 4410 1919 4471 est
1967 4426 2001 4472 e
2062 4405 2314 4490 reqione

371 4490 643 4573 Iericho,
698 4496 757 4557 et
811 4490 1073 4557 ostendit
1124 4489 1228 4557 iai
1272 4489 1503 4556 lebona
1558 4509 1796 4555 omnem
1836 4495 2068 4558 terram
2112 4491 2311 4559 Gilua

361 4575 791 4745 Εῗῖἆωὲἑ
823 4575 1518 4729 liaffff'zztffnm
1541 4574 2312 4746 &manag-0233&

364 4748 450 4815 ad
503 4767 679 4815 mare
731 4748 1170 4815 novissinmm:
1232 4747 1293 4812 3.
1344 4745 1433 4812 Et
1475 4746 1815 4815 Meridiem
1867 4754 1924 4815 ct
1948 4749 2305 4831 planitiem,

364 4835 587 4902 vallem
658 4832 900 4901 Iericho
973 4833 1150 4900 urbis
1217 4833 1616 4915 palmarum,
1695 4853 1891 4916 usque
1963 4836 2050 4902 ad
2123 4832 2304 4901 Soar.

366 4921 425 4988 4.
487 4919 579 4986 Et
618 4920 785 4986 dixit
825 4920 885 4986 ei
928 4919 1191 4986 Iehova:
1248 4917 1424 4984 Haec
1465 4923 1557 4984 est
1593 4922 1765 4985 term
1806 4920 1883 4987 de
1921 4940 2050 5003 qua
2090 4919 2310 4988 iuravi

366 5005 689 5085 Abrahae,
748 5006 938 5073 Isaac
980 5009 1035 5071 et
1078 5003 1295 5086 Iacob,
1351 5004 1641 5072 dicendo.-
1699 5003 1939 5072 Semini
1995 5011 2102 5073 tuo
2148 5006 2309 5072 dabo

364 5091 576 5159 illam.-
618 5091 827 5158 videre
867 5095 923 5157 te
958 5092 1082 5174 feci
1122 5091 1317 5159 oculis
1348 5091 1494 5171 mic,
1534 5094 1601 5155 at
1632 5089 1784 5157 illuc
1822 5111 1945 5158 non
1985 5091 2307 5159 transibis·

367 5177 426 5243 5.
495 5179 718 5261 Itaque
757 5182 1038 5243 mortuus
1096 5182 1188 5244 est
1243 5177 1376 5244 illic
1421 5175 1633 5241 Moses
1673 5196 1891 5244 servus
1932 5177 2197 5245 Iehovae
2237 5179 2310 5244 in

367 5269 544 5331 terra
608 5261 800 5330 Moab
817 5313 834 5341 ,
898 5264 1235 5331 secundum
1298 5262 1667 5329 mandatum
1720 5262 2003 5330 Ichovae.
2094 5264 2155 5330 6.
2223 5263 2313 5330 Et

368 5349 644 5432 sepelivit
686 5368 825 5417 eum
864 5350 938 5416 in
984 5349 1134 5432 Gai,
1177 5348 1250 5416 in
1292 5354 1464 5415 terra
1508 5347 1720 5431 Moab,
1762 5368 1796 5417 c
1837 5350 2079 5435 reqione
2122 5349 2309 5417 Beth-

1792 439 2199 510 REDI'I'US
2247 441 2377 509 AD
2419 444 2965 517 HISTORIAM.

4251 457 4378 525 398

2419 637 3197 790 {mmmmm
3235 639 3569 723 quisquam
3617 642 3971 726 sepulcrum
4013 646 4150 713 eius
4182 665 4378 730 usque

2639 893 2698 960 1.
2757 892 3058 959 Ascendit
3104 913 3263 979 erqo.
3350 894 3673 977 Quisnam
3731 899 3855 966 hoc
3917 911 4113 986 caput
4167 902 4373 987 scrip-

2431 980 2595 1046 serit
2635 980 2956 1046 incertum
3000 986 3134 1045 est:
3169 979 3298 1046 nisi
3338 981 3509 1064 quod
3552 992 3809 1052 veteres
3852 987 4174 1070 probabili
4220 1008 4374 1056 con-

2428 1066 2678 1131 iectura
2734 1072 3053 1149 putarunt
3094 1064 3288 1132 Iosue
3332 1087 3472 1133 esse
3522 1077 3836 1137 autorem.
3923 1071 4178 1140 Verum
4220 1074 4374 1158 quia

2427 1151 2552 1218 has
2596 1160 2816 1234 partes
2858 1150 3040 1218 obire
3082 1151 3297 1236 potuit
3338 1153 3615 1219 Eleazar
3657 1157 3975 1239 sacerdos,
4018 1159 4375 1243 praestabit

2428 1257 2570 1302 rem
2613 1257 2746 1301 non
2790 1235 2949 1302 adeo
2991 1237 3213 1319 magni
3256 1241 3570 1305 momenti
3606 1239 3679 1305 in
3720 1242 3934 1309 medio
3978 1244 4368 1330 relinquere.

2428 1323 2743 1389 Diximus
2784 1330 3002 1388 autem
3048 1321 3203 1388 alibi
3251 1332 3504 1407 partem
3549 1328 3788 1393 montis
3831 1328 4107 1396 Abarim
4149 1332 4373 1399 vocari

2428 1407 2647 1489 Nebo,
2690 1408 2858 1475 sicut
2902 1407 3095 1474 aliam
3140 1409 3418 1494 Pisgah,
3477 1410 3629 1494 quia
3673 1412 3958 1481 distincti
3994 1423 4183 1482 erant
4225 1437 4373 1484 ver-

2426 1494 2607 1561 tices.
2695 1492 2839 1558 Iam
2920 1514 3228 1560 ascensus
3309 1495 3514 1563 Mosis
3592 1499 3977 1566 tantundem
4059 1501 4234 1568 valet
4296 1522 4372 1569 ac

2432 1579 2800 1647 voluntaria
2841 1577 2924 1645 ad
2968 1588 3245 1645 mortem
3303 1582 3635 1663 profectio.
3722 1584 3953 1669 Neque
4001 1587 4176 1653 enim
4220 1608 4372 1653 eum

2425 1665 2672 1732 latebat
2727 1672 3032 1733 eventus:
3091 1664 3205 1732 sed
3257 1666 3409 1749 quia
3462 1667 3778 1737 divinitus
3822 1671 3904 1736 ad
3961 1673 4374 1739 moriendum

2426 1764 2725 1830 vocatur,
2782 1757 3013 1834 sponte
3071 1752 3373 1817 occurrit.
3460 1753 3624 1819 'l'am
3686 1756 4129 1823 voluntarium
4187 1758 4372 1825 obse-

2425 1837 2687 1921 quium,
2745 1857 2878 1901 non
2934 1835 3197 1902 aliunde
3233 1839 3527 1904 manavit
3582 1861 3779 1923 quam
3824 1864 3906 1908 ex
3948 1843 4078 1909 fide
4120 1843 4372 1928 gratiae

2425 1923 2590 2002 Dei,
2647 1943 2776 2007 qua
2818 1921 2956 1989 sola
2998 1921 3283 1988 mitescit
3326 1942 3401 1988 ac
3444 1924 3711 1991 sedatur
3751 1928 3963 1995 omnis
4007 1936 4251 2009 terror,
4310 1937 4378 1996 et

2427 2007 2794 2074 amaritudo
2859 2009 3090 2073 mortis
3156 2007 3488 2076 dulcescit.
3593 2011 3768 2077 Mosi
3822 2023 4029 2095 certe,
4096 2024 4168 2079 ut
4231 2015 4380 2082 aliis

2427 2093 2769 2178 omnibus,
2827 2092 3238 2159 formidabile
3295 2095 3688 2162 naturaliter
3735 2099 3965 2166 fuisset
4007 2100 4206 2166 mori:
4266 2102 4382 2168 sed

2427 2179 2583 2264 quia
2638 2178 2986 2245 intercedit
3026 2180 3278 2264 gratiae
3321 2180 3453 2246 Dei
3512 2184 3958 2251 testimonium
3977 2235 3993 2264 ,
4053 2207 4124 2253 se
4170 2187 4379 2253 intre-

2426 2265 2577 2350 pide
2629 2265 2864 2332 offerre
2922 2287 3056 2330 non
3110 2264 3396 2331 dubitat:
3466 2274 3531 2331 et
3581 2269 3733 2352 quia
3786 2278 3964 2336 certo
4020 2293 4375 2356 persuasus

2427 2355 2571 2417 erat
2589 2400 2604 2429 ‚
2662 2349 3136 2417 haereditatem
3191 2352 3410 2435 populi
3472 2354 3678 2419 oculis
3716 2355 3852 2422 suis
3896 2355 4030 2423 illic
4073 2356 4214 2423 fore
4259 2380 4373 2424 ox·

2424 2436 2704 2521 positam
2723 2487 2740 2515 ,
2807 2436 3111 2503 alacriter
3176 2437 3259 2502 ad
3324 2439 3655 2521 speculam
3721 2441 4116 2508 conscendit.
4204 2443 4373 2510 Fide

2422 2523 2685 2607 quidem
2730 2522 2862 2587 iam
2905 2522 3185 2588 intuitus
3231 2532 3374 2589 erat
3415 2533 3691 2606 terram,
3744 2534 3810 2591 et
3850 2528 4195 2610 promissio
4240 2527 4370 2596 Dei

2425 2609 2610 2693 quasi
2654 2607 2805 2674 viva
2849 2609 3358 2691 repraesentatio
3400 2618 3575 2675 erat:
3635 2612 3787 2695 quia
3829 2622 4047 2678 tamen
4093 2614 4370 2680 sanctis·

2423 2695 2626 2761 simos
2668 2692 2865 2758 etiam
2908 2715 3195 2778 quosque
3249 2693 3547 2761 residuae
3589 2698 3908 2780 quaedam
3953 2699 4370 2766 infirmitates

2422 2780 2494 2844 in
2538 2800 2734 2847 carne
2755 2779 3182 2858 circumdant,
3226 2802 3358 2846 non
3404 2781 3676 2866 vulgare
3719 2782 4026 2850 solatium
4068 2785 4193 2850 fuit
4226 2805 4372 2852 ocu-

2420 2866 2579 2931 laris
2621 2873 3023 2949 conspectus,
3067 2885 3194 2948 quo
3239 2866 3539 2951 mitigata
3573 2868 3699 2934 fuit
3739 2889 3987 2953 poenae
4031 2869 4368 2952 acerbitas,

2420 2971 2625 3036 quum
2681 2950 2855 3017 iusto
2898 2951 3028 3017 Dei
3080 2950 3323 3018 iudicio
3369 2954 3450 3017 ab
3505 2954 3810 3038 ingressu
3855 2977 3924 3022 se
3968 2956 4173 3022 arceri
4217 2976 4370 3040 cog-

2420 3046 2737 3103 nosceret.
2800 3035 2990 3118 Quod
3016 3036 3376 3104 ostendisse
3397 3039 3583 3105 Deus
3617 3047 3823 3106 totam
3846 3049 4088 3107 terram
4112 3042 4368 3120 dicitur,

2415 3123 2660 3207 absque
2703 3121 3018 3189 miraculo
3059 3122 3204 3187 fieri
3248 3143 3382 3188 non
3438 3124 3666 3208 potuit.
3754 3126 3925 3192 Nam
3984 3128 4110 3193 etsi
4175 3148 4368 3211 quos·

2419 3208 2569 3274 dam
2614 3206 2979 3275 incredibili
3033 3208 3435 3292 perspicacia
3477 3211 3678 3276 fuisse
3718 3212 4045 3295 praeditos
4096 3221 4370 3279 narrant

2419 3294 2730 3361 historiae
2746 3345 2762 3372 ,
2842 3301 2920 3358 ut
2995 3294 3329 3360 oculorum
3395 3296 3531 3362 acie
3605 3296 4088 3383 longitudinem
4151 3308 4368 3365 terrac

2418 3379 2737 3447 Ohanaan
2782 3388 3199 3462 superarent:
3259 3381 3608 3463 peculiaris
3649 3382 3757 3450 hic
3815 3390 4038 3449 tamen
4082 3381 4368 3450 notanda

2418 3476 2523 3532 est
2576 3466 2771 3544 ratio,
2832 3464 3004 3548 quod
3064 3463 3370 3531 distincte
3414 3467 3635 3534 Moses
3693 3489 4221 3553 unamquamque
4262 3490 4366 3535 re-

2417 3552 2682 3636 gionem
2746 3551 3160 3635 cognoverit,
3240 3560 3552 3636 tanquam
3611 3554 3681 3619 in
3748 3575 3888 3620 rem
3953 3564 4363 3638 praesentem

2418 3637 2755 3704 adductus.
2845 3635 2998 3702 Etsi
3057 3638 3232 3703 enim
3286 3639 3496 3705 fateor
3549 3639 3620 3704 in
3669 3648 3846 3706 terra
3890 3639 4250 3724 Nephthali
4298 3650 4365 3706 et

2415 3722 2740 3807 Ephraim
2798 3730 2865 3789 et
2907 3723 3216 3789 Manasse
3269 3744 3412 3791 esse
3468 3725 3834 3810 prolepsin.-
3892 3726 4098 3793 voluit
4140 3734 4363 3792 tamen

2416 3809 2786 3893 exprimere
2821 3808 3092 3891 spiritus
3126 3816 3391 3876 sanctus
3423 3810 3697 3894 perinde
3733 3818 4131 3878 monstratas
4165 3812 4367 3878 fuisse

2417 3894 2714 3979 singulas
2778 3900 2998 3977 partes
3054 3893 3255 3974 Mosi,
3322 3916 3398 3963 ac
3461 3896 3519 3962 si
3566 3896 3968 3982 propinquae
4025 3905 4244 3965 essent
4300 3904 4367 3963 et

2417 3981 2544 4047 sub
2608 3978 2915 4064 pedibus.-
2977 3978 3265 4063 alioquin
3329 3981 3605 4066 frigidus
3671 3991 3737 4048 et
3800 3982 4053 4049 inutilis
4132 3983 4364 4049 fuisset

2416 4073 2809 4150 conspectus
2831 4113 2848 4144 ,
2904 4065 3030 4131 nisi
3075 4065 3360 4132 lustrare
3401 4067 3690 4132 futuram
3734 4068 3954 4151 populi
4011 4066 4363 4136 habitatio-

2415 4172 2570 4218 nem
2650 4150 2877 4216 datum
2941 4164 3128 4217 esset.
3217 4153 3437 4237 Atque
3501 4153 3634 4220 huc
3711 4153 4015 4220 similiter
4077 4156 4364 4238 pertinet

2413 4235 2588 4322 quod
2629 4244 2856 4321 postea
2903 4236 3271 4316 subiicitur,
3333 4249 3578 4304 terram
3635 4259 3777 4306 esse
3822 4239 3904 4304 de
3945 4261 4075 4324 qua
4115 4240 4365 4307 iuravit

2415 4323 2598 4389 Deus
2658 4323 2867 4389 servis
2921 4324 3091 4389 suis:
3152 4323 3304 4407 quia
3346 4323 3591 4408 alioqui
3631 4344 3767 4389 non
3812 4325 4003 4391 aliter
4054 4326 4362 4393 satisfieri

2411 4415 2670 4493 poterat
2725 4407 2931 4475 Mosis
2985 4407 3339 4488 desiderio,
3408 4410 3538 4476 nisi
3587 4411 3984 4494 perspiceret
4037 4412 4103 4476 in
4164 4431 4362 4496 quam

2411 4515 2702 4646 ffimsgg,
2738 4492 2958 4644 fgrtili,
2994 4502 3060 4559 et
3093 4495 3404 4579 opulenta
3437 4495 3706 4581 regione
3750 4495 4111 4563 habitaturi
4144 4504 4363 4562 essent

2689 4599 2761 4645 ra
2811 4600 2906 4645 ae.

2583 4664 2645 4732 5.
2712 4665 3010 4731 Mortuus
3072 4668 3161 4731 est
3199 4664 3432 4733 Moses.
3521 4665 3693 4748 Quia
3752 4667 4151 4752 ignominiae
4206 4673 4362 4731 nota

2413 4751 2542 4817 fuit
2575 4751 2743 4817 mori
2799 4759 2989 4818 extra
3031 4753 3194 4817 fines
3239 4759 3454 4818 terrae
3499 4760 3792 4834 sanctae,
3837 4753 4196 4818 honorifico
4233 4751 4363 4817 elo-

2460 4837 2520 4903 ‘o
2553 4837 2910 4922 insignitur
2942 4836 3179 4915 Moses,
3223 4857 3350 4922 quo
3385 4838 3597 4922 magis
3641 4858 4069 4922 expavescere
4106 4837 4362 4903 discant

2483 4921 2750 4989 raelitae
2785 4922 2864 4988 ad
2905 4922 3034 4988 Dei
3065 4921 3398 5002 iudicium,
3441 4923 3553 5008 qui
3589 4945 3673 4989 ne
3706 4925 4053 5007 praecipuo
4095 4921 4361 5006 quidem

2410 5029 2602 5076 servo
2642 5030 2760 5076 suo
2796 5009 3105 5094 pepercit.
3194 5010 3286 5074 Et
3329 5008 3569 5076 diserte
3629 5008 3920 5074 additur:
3982 5006 4360 5075 Secundum

2412 5115 2800 5179 sermonem,
2842 5094 2949 5162 vel
2994 5115 3065 5161 os
3110 5095 3256 5177 Dei,
3306 5116 3389 5161 ne
3432 5095 3645 5162 minas
3686 5104 4021 5178 spernant,
4081 5114 4358 5178 quarum

2413 5190 2549 5247 tam
2607 5180 3050 5248 memorabilis
3107 5182 3377 5248 effectus
3429 5182 3754 5265 apparuit.
3843 5178 4016 5244 Nam
4060 5181 4118 5247 si
4175 5179 4359 5245 Deus

2412 5274 2550 5332 tam
2605 5266 2847 5332 eximio
2890 5267 3247 5352 prophetae
3305 5287 3422 5334 suo
3480 5288 3613 5332 non
3662 5266 3957 5350 pepercit
4011 5265 4168 5349 quin
4215 5273 4359 5330 tan·

2412 5351 2557 5418 dem
2628 5360 3101 5438 exsequeretur
3143 5351 3312 5436 quod
3378 5353 3666 5417 minatus
3730 5353 3976 5432 fuerat,
4038 5350 4358 5435 quomodo
