5017 6142
628 433 773 500 ’287

640 620 800 686 Mox
844 626 1067 684 tamen
1113 618 1409 682 animum
1453 616 1723 702 colligit,
1769 624 1837 681 et
1878 616 2434 695 maledictionem,
2480 614 2588 679 cui

645 702 1082 783 valedixerat,
1161 703 1566 787 poenitentia
1629 701 1890 782 ductus,
1968 709 2182 768 tentat
2247 700 2587 766 redimere.

641 791 789 857 Hac
845 790 926 856 de
980 809 1178 856 causa
1235 789 1304 854 in
1362 788 1564 853 alium
1620 786 1833 854 locum
1877 786 2084 853 trahit
2127 787 2428 852 Balaam:
2489 794 2589 853 at-

641 877 755 960 qui
774 876 907 943 iam
929 876 996 940 id
1020 877 1267 942 frustra
1288 886 1597 957 expertus
1619 873 1853 940 fuerat.
1896 871 2029 940 Sed
2050 873 2148 938 ita
2171 873 2593 957 pertinaciter

641 974 886 1048 urgent
944 960 1259 1027 increduli
1317 961 1553 1045 impios
1605 980 1756 1025 suos
1820 969 2108 1026 conatus.
2198 958 2591 1042 Inquietudo

643 1060 861 1115 autem
920 1067 1085 1131 quae
1141 1047 1395 1112 interea
1445 1046 1623 1130 ipsos
1680 1044 1907 1112 dubios
1963 1051 2184 1110 versat
2199 1094 2215 1123 ,
2272 1046 2449 1110 iusta
2489 1053 2592 1111 est

645 1132 1031 1200 temeritatis
1074 1153 1302 1198 eorum
1347 1151 1614 1198 merces.

817 1219 920 1286 26.
988 1217 1110 1284 Cui
1150 1218 1470 1299 respondit
1510 1217 1809 1283 Balaam,
1898 1216 2030 1283 Hic
2072 1216 2313 1282 fatetur
2348 1236 2592 1282 merce·

643 1306 867 1371 narius
917 1314 1099 1370 vates
1143 1304 1348 1369 nihilo
1407 1303 1619 1389 magis
1663 1302 1995 1369 silentium
2043 1303 2111 1367 in
2157 1322 2275 1368 suo
2319 1301 2590 1367 arbitrio

647 1412 791 1458 esse
854 1411 1054 1474 quam
1118 1408 1505 1456 sermonem.
1592 1389 1732 1456 Nec
1794 1387 2062 1455 dubium
2129 1398 2232 1453 est
2299 1389 2456 1470 quin
2524 1407 2595 1452 se

644 1477 971 1543 serviliter
1035 1486 1305 1542 excuset
1366 1475 1538 1559 apud
1603 1473 1957 1558 superbum
2023 1494 2242 1557 regem
2260 1524 2274 1551 ,
2356 1474 2461 1539 cui
2525 1494 2595 1539 se

648 1563 931 1628 libenter
987 1560 1421 1627 venditasset:
1471 1581 1544 1625 ac
1600 1563 1657 1626 si
1711 1560 1935 1626 odium
1997 1572 2062 1625 et
2120 1560 2380 1642 culpam
2440 1579 2480 1624 a
2524 1579 2595 1626 se

647 1648 874 1717 volens
942 1658 1241 1713 avertere
1258 1698 1273 1727 ,
1349 1646 1597 1713 diceret
1661 1668 1730 1712 se
1793 1647 2083 1712 invitum
2148 1645 2293 1729 rapi
2372 1644 2596 1711 divino

643 1735 889 1800 afflatu.
979 1734 1070 1798 Et
1111 1734 1360 1799 crimen
1403 1734 1471 1798 in
1516 1734 1730 1816 ipsum
1778 1730 1981 1796 Balac
2022 1731 2300 1815 regerit,
2356 1731 2470 1814 qui
2528 1730 2596 1796 in

644 1828 936 1904 tempore
971 1819 1367 1898 admonitus,
1411 1818 1612 1885 stulte
1655 1817 1872 1902 ipsum
1909 1818 2357 1884 accersiverat.
2416 1816 2597 1883 Reli·

646 1927 777 1990 qua
818 1907 951 1971 iam
996 1904 1285 1988 exposui.

1173 2245 1525 2314 NUMER.
1574 2245 1769 2312 OAP.
1816 2243 2079 2312 XXIV.

823 2418 879 2482 1.
944 2418 1146 2499 Quam
1202 2421 1410 2483 autem
1470 2416 1703 2482 videret
1757 2415 2040 2482 Balaam
2104 2419 2267 2499 quod
2322 2417 2603 2498 placeret

650 2502 942 2582 Iekovae,
998 2508 1067 2568 ut
1115 2502 1489 2569 benediceret
1532 2502 1775 2579 Israel,
1832 2523 1952 2569 non
1996 2502 2155 2569 abiit
2205 2504 2366 2570 sieut
2417 2500 2605 2567 semel

647 2593 705 2655 et
745 2589 974 2654 iterum
1014 2591 1086 2654 in
1129 2607 1456 2653 occursum
1496 2589 1948 2671 auytm'orum:
1989 2590 2099 2655 sed
2130 2590 2346 2670 posuit
2384 2607 2600 2653 versus

651 2674 959 2740 desertum
999 2675 1228 2757 faeiem
1271 2694 1474 2740 suam.
1556 2673 1615 2738 2.
1687 2674 1785 2740 Ac
1825 2695 2020 2756 quum
2066 2676 2355 2741 elevasset
2395 2674 2603 2741 oculos

647 2779 815 2837 suo-3,
858 2761 1018 2827 vidit
1062 2759 1367 2827 Israelem
1407 2760 1781 2841 dispositum
1810 2780 1936 2841 per
1976 2760 2178 2827 tribus
2219 2781 2401 2827 suas.-
2439 2761 2599 2844 fuit·

648 2865 765 2927 que
827 2866 1019 2928 super
1082 2865 1223 2911 eum
1285 2845 1552 2926 spiritus
1615 2844 1761 2911 Dei.
1872 2846 1931 2911 3.
2017 2846 2192 2913 Tunc
2252 2847 2602 2927 assmpsit

639 2930 1018 3013 parabolam
1073 2950 1259 2996 suam
1272 2980 1288 3007 ,
1347 2935 1402 2994 et
1449 2931 1572 2995 ait:
1634 2930 1812 2997 Dicit
1853 2930 2134 2997 Balaam
2184 2930 2364 3010 filius
2408 2931 2597 3011 Reor,

648 3016 804 3081 dicit
885 3017 986 3082 vir
1066 3015 1416 3081 reemzditue
1488 3014 1676 3082 oculo.
1775 3016 1837 3082 4.
1916 3016 2097 3083 Dicit
2164 3018 2276 3101 qui
2353 3018 2601 3084 audivit

652 3101 901 3184 eloquia
963 3100 1120 3182 Dei,
1205 3101 1317 3182 qui
1381 3102 1681 3166 visionem
1745 3105 2176 3183 munimentis
2236 3104 2419 3183 vidit,
2484 3104 2599 3186 qui

651 3188 822 3253 cadit
883 3192 938 3254 et
1005 3187 1378 3270 aperiuntur
1444 3188 1606 3253 oculi
1685 3188 1842 3253 eius.
1942 3187 2002 3255 5.
2069 3189 2274 3271 Quam
2322 3187 2600 3270 pulchra

648 3272 1048 3338 tabernacula
1090 3277 1201 3338 tua
1237 3272 1439 3353 Iacob,
1478 3272 1837 3339 habitacula
1864 3279 1976 3339 tua
2010 3275 2261 3340 Israel!
2313 3277 2372 3340 6.
2420 3274 2600 3341 Sicut

648 3357 845 3424 valle-s·
885 3358 1174 3440 diffusae,
1231 3358 1392 3424 sieut
1431 3358 1598 3424 horti
1636 3359 1822 3425 iuaeta
1847 3360 2099 3440 flumen,
2141 3362 2304 3428 sicat
2345 3360 2600 3427 arbores

649 3442 833 3524 aloe-3,
876 3464 1037 3525 quas
1065 3444 1385 3528 plantavit
1419 3444 1671 3522 Iehova,
1740 3446 1901 3510 sicut
1945 3446 2115 3512 cedri
2145 3446 2331 3512 iuxta
2365 3465 2603 3529 aquas.-

652 3529 710 3594 7.
777 3528 1020 3609 Defluet
1055 3550 1223 3610 aqua
1264 3550 1297 3594 e
1336 3529 1535 3595 situla
1571 3530 1739 3613 eiua,
1785 3536 1840 3595 et
1879 3551 2083 3598 semen
2124 3533 2262 3599 eius
2302 3534 2372 3599 in
2415 3532 2603 3614 aquis:

648 3614 894 3695 multia,
952 3620 1010 3680 et
1062 3614 1400 3681 elevabitur
1440 3636 1553 3680 rea:
1609 3616 1747 3681 eius
1802 3636 1995 3698 super
2037 3618 2254 3703 Ayay,
2312 3624 2370 3685 et
2411 3616 2602 3683 extol-

647 3700 811 3766 letur
850 3721 1111 3785 reynum
1153 3703 1310 3766 eius.
1400 3700 1458 3765 8.
1524 3699 1706 3768 Deus
1740 3703 1954 3769 eduxit
1995 3725 2136 3770 eum
2176 3725 2254 3770 ea:
2293 3706 2605 3789 Aeyypto:

649 3787 818 3853 siem
902 3787 1071 3852 vires
1154 3786 1482 3852 unicornis
1557 3788 1635 3853 ei.
1730 3786 2059 3855 Consumet
2123 3794 2333 3874 ,centes
2403 3789 2605 3855 hostes

649 3892 819 3950 succ,
854 3877 912 3937 et
953 3889 1102 3937 ossa
1135 3891 1346 3937 eorum
1377 3878 1656 3957 conteret,
1692 3878 1750 3940 et
1772 3875 2003 3959 saquis
2039 3876 2181 3942 suis
2212 3876 2512 3957 confodiet
2540 3871 2604 3960 ¹).

649 3959 711 4024 6.
781 3956 1147 4024 Incurvabit
1200 3976 1269 4023 se
1321 3963 1392 4023 ut
1445 3959 1687 4026 accubet
1748 3965 2049 4042 tanquam
2090 3959 2184 4026 leo
2246 3962 2492 4027 minor.-
2548 3964 2606 4026 et

649 4048 954 4125 tanquam
1016 4044 1108 4109 leo
1171 4044 1411 4109 maior.-
1472 4046 1619 4127 quis
1681 4046 1968 4114 excitabit
2027 4066 2170 4112 eum
2183 4047 2220 4111 ,9
2301 4046 2606 4129 Quisquis

651 4128 1026 4195 benedixerit
1062 4127 1179 4195 tibi
1192 4177 1210 4212 ,
1253 4130 1373 4194 erit
1413 4129 1763 4198 benedictus
1779 4157 1798 4196 .·
1842 4136 1899 4197 et
1938 4133 2232 4215 quisquis
2271 4131 2606 4199 maledixe-

652 4216 742 4280 rit
780 4215 913 4293 tibi,
958 4214 1078 4280 erit
1116 4215 1505 4283 maledictae.

830 4383 888 4449 1.
962 4383 1166 4466 Quum
1225 4392 1431 4453 autem
1484 4387 1736 4455 videret.
1827 4390 2122 4472 Apparet
2161 4389 2435 4454 Balaam
2455 4438 2470 4466 ,
2528 4398 2605 4453 ut

652 4469 853 4552 impio
898 4470 1040 4554 regi
1081 4472 1560 4555 gratificaretur
1604 4474 1920 4540 mercedis
1964 4494 2178 4552 causa
2223 4494 2343 4557 per
2385 4475 2604 4540 varios

653 4555 866 4621 flexus
926 4564 993 4620 et
1052 4557 1357 4642 ambages
1417 4566 1706 4625 tentasse
1761 4581 1846 4626 an
1889 4579 2276 4643 responsum
2323 4580 2406 4624 ex
2452 4570 2604 4625 voto

651 4640 889 4708 elicere
954 4652 1188 4725 posset.
1279 4641 1392 4711 Sic
1463 4645 1648 4728 impii
1706 4644 1990 4711 ludendo
2054 4646 2271 4710 Deum
2340 4645 2603 4728 placare

652 4727 958 4805 student,
1025 4737 1100 4793 ut
1156 4748 1393 4812 pueros
1437 4729 1773 4799 blanditiis
1814 4731 2197 4799 mulcemus.
2284 4732 2377 4797 Et
2419 4732 2605 4798 Deus

651 4813 873 4896 ipsum
916 4813 1321 4897 aliquamdiu
1365 4836 1597 4899 passus
1640 4826 1738 4883 est
1780 4816 2035 4883 inhiare
2074 4816 2293 4884 fallaci
2314 4817 2604 4884 oraculo:

653 4919 832 4965 nunc
890 4910 1109 4965 autem
1165 4901 1435 4986 propius
1494 4923 1643 4968 eum
1710 4902 2134 4987 constringit,
2194 4914 2260 4969 et
2320 4903 2605 4971 abscissa

654 4985 837 5050 omni
901 5005 1112 5064 mora,
1181 5008 1573 5071 responsum
1629 4989 1860 5073 dictat,
1926 5009 2002 5055 ac
2059 4990 2352 5074 proferre
2408 4991 2601 5076 cogit.

652 5069 883 5155 Neque
941 5071 1118 5137 enim
1170 5073 1312 5139 eius
1357 5072 1728 5140 obedientia
1770 5073 2107 5156 laudatur,
2150 5096 2226 5143 ac
2269 5076 2330 5142 si
2374 5077 2604 5142 volun-

654 5165 791 5220 tate
853 5157 982 5223 Dei
1045 5159 1310 5244 cognita
1373 5167 1602 5242 sponte
1658 5163 1982 5245 paruerit,
2058 5174 2123 5227 et
2188 5161 2511 5229 destiterit
2565 5183 2605 5227 a

830 5343 887 5413 1)
925 5344 999 5399 In
1032 5344 1298 5414 marciae:
1343 5345 1446 5414 vel,
1482 5347 1711 5415 sagittas
1746 5364 1872 5403 suos
1906 5348 2084 5417 tinget
2116 5349 2396 5418 sanguine.

2056 425 2462 495 REDI'PUS
2512 426 2640 493 AD
2685 423 3230 493 HISTORIAM.

4510 423 4628 491 288

2691 620 3110 698 praepostera
3151 633 3268 679 sua
3311 612 3666 697 cupiditate
3683 663 3700 692 ,
3759 612 3873 680 sed
3917 615 4072 698 quia
4126 613 4260 679 iam
4316 611 4632 697 tergiver-

2694 700 2886 766 sandi
2941 719 3072 765 non
3136 708 3278 766 erat
3335 699 3547 777 locus,
3612 698 3847 783 pedem
3909 699 4049 765 loco
4115 719 4382 766 movere
4440 719 4632 766 ausus

2693 806 2825 851 non
2884 794 3017 851 est:
3076 805 3152 851 ac
3209 787 3267 852 si
3309 785 3496 850 Deus
3535 785 3779 851 iniecta
3837 806 4040 852 manu
4096 806 4246 851 eum
4303 786 4630 853 retineret.

2694 869 2891 953 Quod
2948 870 3185 937 dicitur
3242 871 3514 954 spiritus
3558 871 3686 936 Dei
3743 893 3820 937 su
3909 894 3939 937 r
3982 870 4162 937 hunc
4217 872 4417 937 fuisse
4461 877 4631 955 post-

2692 978 2892 1041 quam
2964 956 3184 1023 oculos
3248 957 3577 1023 convertit
3649 954 3732 1022 ad
3838 967 4125 1022 esertum
4144 1006 4158 1034 ,
4240 969 4306 1022 et
4383 957 4636 1040 aspexit

2694 1056 2913 1110 castra
2968 1042 3208 1121 Israel,
3275 1054 3351 1107 ut
3407 1063 3526 1127 per
3584 1041 3793 1109 trihus
3847 1063 4001 1108 suas
4056 1051 4246 1108 erant
4304 1041 4634 1126 disposita,

2694 1131 2788 1195 sic
2885 1127 3177 1211 intellige
3192 1178 3209 1206 ,
3301 1147 3436 1194 non
3512 1129 3765 1195 sincero
3844 1127 4338 1194 benevolentiae
4401 1128 4638 1194 affectu

2692 1214 2894 1280 fuisse
2971 1213 3310 1279 inductum
3330 1264 3347 1293 ,
3424 1223 3499 1278 ut
3563 1226 3947 1297 conspectus
4018 1215 4158 1297 ipse
4220 1213 4640 1280 benedicendi

2696 1300 3040 1366 materiam
3075 1309 3491 1385 suggereret:
3536 1298 3651 1366 sed
3694 1298 3987 1366 eiusdem
4022 1300 4312 1383 spiritus·
4327 1300 4640 1366 instinctu

2696 1387 2897 1452 fuisse
2955 1396 3237 1452 tractum
3255 1436 3272 1465 ,
3330 1388 3441 1470 qui
3498 1394 3728 1468 postea
3785 1386 3918 1452 vim
3976 1405 4163 1451 suam
4218 1388 4291 1450 in
4333 1386 4638 1451 vaticinio

2697 1472 3006 1539 exseruit.
3098 1472 3358 1537 Dicitur
3418 1491 3574 1556 ergo
3639 1472 3841 1537 fuisse
3899 1491 4096 1555 super
4159 1492 4307 1536 eum
4374 1471 4642 1554 spiritus

2699 1559 2855 1634 Dei,
2943 1578 3075 1622 non
3153 1556 3326 1640 quod
3404 1555 3519 1622 illo
3598 1555 3859 1622 demum
3946 1566 4276 1623 momento
4357 1558 4643 1640 coeperit

2699 1664 2852 1710 eum
2911 1644 3137 1709 afflare
3198 1652 3539 1725 postquam
3603 1642 3824 1709 oculos
3882 1644 4245 1709 coniecerat
4300 1642 4372 1707 in
4432 1655 4645 1709 castra

2699 1729 2944 1796 Israel:
3005 1728 3121 1795 sed
3178 1749 3329 1795 eum
3383 1727 3646 1811 impulit
3700 1728 3784 1793 ad
3837 1727 4016 1794 illius
4072 1728 4201 1795 loci
4257 1729 4360 1795 vel
4416 1728 4642 1812 plagae

2700 1815 3206 1899 inspectionem,
3294 1823 3367 1879 ut
3449 1813 3907 1880 vehementior
3986 1823 4161 1880 esset
4245 1813 4645 1881 vaticinandi

2703 1903 3019 1986 impetus,
3078 1900 3265 1982 quasi
3322 1900 3392 1965 in
3450 1922 3519 1965 re
3568 1902 3918 1983 praesenti.
4008 1900 4370 1984 Postquam
4428 1911 4646 1965 autem

2702 1989 2846 2053 eius
2909 2006 3140 2052 sensus
3200 1985 3296 2050 ita
3359 1985 3665 2069 perculit,
3730 1986 3836 2052 vel
3903 1986 4135 2052 saltem
4209 1986 4645 2070 praeparavit,

2702 2083 2777 2140 ut
2811 2080 2966 2156 apta
3006 2083 3225 2138 essent
3257 2091 3507 2156 organa
3527 2071 3610 2136 ad
3639 2092 3881 2137 munus
3920 2071 4430 2155 exsequendum,
4475 2091 4647 2138 nunc

2701 2159 2999 2242 linguam
3074 2178 3329 2241 quoque
3408 2159 3548 2223 eius
3614 2155 3697 2222 ad
3771 2157 4298 2241 prophetandum
4374 2156 4647 2223 direxit:

2704 2243 2821 2311 sed
2879 2244 3123 2328 insigni
3180 2242 3399 2321 modo,
3461 2252 3536 2309 ut
3579 2244 3650 2308 in
3694 2243 3916 2310 subita
3958 2243 4322 2309 mutatione
4364 2243 4651 2327 fulgeret

2703 2331 2930 2398 divina
2994 2328 3331 2396 maiestas:
3413 2348 3489 2394 ac
3554 2331 3611 2395 si
3673 2338 3972 2395 mutatus
4036 2337 4209 2395 esset
4270 2329 4339 2395 in
4407 2349 4650 2395 novum

2702 2417 3054 2483 hominem.
3156 2415 3462 2498 Denique
3518 2436 3714 2498 super
3780 2436 3929 2481 eum
3995 2414 4125 2480 fuit
4178 2415 4450 2499 spiritus
4506 2413 4651 2494 Dei,

2703 2503 2859 2569 dum
2925 2500 3215 2568 ostendit
3276 2499 3643 2567 manifestis
3708 2501 3916 2585 signis
3980 2522 4051 2567 se
4116 2522 4260 2567 esse
4328 2501 4649 2567 sermonis

2704 2601 3020 2666 autorem,
3063 2606 3188 2653 nec
3231 2587 3418 2652 illum
3454 2607 3539 2651 ex
3581 2588 3844 2670 proprio
3890 2607 4087 2653 sensu
4131 2586 4327 2671 loqui.
4395 2586 4648 2652 Eadem

2705 2675 2956 2740 ratione
3013 2672 3248 2738 dicitur
3300 2673 3653 2755 sumpsisse
3705 2672 4108 2755 parabolam:
4177 2673 4333 2757 quia
4387 2672 4651 2740 insolita

2704 2759 3026 2845 gravitate
3053 2767 3122 2824 et
3148 2758 3495 2842 magnifico
3529 2757 3874 2842 splendore
3910 2757 4196 2824 notabile
4230 2759 4356 2824 fuit
4389 2756 4652 2825 dicendi

2749 2867 2931 2913 enus.

2703 2869 2748 2931 g
2874 2931 2936 2996 3.
3001 2928 3183 2996 Dicit
3221 2930 3325 2996 vir
3378 2930 3731 2997 reconditus
3796 2929 3983 2998 oculo.
4071 2929 4222 2995 Non
4265 2929 4395 2996 alio
4440 2929 4652 2995 tendit

2705 3027 2842 3083 tota
2905 3015 3221 3100 praefatio
3283 3014 3415 3081 nisi
3492 3024 3569 3081 ut
3643 3037 3714 3081 se
3778 3035 4009 3082 verum
4071 3016 4201 3081 Dei
4263 3015 4651 3100 prophetam

2703 3124 2846 3170 esse
2922 3102 3155 3186 probet
3172 3150 3188 3181 ,
3254 3123 3330 3168 ac
3388 3101 3905 3169 benedictionem
3970 3120 4170 3184 quam
4238 3103 4525 3185 proferet
4581 3121 4651 3168 se

2703 3189 2949 3255 habere
3002 3209 3087 3253 ex
3142 3187 3407 3254 coelesti
3460 3187 3742 3254 oraculo.
3833 3189 3924 3254 Et
3983 3208 4139 3253 vera
4193 3187 4458 3272 quidem
4522 3187 4653 3272 glo-

2710 3275 2902 3341 riatio
2945 3273 3073 3339 fuit
3113 3273 3326 3355 quoad
3362 3273 3541 3338 hunc
3575 3272 3921 3356 specialem
3959 3282 4208 3339 actum:
4254 3275 4398 3340 fleri
4433 3283 4653 3340 tamen

2704 3369 2944 3445 potest,
3004 3368 3079 3425 ut
3140 3377 3293 3424 eum
3353 3357 3438 3423 ad
3494 3380 3565 3424 se
3623 3358 4000 3425 iactandum
4056 3359 4392 3442 impulerit
4445 3359 4654 3425 fastus

2705 3456 2772 3512 et
2817 3445 3104 3512 ambitio.
3195 3443 3594 3528 Quanquam
3650 3443 3981 3527 probabile
4025 3457 4128 3510 est
4184 3445 4474 3529 impulsu
4520 3446 4652 3529 spi-

2704 3534 2874 3599 ritus
2939 3532 3035 3597 sic
3098 3529 3300 3596 fuisse
3376 3530 3745 3614 praefatum
3761 3581 3778 3610 ,
3857 3551 3985 3613 quo
4066 3531 4219 3616 plus
4297 3531 4450 3598 fidei
4514 3531 4651 3597 suis

2704 3618 2899 3685 dictis
2974 3631 3312 3683 assereret.
3403 3615 3753 3682 anterum
3818 3637 3902 3682 ex
3968 3617 4090 3683 hoc
4152 3616 4423 3684 consilio
4501 3617 4656 3683 licet

2703 3724 2971 3770 sensum
3031 3702 3377 3769 verborum
3438 3701 3761 3786 colligere.
3850 3703 4101 3786 Elogiis
4158 3723 4230 3769 se
4284 3713 4477 3769 ornat
4519 3703 4653 3768 Ba·

2703 3789 2874 3854 laam
2913 3787 3148 3871 quibus
3190 3787 3644 3871 propheticum
3680 3808 3922 3856 munus
3964 3788 4089 3855 sihi
4122 3796 4404 3874 arroget.
4470 3788 4653 3874 Ergo

2703 3893 3127 3959 quaecunque
3163 3871 3244 3939 de
3278 3895 3349 3939 se
3391 3871 3729 3956 praedicat
3768 3872 4106 3941 sciendum
4140 3881 4244 3941 est
4283 3882 4653 3958 competere

2704 3962 2773 4026 in
2833 3980 3026 4026 veros
3070 3959 3193 4025 Dei
3255 3958 3608 4044 prophetas
3664 3978 3946 4043 quorum
4000 3968 4190 4026 notas
4242 3968 4309 4026 et
4362 3959 4656 4044 insignia

2705 4055 3066 4112 mutuatur.
3154 4045 3236 4111 In
3316 4045 3493 4111 hunc
3565 4045 3764 4111 finem
3829 4045 3987 4112 dicit
4050 4067 4121 4112 se
4200 4044 4654 4114 absconditum

2705 4153 2849 4198 esse
2889 4131 3105 4197 oculo:
3165 4150 3295 4215 quo
3339 4131 3669 4216 significat
3720 4152 3852 4197 non
3909 4132 4172 4216 vulgari
4215 4153 4395 4199 more
4435 4153 4507 4199 se
4554 4132 4652 4198 vi-

2706 4218 2893 4298 dere,
2964 4217 3078 4284 sed
3136 4218 3382 4301 pollere
3437 4217 3692 4283 arcanis
3739 4218 4117 4285 visionibus.
4207 4217 4654 4286 Consentiunt

2706 4304 3100 4388 interpretes
3145 4316 3304 4373 nnw
3350 4302 3739 4369 tantundem
3783 4303 4006 4370 valere
4050 4326 4126 4370 ac
4168 4316 4348 4383 nno,
4384 4303 4507 4371 hoc
4553 4311 4654 4372 est

2705 4390 3000 4456 clausum
3059 4389 3163 4456 vel
3217 4389 3687 4455 absconditum.
3774 4388 4008 4474 Itaque
4066 4398 4335 4456 vertunt
4385 4389 4652 4475 quidam

2705 4477 2776 4541 in
2852 4484 3147 4560 tempore
3238 4474 3901 4559 plusquamperfecto:
4011 4474 4140 4541 Vir
4213 4475 4321 4543 cui
4391 4476 4653 4543 clausus

2704 4571 2849 4627 erat
2890 4562 3144 4628 oculus:
3191 4572 3257 4625 et
3301 4561 3423 4627 hoc
3466 4560 3846 4645 intelligunt
3888 4561 3968 4628 de
4010 4563 4322 4629 caecitate
4355 4562 4652 4640 Balaam,

2703 4668 2908 4731 quum
2964 4647 3205 4713 clarius
3262 4645 3514 4712 videret
3567 4648 3711 4713 eius
3769 4648 3953 4713 asina
4004 4668 4199 4731 quam
4266 4648 4425 4731 ipse.
4516 4647 4654 4715 Alii

2703 4734 2857 4818 quia
2902 4733 3126 4800 vident
3167 4732 3233 4797 id
3277 4741 3718 4800 commentum
3763 4734 3960 4799 nimis
4002 4754 4146 4800 esse
4187 4734 4493 4814 dilutum,

2704 4819 3115 4902 antiphrasin
3160 4830 3530 4903 exponunt:
3569 4818 3696 4885 Oui
3732 4830 3997 4903 apertus
4038 4832 4139 4887 est
4178 4820 4426 4887 oculus.

2749 4905 3014 4971 uoniam
3069 4904 3232 4971 haec
3291 4906 3492 4970 etiam
3545 4906 4000 4988 interpretatio
4055 4917 4276 4973 coacta
4318 4914 4450 4984 est,
4519 4928 4650 4973 non

2703 4926 2932 5057 {abito
2977 4992 3137 5074 quin
3180 4990 3594 5057 absconditos
3636 4989 3760 5056 sibi
3805 5011 3945 5057 esse
3988 4992 4211 5058 oculos
4255 4990 4464 5071 dicat,
4500 4994 4649 5076 quia

2705 5097 2946 5142 areana
2987 5076 3389 5159 inspectione
3431 5076 3680 5160 pollent
3719 5098 3920 5161 supra
3953 5077 4316 5143 humanum
4358 5077 4646 5144 modum.

2704 5161 2874 5227 Nam
2903 5183 3122 5229 vocem
3147 5162 3319 5229 hanc
3340 5173 3617 5246 usurpat
3638 5163 3856 5228 David
3879 5161 4016 5249 (Ps.
4045 5163 4150 5244 51,
4179 5163 4249 5250 8)
4269 5184 4389 5248 pro
4413 5174 4651 5250 myste-

2703 5247 2850 5328 riis,
2901 5268 3102 5331 quum
3139 5247 3326 5313 dicit:
3372 5247 3778 5315 Abscondita
3811 5250 4170 5332 sapientiae
4214 5249 4650 5317 manifestasti

2703 5333 2884 5399 mihi.
2935 5333 3080 5401 Nisi
3113 5333 3283 5400 forte
3316 5335 3588 5418 placeat,
3626 5334 3958 5402 hominem
3996 5337 4215 5404 vocari
4251 5334 4648 5403 absconditis
