5017 6142
476 448 604 515 169

479 655 640 719 erga
683 654 833 700 81108
878 634 1087 701 foetus
1129 642 1205 700 ut
1247 632 1660 700 incredibiles
1703 654 1821 717 pro
1873 634 2030 716 ipsis
2084 634 2414 700 molestias

479 721 766 787 libenter
827 718 1167 786 devorent:
1237 717 1352 785 sed
1425 718 1555 784 alia
1618 718 1882 802 pietatis
1946 719 2112 783 ratio
2180 720 2414 785 Mosen

482 805 871 873 obstrinxit:
916 806 1071 890 quia
1113 826 1197 870 ex
1231 805 1359 872 Dei
1404 802 1714 871 mandato
1757 813 1944 888 pater
1987 811 2132 870 erat
2173 805 2414 888 populi.

483 891 710 974 Quare
754 913 881 957 non
928 898 1186 957 tantum
1243 899 1549 958 naturam
1604 891 1925 973 respicere
1984 889 2235 970 debuit,
2301 889 2414 956 sed

487 977 679 1044 officii
724 977 823 1042 8111
872 977 1341 1042 118088811818111.

658 1062 758 1128 13.
834 1061 1007 1130 Unde
1058 1061 1216 1128 mihi
1265 1083 1427 1129 care.
1530 1061 1710 1127 Iuste
1774 1061 2039 1143 quidem
2105 1061 2417 1145 populum

484 1154 766 1227 accusat,
809 1156 878 1215 et
922 1155 1117 1231 negat
1160 1146 1283 1212 sibi
1327 1148 1394 1213 in
1439 1167 1640 1213 manu
1688 1168 1830 1212 8888
1873 1167 2134 1227 carnes,
2179 1147 2417 1230 quibus

483 1241 818 1300 saturetur
859 1240 1049 1299 tanta
1090 1231 1470 1311 multitudo,
1528 1232 1643 1297 sed
1685 1254 1814 1297 non
1858 1241 2035 1299 recte
2079 1252 2224 1297 cum
2271 1230 2416 1297 Deo

485 1318 886 1402 expostulat,
930 1318 1114 1402 quasi
1161 1339 1360 1401 supra
1399 1319 1571 1385 vires
1612 1328 1934 1384 oneretur.
2016 1317 2185 1383 Nam
2231 1318 2417 1383 Deus

484 1425 683 1488 quum
730 1405 929 1471 sciret
972 1412 1071 1469 tot
1129 1402 1619 1470 difficultatibus
1678 1424 1819 1470 esse
1873 1405 2188 1487 imparem
2207 1453 2223 1482 ,
2281 1403 2416 1485 spi·

483 1492 653 1556 ritus
701 1490 800 1556 sui
848 1490 1090 1556 virtute
1134 1509 1282 1554 eum
1329 1490 1706 1556 sustinebat.
1797 1488 2205 1555 Gravissime
2264 1509 2416 1554 vero

527 1575 778 1642 secavit
820 1576 889 1639 in
932 1576 1073 1658 ipsa
1116 1575 1560 1658 querimoniae
1616 1574 1938 1651 clausula,
1997 1574 2334 1658 postulans
2378 1593 2417 1638 a

481 1598 634 1727 11⁵)oe
677 1661 975 1727 interfici.
1053 1660 1135 1725 In
1190 1659 1424 1743 quibus
1482 1658 1697 1726 verbis
1755 1660 2184 1744 perspicimus
2226 1681 2415 1743 quor-

483 1768 632 1812 sum
709 1752 1141 1830 prorumpant
1218 1746 1451 1829 optimi
1515 1765 1766 1828 quoque
1831 1746 1953 1811 Dei
2022 1746 2225 1824 servi,
2305 1745 2416 1811 ubi

484 1832 826 1899 affectibus
871 1832 1008 1897 suis
1051 1831 1200 1914 plus
1243 1851 1449 1913 aequo
1493 1830 1859 1914 indulgent.
1947 1831 2193 1895 Votum
2239 1831 2414 1896 enim

484 1917 957 2001 desperationis
1011 1924 1143 1995 est,
1203 1925 1425 2000 petere
1483 1927 1558 1982 ut
1601 1916 1907 1981 tollamur
1951 1937 1987 1981 8
2030 1916 2274 1995 11181110,
2345 1922 2418 1981 111

480 2025 659 2070 mors
723 2005 922 2068 finem
986 2003 1316 2067 aerumnis
1383 2002 1625 2068 nostris
1692 2002 1942 2067 afferat.
2055 2000 2275 2083 Quum
2340 2021 2416 2066 eo

482 2090 715 2155 Mosen
796 2087 1257 2154 electissimum
1337 2086 1467 2153 Dei
1546 2107 1807 2153 servum
1889 2087 2417 2170 praecipitaverit

484 2174 726 2240 doloris
791 2173 1113 2257 impetus,
1180 2172 1336 2255 quid
1396 2172 1583 2238 nobis
1642 2194 1773 2237 non
1831 2173 2182 2251 accideret,
2241 2173 2295 2237 si
2343 2173 2409 2237 in

484 2258 784 2326 cordibus
862 2258 1104 2324 nostris
1182 2258 1585 2341 impatientia
1650 2256 2138 2323 dominaretur?
2235 2257 2416 2341 Ergo

482 2344 639 2412 huic
683 2344 906 2410 morbo
950 2343 1273 2409 discamus
1316 2354 1572 2409 mature
1613 2362 1971 2410 occurrere.

998 2685 1128 2750 EX
1173 2681 1502 2750 EODEM
1549 2682 1903 2750 CAPITE.

659 2857 757 2922 16.
809 2857 984 2922 Tune
1027 2853 1190 2920 dixit
1224 2853 1453 2919 Iehova
1487 2855 1572 2920 ad
1609 2850 1864 2919 Mosen.-
1909 2852 2216 2938 Conyreya
2258 2852 2419 2918 mihi

482 2943 877 3029 septuayinta
918 2943 1088 3006 viros
1130 2961 1162 3005 e
1193 2939 1542 3040 senioribus
1562 2938 1785 3041 Jsrad,
1829 2960 1978 3021 quos
2019 2939 2181 3003 nosti
2220 2939 2418 3004 senio-

481 3026 1653 3190 23.552mm05{.103.”332550.225⁶
1669 3026 2160 3210 ‘uffdaasmd‘fmiq‘ffa
2189 3025 2417 3176 aaa?

484 3199 586 3265 17.
639 3199 813 3265 Tunc
855 3199 1232 3276 descendam,
1277 3202 1333 3263 et
1373 3198 1596 3279 loquar
1638 3202 1831 3262 tecum
1871 3197 1979 3277 ibi,
2022 3201 2078 3261 et
2118 3195 2417 3278 separabo

486 3286 562 3351 de
601 3285 833 3368 spiritu
866 3285 979 3366 qui
1013 3288 1104 3348 est
1133 3284 1206 3348 in
1236 3285 1311 3363 te,
1355 3287 1411 3348 et
1430 3303 1669 3365 ponam
1702 3284 1774 3348 in
1807 3283 1930 3347 eis:
1968 3288 2040 3347 ut
2071 3283 2420 3348 sustineant

484 3376 683 3438 tecum
717 3390 875 3436 onus
900 3370 1164 3451 populi.-
1207 3374 1266 3432 et
1303 3387 1429 3432 non
1461 3369 1774 3435 sustineas
1805 3373 1873 3433 tu
1908 3369 2099 3433 solus.
2170 3367 2268 3433 18.
2304 3365 2416 3432 Aa

474 3457 785 3541 populum
827 3459 1032 3521 autem
1074 3455 1240 3520 dices
1253 3479 1272 3518 .-
1314 3452 1811 3536 Sanctificamini
1855 3455 1917 3519 in
1953 3455 2316 3531 crastinum,
2364 3458 2418 3518 et

487 3543 808 3609 comedetis
864 3560 1112 3606 carnes:
1158 3540 1418 3619 flevistis
1476 3540 1640 3605 enim
1696 3541 1762 3604 in
1818 3539 2082 3605 auribus
2140 3538 2415 3618 Iehovae,

486 3628 774 3697 dicendo:
840 3627 995 3709 Quis
1037 3627 1339 3692 comedere
1377 3626 1563 3706 faciet
1615 3644 1728 3689 nos
1768 3624 2038 3691 carnes?
2105 3629 2258 3689 certe
2299 3644 2414 3689 me·

486 3716 619 3781 lius
659 3718 794 3780 erat
845 3711 1025 3776 nobis
1075 3712 1147 3776 in
1191 3712 1499 3794 Aeyypto:
1551 3711 1727 3776 dabit
1777 3712 1941 3776 enim
1984 3709 2212 3776 Iehova
2254 3709 2419 3775 vobis

486 3819 738 3877 earnes,
806 3803 861 3863 et
922 3797 1258 3864 comedetis
1366 3796 1464 3861 19.
1536 3796 1676 3862 Non
1730 3817 1861 3861 una
1912 3796 2015 3862 die
2075 3795 2415 3874 comedetis,

485 3882 955 4039 ffaffffl⁸
981 3882 1461 4051 ‚ffe‘ff'vffli‘zi
1503 3881 2046 4034 {emim
2091 3901 2279 4031 ”W
2292 3881 2419 4033 §²053

484 4075 685 4139 nsque
725 4058 812 4122 ad
852 4074 1120 4119 mensem
1161 4055 1422 4131 dierum,
1466 4054 1651 4119 donec
1690 4054 2041 4138 egrediatur
2080 4073 2112 4118 e
2153 4052 2420 4118 naribus

486 4141 730 4221 vestris,
776 4146 831 4205 et
871 4141 955 4205 sit
996 4140 1169 4204 vobis
1210 4139 1280 4203 in
1316 4137 1853 4206 abominationem:
1889 4143 2214 4222 propterea
2257 4138 2418 4219 quod

488 4227 935 4308 contempsistis
979 4224 1290 4302 Iehovam,
1335 4225 1445 4306 qui
1490 4230 1578 4290 est
1617 4226 1687 4290 in
1727 4226 1926 4291 medio
1967 4225 2171 4303 vestri,
2217 4229 2272 4289 et
2304 4224 2416 4305 fle-

488 4313 673 4380 vistis
711 4331 920 4378 eoram
965 4331 1060 4392 e0,
1109 4310 1396 4376 dicendo:
1457 4309 1537 4376 Ut
1588 4312 1741 4393 quid
1798 4312 2026 4395 eyressi
2079 4329 2300 4376 sumus
2341 4329 2418 4375 ex

492 4398 816 4483 Aeyypto?
900 4397 1002 4463 21.
1050 4395 1138 4462 Et
1178 4396 1343 4461 dixit
1386 4393 1628 4462 Moses.-
1672 4395 2106 4463 Sexcentorum
2148 4395 2418 4461 millium

475 4486 763 4568 peditum
806 4488 895 4548 est
938 4483 1212 4566 populus
1268 4482 1336 4546 in
1387 4482 1570 4548 cuius
1614 4485 1816 4549 medio
1873 4503 1978 4566 eye
2020 4501 2196 4547 sum.-
2245 4486 2300 4546 et
2350 4487 2419 4545 tu

488 4572 681 4639 dicis.-
730 4567 1181 4635 Carnemdabo
1223 4567 1353 4632 eis.-
1395 4568 2086 4634 eteomedentmensem
2119 4565 2416 4631 dierum?

490 4657 596 4724 22.
645 4655 976 4736 Numquid
1019 4673 1159 4719 oves
1199 4657 1254 4716 et
1294 4653 1468 4718 boves
1509 4653 1951 4737 iuyulabuntur
1990 4654 2099 4733 eis,
2143 4656 2198 4716 et
2238 4651 2419 4733 suffi-

489 4745 645 4810 cient
664 4741 800 4807 illis
816 4740 850 4805 ‚2
896 4760 979 4805 an
1017 4759 1224 4804 omnes
1245 4740 1456 4819 pisces
1488 4740 1689 4803 maris
1721 4738 2246 4824 conyreyabuntm
2266 4738 2417 4816 illis,

492 4834 546 4893 et
587 4826 897 4909 sufficient
937 4826 1080 4891 eis?
1167 4823 1268 4890 23.
1331 4824 1494 4889 Tum
1549 4824 1715 4889 dixit
1758 4825 1986 4891 Iehova
2043 4825 2127 4889 acl
2171 4823 2422 4888 Mosen:

496 4912 826 4994 Numquid
867 4930 1094 4977 manus
1130 4909 1390 4976 Iehovae
1420 4909 1889 5000 ¹abbreviabitur
1902 4909 1939 4975 3
1985 4929 2146 4975 nune
2186 4908 2423 4974 videbis

494 5004 704 5065 mum
748 4998 983 5064 eveniat
1021 4997 1134 5062 tibi
1168 4996 1418 5062 verbum
1460 5016 1681 5076 meum,
1726 5016 1947 5063 annon.

668 5169 768 5234 16.
854 5168 1164 5253 Gonyreya
1240 5167 1398 5233 mihi
1473 5166 1884 5248 septuayinta.
1997 5161 2425 5249 obtemperat

491 5255 678 5322 Deus
721 5263 870 5323 voto
916 5255 1151 5333 Μο818,
1211 5252 1364 5319 dum
1410 5252 1828 5337 septuaginta
1871 5251 1930 5316 81
1976 5250 2276 5335 adiungit
2318 5271 2423 5316 co-

491 5344 705 5422 mites,
751 5361 1022 5423 quorum
1068 5359 1265 5422 opera
1309 5348 1374 5405 et
1417 5336 1704 5406 subsidio
1749 5335 1954 5402 levari
2000 5349 2192 5419 queat
2235 5343 2422 5420 parte

1884 445 2291 513 REDITUS
2337 444 2466 512 AD
2507 444 3052 514 HISTORIAM.

4318 453 4443 519 170

2517 632 2731 717 aliqua
2772 632 3044 700 laboris:
3089 655 3223 700 non
3267 641 3487 701 tamen
3532 636 3674 702 sine
3717 637 4187 722 indignationis
4220 641 4438 725 signo:

2514 720 2815 801 quoniam
2870 740 2950 785 ex
3009 719 3153 784 eius
3210 721 3442 803 spiritu
3499 721 3732 789 tollens
3787 722 3956 806 quod
4020 725 4163 791 aliis
4220 724 4438 792 distri-

2515 805 2707 885 buat,
2761 805 3157 889 ignominiae
3201 814 3452 884 notam,
3507 827 3634 889 qua
3678 807 3916 893 dignus
3961 819 4134 890 erat,
4178 810 4436 896 infligit.

2516 889 2669 956 Scio
2731 889 3113 973 quibusdam
3172 891 3362 956 aliter
3420 891 3658 972 videri,
3728 894 3892 959 nihil
3964 895 4210 962 scilicet
4268 898 4441 963 Mosi

2516 973 2716 1040 fuisse
2761 975 3141 1054 detractum,
3188 975 3299 1042 sed
3345 977 3507 1043 alios
3550 999 3721 1045 nova
3761 980 3973 1064 gratia
4015 980 4216 1047 fuisse
4258 1004 4442 1065 prae-

2518 1058 2705 1139 ditos,
2750 1081 2880 1144 qua
2922 1059 3100 1127 solus
3122 1061 3339 1127 Moses
3385 1063 3663 1130 antehac
3708 1065 4121 1132 excelluerat.
4187 1066 4438 1134 Verum

2518 1168 2714 1230 quum
2762 1145 2963 1211 verba
3008 1146 3180 1214 clare
3213 1156 3465 1227 sonent,
3511 1148 3725 1214 Deffm
3764 1150 3908 1217 illos
3943 1153 4265 1217 facturum
4301 1175 4441 1223 esse

2517 1231 2867 1316 participes
2911 1232 3163 1315 gratiae
3207 1253 3402 1315 quam
3448 1254 3488 1298 a
3530 1235 3716 1300 Mose
3772 1237 3912 1319 ipso
3972 1237 4274 1321 accipiet,
4335 1260 4440 1304 ar·
4560 1315 4566 1319 ,

2515 1319 2765 1401 gutiam
2833 1316 3014 1382 illam
3086 1318 3354 1385 minime
3422 1317 3711 1385 admitto.
3811 1322 4070 1387 Oitatur
4121 1325 4296 1390 locus
4354 1347 4439 1391 ex

2516 1403 2619 1468 27.
2667 1402 2874 1485 capite
2921 1402 3283 1484 Geneseos,
3342 1402 3453 1468 ubi
3496 1404 3761 1471 dicitur:
3808 1410 4049 1473 Annon
4095 1411 4439 1476 reservasti

2516 1488 2678 1554 1111111
2745 1487 3302 1555 benedictionem?
3382 1489 3495 1554 sed
3545 1511 3764 1573 ,quum
3830 1492 4067 1559 diserte
4131 1495 4440 1577 exprimit

2517 1576 2728 1641 Deus:
2775 1573 3027 1638 Ponam
3070 1593 3361 1639 seorsum
3404 1596 3486 1640 ex
3533 1577 3768 1659 spiritu
3811 1585 3922 1643 tuo
3966 1582 4076 1661 qui
4113 1590 4211 1646 est
4243 1580 4316 1644 in
4353 1588 4436 1660 te,

2515 1660 2787 1724 minime
2832 1657 3101 1724 dubium
3147 1670 3248 1724 est
3289 1660 3448 1742 quin
3486 1660 3828 1727 diminutio
3862 1671 4141 1731 notetur.
4210 1663 4437 1745 Quan-

2517 1746 2719 1828 tisper
2778 1745 2948 1810 enim
3011 1744 3189 1810 solus
3245 1745 3466 1810 Moses
3522 1747 3888 1829 praefectus
3953 1758 4093 1815 erat
4154 1749 4439 1835 regendo

2512 1830 2772 1915 populo,
2818 1831 3194 1895 necessariis
3239 1830 3509 1913 spiritus
3553 1830 3739 1899 donis
3782 1833 4264 1901 ita-instructus
4299 1843 4441 1902 erat

2517 1925 2592 1981 ut
2632 1916 2905 1982 facultas
2961 1914 3411 2000 magnitudine
3470 1917 3709 1983 laboris
3767 1940 3898 1984 non
3943 1929 4112 1986 esset
4152 1921 4438 1988 inferior.

2518 2001 2710 2068 Nunc
2756 2002 2938 2067 Deus
2983 2002 3076 2066 sic
3120 2000 3278 2066 alios
3323 2003 3646 2085 promittit
3690 2005 3826 2069 fore
3870 2006 4102 2083 socios,
4153 2016 4228 2072 ut
4272 2007 4442 2073 dona

2516 2107 2636 2154 8118
2676 2087 2852 2152 inter
2893 2106 3121 2151 omnes
3162 2087 3502 2169 partiatur.
3590 2088 3761 2154 Mihi
3805 2112 3958 2176 ergo
4003 2090 4267 2158 dubium
4313 2115 4440 2158 non

2517 2181 2616 2238 est
2652 2173 2806 2255 quin
2844 2172 3003 2237 haec
3027 2170 3289 2254 partitio
3325 2192 3598 2254 poenam
3635 2173 3705 2237 in
3742 2195 3811 2239 se
3846 2178 4194 2243 contineat.
4252 2177 4443 2245 Unde

2517 2258 2820 2342 colligere
2862 2257 3014 2323 licet
3054 2257 3281 2321 utilem
3324 2257 3701 2336 doctrinam,
3749 2280 3877 2341 quo
3912 2261 4060 2344 plus
4097 2263 4444 2346 unicuique

2520 2342 2922 2409 difficultatis
2965 2341 3150 2407 Deus
3192 2342 3495 2424 imponit,
3558 2364 3633 2408 80
3680 2344 3874 2409 8118111
3918 2347 4248 2413 liberalius
4291 2370 4438 2414 cum

2519 2450 2595 2495 eo
2640 2448 2863 2512 agere,
2921 2434 3000 2493 ut
3055 2429 3312 2492 muneri
3373 2447 3492 2493 suo
3535 2428 3833 2496 sufficiat.
3920 2430 4152 2515 Itaque
4194 2435 4262 2498 in
4307 2436 4445 2498 eius

2520 2514 2789 2579 arbitrio
2845 2534 2985 2579 esse
3041 2512 3325 2595 positum
3391 2532 3510 2595 per
3573 2535 3775 2579 unum
3845 2516 4176 2582 hominem
4243 2539 4444 2603 aeque

2519 2607 2819 2682 potenter
2840 2607 3034 2681 atque
3041 2617 3176 2748 (fer
3209 2607 3469 2664 centum
3508 2599 3634 2664 vel·
3652 2599 3843 2679 mille,
3885 2600 4158 2685 operari.
4217 2603 4446 2687 Neque

2523 2685 2694 2749 enim
2741 2685 2931 2749 turba
2966 2683 3037 2746 in
3084 2684 3248 2767 iget:
3296 2682 3412 2749 sed
3447 2694 3643 2767 prout
3677 2687 3893 2752 visum
3931 2695 4047 2767 est,
4091 2710 4266 2755 nunc
4302 2690 4444 2754 sine

2520 2770 2860 2835 hominum
2902 2789 3115 2852 opera,
3162 2789 3340 2835 nunc
3380 2789 3499 2852 per
3542 2790 3804 2837 manum
3849 2772 4207 2853 hominum,
4250 2794 4446 2858 opera

2519 2875 2639 2921 sua
2678 2855 3071 2938 exsequitur.
3138 2853 3222 2918 In
3264 2875 3538 2935 summa,
3582 2855 3841 2940 oblique
3884 2859 4230 2941 exprobrat
4262 2860 4445 2925 Deus

2522 2941 2690 3006 Mosi
2737 2950 3021 3007 crassam
3064 2939 3634 3023 ingratitudinem,
3681 2963 3807 3025 qua
3851 2941 4200 3028 derogabat
4242 2944 4448 3009 admi-

2520 3025 2710 3091 rabili
2756 3025 3005 3111 gratiae
3048 3046 3213 3108 quae
3251 3025 3568 3091 hactenus
3626 3027 3695 3091 in
3752 3027 3893 3110 ipso
3949 3029 4322 3109 refulserat,
4379 3037 4446 3095 et

2519 3113 2859 3189 minorem,
2895 3110 3106 3195 quoad
3130 3111 3597 3193 praestantiam
3620 3112 3905 3195 spiritus,
3939 3114 4077 3179 fore
4099 3114 4447 3181 denunciat

2518 3197 2825 3347 gosthac:
2883 3218 2959 3262 eo
3003 3195 3174 3279 quod
3229 3196 3596 3262 molestiam
3643 3218 3681 3262 a
3725 3220 3793 3263 se
3836 3199 4134 3266 reiiciens
4177 3201 4444 3284 spiritus

2564 3303 2688 3349 ona
2767 3279 3236 3366 quodammodo
3324 3282 3758 3364 dissipaverit.
3879 3284 4109 3350 Laude
4187 3285 4488 3368 quidem-

2520 3368 2581 3435 di
2633 3390 2720 3434 na
2764 3367 3081 3433 modestia
3124 3378 3255 3447 est,
3299 3368 3355 3431 si
3396 3366 3860 3435 imbecillitatis
3904 3379 4164 3436 nostrae
4208 3371 4447 3436 conscii

2517 3475 2593 3520 ar
2640 3476 2756 3520 uas
2825 3452 3188 3536 provincias
3260 3452 3652 3537 refugimus:
3733 3454 3847 3521 sed
3912 3455 4033 3521 hoc
4097 3464 4449 3539 praetextu

2515 3561 2637 3605 1108
2681 3540 2761 3605 ab
2806 3539 3015 3605 officio
3079 3537 3468 3615 subducere,
3533 3546 3597 3604 et
3654 3549 3873 3622 spreta
3928 3542 4268 3607 vocatione
4321 3543 4447 3608 Dei

2515 3627 2746 3709 iugum
2793 3635 3116 3704 excutere,
3161 3623 3355 3689 nimis
3395 3622 3747 3689 absurdum
3786 3633 3902 3691 est.
3970 3626 4176 3691 Porro
4212 3648 4450 3693 nomen

2517 3711 2785 3794 spiritus
2828 3710 2936 3776 hic
2971 3707 3069 3809 (ut
3108 3708 3259 3774 alibi
3296 3709 3394 3773 fre
3440 3708 3694 3795 uenter)
3730 3709 3810 3775 ad
3853 3709 4022 3776 dona
4055 3711 4197 3794 ipsa
4236 3722 4448 3778 trans-

2515 3798 2750 3861 fertur:
2821 3814 3004 3878 quas1
3068 3793 3341 3859 diceret:
3475 3813 3856 3877 eposueram
3924 3795 4094 3878 apud
4160 3804 4223 3863 te
4280 3796 4450 3863 dona

2518 3902 2683 3965 quae
2704 3881 3078 3947 sufficerent
3099 3878 3180 3944 ad
3205 3878 3519 3963 populum
3551 3902 3621 3945 re
3669 3880 3942 3947 endum:
3984 3904 4158 3949 nunc
4194 3881 4448 3967 quando

2517 3988 2802 4047 recusas,
2841 3988 3031 4032 suum
3067 3965 3298 4048 cuique
3334 3963 3596 4030 modum
3667 3966 4034 4046 istribuam,
4071 3978 4144 4033 ut
4176 3968 4445 4052 spiritus

2518 4054 2761 4137 gratia,
2829 4072 2995 4136 quae
3053 4049 3378 4117 residebat
3437 4051 3503 4116 111
3560 4061 3626 4117 18
3686 4073 3852 4133 11110,
3918 4052 4211 4137 dispersa
4272 4054 4444 4140 inter

2518 4139 2741 4222 plures
2797 4147 3122 4221 appareat.
3211 4135 3571 4217 Quaeritur
3630 4159 3803 4203 nunc
3860 4137 4174 4222 quomodo
4226 4161 4442 4225 segre·

2521 4224 2778 4308 gaverit
2822 4224 3040 4289 Moses
3106 4222 3523 4308 septuaginta
3543 4273 3559 4303 ,
3616 4244 3820 4288 suone
3878 4232 4131 4289 tantum
4187 4224 4444 4306 iudicio,

2521 4331 2606 4375 an
2663 4310 2881 4393 populi
2940 4307 3288 4392 suffragiis.
3390 4308 3673 4392 Vulgari
3730 4328 4048 4376 consensu
4113 4326 4445 4394 receptum

2521 4396 2621 4462 est
2662 4416 2851 4461 senos
2894 4394 3098 4459 fuisse
3143 4395 3379 4460 electos
3421 4414 3507 4459 ex
3550 4415 3801 4476 quaque
3845 4394 4020 4460 tribu
4038 4446 4053 4473 ,
4114 4405 4310 4479 atque
4352 4396 4447 4462 ita

2519 4482 2721 4546 fuisse
2766 4481 3184 4564 septuaginta
3242 4477 3435 4544 duos:
3497 4479 3609 4544 sed
3671 4480 4003 4545 brevitatis
4046 4500 4240 4547 causa
4284 4480 4444 4546 duos

2520 4567 2721 4632 fuisse
2785 4566 3059 4630 omissos
3136 4566 3327 4631 sicuti
3408 4563 3581 4648 apud
3645 4563 3976 4632 Romanos
4056 4567 4445 4633 centumviri

2522 4650 2672 4718 dicti
2718 4659 2907 4729 sunt,
2964 4671 3164 4734 quum
3211 4658 3428 4714 tamen
3472 4657 3734 4715 centum
3779 4661 3993 4716 essent
4035 4659 4102 4715 81
4141 4653 4444 4736 quinque,

2522 4737 2820 4821 singulae
2863 4736 3037 4801 enim
3084 4735 3289 4802 tribus
3332 4756 3500 4818 quae
3544 4754 3817 4799 numero
3862 4736 4130 4818 triginta
4164 4739 4446 4821 quinque

2522 4830 2744 4902 erant,
2826 4830 3049 4887 ternos
3127 4820 3585 4905 praeficiebant
3660 4822 4111 4886 centumvirali
4187 4822 4443 4889 iudicio.

2525 4907 2701 4990 Quia
2753 4906 3105 4991 probabilis
3162 4908 3485 4974 sententia
3540 4912 3666 4984 est,
3734 4906 3806 4970 in
3863 4905 4074 4970 medio
4132 4907 4439 4990 relinque.

2526 4992 2740 5061 Simul
2786 5002 3004 5057 tamen
3043 4993 3295 5057 retineo
3331 5011 3524 5074 quam
3561 4990 3717 5057 alibi
3750 4991 4186 5057 coniecturam
4221 4994 4440 5058 attuli:

2526 5080 2677 5163 quia
2742 5077 3041 5144 ducentis
3107 5086 3170 5142 et
3235 5077 3473 5162 viginti
3551 5076 3742 5142 annis
3818 5072 4180 5141 incredibili
4256 5078 4446 5142 modo

2528 5179 2716 5230 aucta
2760 5164 2975 5229 fuerat
3011 5162 3316 5229 Abrahae
3360 5162 3623 5238 soboles,
3670 5181 3753 5225 ne
3801 5180 4081 5241 unquam
4123 5160 4449 5228 excideret

2527 5250 2659 5315 tale
2705 5250 2829 5314 Dei
2872 5250 3292 5327 miraculum,
3354 5249 3590 5313 electos
3634 5245 3829 5310 fuisse
3873 5246 4287 5330 septuaginta
4330 5270 4448 5332 pro

2528 5356 2796 5400 numero
2840 5344 3096 5419 patrum
3143 5335 3253 5418 qui
3298 5332 3761 5399 descenderant
3794 5329 3861 5394 in
3887 5331 4261 5415 Aegyptum
4298 5355 4446 5400 cum
