5017 6142
468 416 558 483 59

474 608 685 675 cultas
723 604 1029 687 suppetit,
1074 625 1154 667 cx
1203 602 1393 668 unico
1436 601 1619 665 fonte
1656 622 1941 681 manare,
1987 608 2053 664 et
2097 601 2415 667 divinitus

474 692 772 777 conferri.
836 690 979 753 Hoc
1002 700 1255 753 tantum
1295 688 1586 765 interest,
1627 686 1795 770 quod
1825 685 2119 752 Beseleel
2157 708 2418 752 summa

473 779 878 863 praestantia
926 772 1204 839 donatus
1248 773 1404 853 fuit,
1444 772 1589 837 aliis
1636 771 2052 837 distribuitur
2095 782 2415 856 quantum

475 866 620 930 Deo
710 863 897 926 lacet.

646 884 706 1013 ἐξ
744 948 833 1012 Et
873 966 976 1031 eqo
1018 965 1144 1012 ecce
1178 945 1474 1010 constitui
1513 964 1654 1009 cum
1692 963 1773 1009 eo.
1850 944 2221 1027 Principem
2261 963 2412 1026 ope-

475 1035 567 1101 ris
592 1056 673 1100 ex
698 1033 870 1099 tribu
908 1031 1071 1097 Iuda
1114 1032 1313 1095 fuisse
1336 1029 1656 1095 delectum
1682 1031 1919 1094 mirum
1965 1051 2097 1095 non
2122 1037 2255 1094 est:
2296 1049 2414 1095 cur

474 1144 556 1186 ex
590 1120 767 1185 tribu
807 1119 958 1183 Dan
1005 1117 1348 1181 adiunctus
1392 1116 1587 1181 fuerit
1630 1136 1861 1195 comes,
1907 1116 2026 1180 vix
2071 1114 2255 1181 reddi
2297 1136 2411 1197 po-

476 1214 607 1272 test
662 1205 859 1284 ratio,
917 1204 1040 1267 nisi
1088 1202 1256 1285 quod
1300 1202 1421 1267 loci
1468 1202 1827 1269 obscuritas
1867 1202 2078 1286 magis
2122 1200 2410 1265 illustra-

476 1292 579 1358 vit
624 1291 749 1355 Dei
793 1288 1092 1374 gratiam.
1173 1287 1379 1368 Quod·
1404 1297 1624 1352 autem
1670 1288 1978 1353 continuo
2023 1298 2169 1372 post
2216 1285 2414 1352 subii-

470 1379 676 1454 citur,
736 1377 949 1441 Deum
996 1374 1382 1457 sapientiam
1443 1373 1699 1440 dedisse
1751 1374 1822 1437 in
1868 1394 1977 1438 cor
2013 1394 2238 1437 eorum
2297 1372 2411 1455 qui

473 1462 753 1547 praediti
798 1470 988 1526 erant
1045 1460 1365 1543 sapient-ia
1423 1457 1651 1536 cordis,
1708 1460 1990 1542 speciem
2035 1478 2409 1542 repugnan-

475 1549 605 1613 tiae
666 1547 873 1630 primo
930 1547 1173 1611 intuitu
1237 1543 1540 1611 ostendit.
1642 1544 1813 1609 Nam
1859 1545 1913 1610 si
1975 1544 2410 1628 intelligentia

474 1637 604 1699 iam
653 1632 997 1716 pollebant,
1044 1651 1357 1715 quorsum
1404 1652 1576 1695 nova
1618 1629 2007 1714 inspiratio?
2054 1630 2235 1695 Hinc
2277 1629 2408 1693 fac-

471 1730 614 1785 tum
659 1726 762 1784 est
804 1727 877 1784 ut
913 1718 1109 1802 vulgo
1145 1716 1540 1800 putaverint,
1577 1716 1920 1800 specialem
1958 1716 2084 1780 Dei
2129 1717 2409 1800 gratiam

480 1805 805 1869 duntaxat
859 1826 999 1870 esse
1059 1802 1529 1867 adminiculum
1588 1825 1714 1885 quo
1758 1800 2024 1867 iuvetur
2067 1823 2233 1887 quae
2277 1803 2406 1865 iam

475 1891 862 1956 naturaliter
907 1889 1090 1955 nobis
1133 1889 1305 1953 inest
1348 1888 1638 1953 facultas.
1717 1889 1919 1971 Atqui
1955 1889 2175 1971 potius
2221 1885 2408 1952 doce-

472 1998 619 2041 mur
664 1976 786 2042 hoc
830 1976 988 2051 loco,
1033 1996 1235 2057 quum
1282 1972 1526 2057 aliquid
1573 1974 1758 2040 nobis
1794 1974 2139 2049 accrescit,
2184 1984 2251 2037 et
2294 1971 2407 2037 do-

467 2072 568 2128 tes
627 2063 695 2126 in
742 2061 924 2126 nobis
968 2060 1357 2125 illustriores
1401 2067 1737 2143 apparent,
1781 2082 1913 2124 non
1956 2059 2220 2125 aliunde
2265 2079 2408 2124 esse

433 2149 730 2233 ,nostros
781 2168 1160 2232 progressus
1205 2167 1402 2229 quam
1447 2168 1529 2211 ex
1572 2146 1881 2212 continua
1938 2145 2210 2231 spiritus
2254 2164 2407 2227 ope-

468 2234 737 2299 ratione.
828 2233 968 2298 Iam
1031 2233 1215 2298 Deus
1259 2231 1651 2309 artificibuS,
1700 2254 1977 2315 quorum
2024 2233 2100 2296 fit
2140 2231 2407 2310 mentio,

466 2341 744 2386 acumen
789 2333 858 2383 et
902 2319 1368 2402 perspicaciam
1407 2316 1807 2383 contulerat:
1853 2326 1929 2382 ut
1973 2338 2198 2383 eorum
2247 2315 2406 2380 dex-

470 2406 696 2472 teritas
762 2426 980 2470 semen
1037 2406 1359 2469 duntaxat
1424 2418 1614 2469 esset.
1718 2404 1910 2469 Nunc
1964 2403 2288 2487 promittit
2340 2422 2409 2465 se

470 2492 617 2575 plus
657 2492 962 2557 daturum
1020 2512 1211 2575 quam
1259 2501 1453 2555 antea
1499 2491 1924 2573 apparuisset.
2013 2489 2163 2555 Scio
2212 2487 2408 2553 verba

470 2577 565 2641 sic
620 2577 856 2643 resolvi
910 2598 1127 2661 posse:
1186 2576 1575 2660 Quicunque
1634 2577 1767 2659 apti
1825 2585 1891 2643 et
1933 2574 2149 2640 idonei
2196 2582 2410 2651 erunt,

467 2662 614 2727 ideo
657 2663 988 2748 praeditos
1032 2685 1174 2729 esse
1209 2661 1671 2745 intelligentia,
1719 2663 2024 2745 quoniam
2073 2661 2259 2725 Deus
2306 2681 2411 2723 ar·

460 2769 628 2814 cano
673 2749 991 2815 instinctu
1035 2770 1181 2814 eam
1226 2748 1683 2832 inspiraverit:
1733 2748 1847 2813 sed
1893 2748 2100 2813 altera
2145 2746 2410 2829 exposi-

469 2835 561 2899 tio
605 2834 977 2919 simplicior.
1060 2833 1257 2916 Quod
1300 2835 1598 2918 sequitur
1643 2834 1723 2899 de
1769 2833 2065 2918 partibus
2111 2833 2408 2899 taberna·

462 2921 615 2999 culi,
658 2921 791 2987 iam
841 2931 1193 2987 tractatum
1238 2920 1383 2988 fuit.

1030 3263 1160 3330 EX
1210 3261 1514 3330 EXODI
1559 3263 1857 3329 XXXV.

641 3435 744 3500 20.
793 3434 1058 3518 Eqressi
1091 3441 1238 3500 sunt
1278 3436 1610 3509 universus
1648 3440 1848 3500 coetus
1887 3434 2167 3515 filiorum
2207 3429 2417 3495 Israel

466 3542 513 3587 a
568 3520 735 3602 facie
798 3521 1020 3587 Masis.
1131 3522 1234 3587 21.
1311 3520 1738 3602 Veneruntque
1804 3520 1909 3584 vir
1965 3538 2145 3601 quem
2198 3516 2417 3582 extulit

457 3626 572 3675 -cor
604 3627 809 3687 suum,
847 3608 960 3690 qui
1002 3607 1284 3673 liberalis
1323 3607 1453 3686 fuit
1493 3607 1729 3688 spiritu
1771 3626 1915 3671 suo.-
1958 3604 2413 3683 attuleruntque

470 3692 832 3759 oblationem
894 3692 980 3758 acl
1039 3714 1197 3774 opus
1261 3692 1646 3758 tabernaculi
1709 3690 2149 3764 conventionis,
2217 3693 2273 3752 et
2328 3688 2414 3752 ad

470 3799 644 3844 omne
676 3800 830 3861 opus
864 3781 1017 3856 eius,
1055 3784 1107 3844 et
1151 3780 1237 3844 acl
1278 3783 1474 3843 vestes
1517 3777 1882 3842 sanctitatis.
1948 3775 2051 3839 22.
2105 3773 2415 3839 Venerunt

468 3866 595 3930 viri
638 3871 693 3930 et
733 3865 1043 3945 mulieres,
1090 3865 1440 3947 quicunque
1473 3862 1759 3929 liberalis
1789 3861 1918 3944 fuit
1960 3860 2152 3938 corde,
2198 3858 2412 3922 attule-

468 3956 618 4016 runt
640 3951 885 4033 fibulas,
918 3956 971 4017 et
992 3953 1272 4029 inaures,
1299 3955 1356 4015 et
1378 3948 1661 4027 annulos,
1684 3953 1740 4011 et
1768 3944 2075 4024 armillas,
2105 3943 2411 4027 quodlibet

468 4058 584 4103 vas
626 4054 918 4115 aureum,
966 4042 1023 4101 et
1064 4038 1267 4102 omnis
1308 4036 1412 4100 vir
1454 4034 1567 4116 qui
1609 4032 1814 4098 attulit
1856 4031 2216 4096 levationem
2258 4032 2409 4094 awri

471 4122 751 4189 Iehovae.
819 4123 920 4188 23.
965 4121 1299 4189 Praeterea
1332 4121 1532 4186 omnis
1566 4118 1669 4183 vir
1710 4116 1885 4199 apud
1917 4136 2097 4197 quem
2138 4117 2407 4181 invenie-

469 4210 656 4273 batur
695 4209 1085 4293 hyacinthus,
1120 4226 1440 4290 purpura,
1485 4222 1709 4286 coccuS,
1763 4202 2002 4285 byssus,
2049 4207 2105 4266 et
2138 4203 2265 4284 pili
2307 4223 2406 4268 ca-

458 4315 732 4378 prarum
745 4346 759 4372 ,
804 4300 860 4360 et
898 4295 1094 4377 pelles
1138 4293 1404 4357 arietum
1446 4288 1799 4353 rubricatae
1820 4338 1834 4361 ,
1878 4292 1937 4351 et
1967 4287 2163 4370 pelles
2206 4288 2408 4355 thaso·

466 4401 640 4461 rum,
699 4381 849 4446 haec
906 4381 1266 4445 attulerunt.
1357 4373 1459 4439 24.
1524 4373 1746 4439 Omnis
1788 4372 1999 4438 tollens
2041 4374 2405 4440 levationem

462 4468 709 4552 arpenti
746 4473 802 4532 et
835 4467 1027 4543 aeris,
1074 4464 1421 4529 obtulerunt
1456 4460 1820 4525 levationem
1855 4457 2150 4525 Iekovae:
2194 4467 2252 4526 et
2283 4482 2406 4525 om-

466 4553 572 4618 nis
591 4553 765 4634 apud
785 4572 964 4635 quem
999 4547 1474 4615 inveniebantur
1505 4544 1681 4626 liqna
1715 4546 1930 4625 sittim,
1954 4567 2080 4629 pro
2114 4549 2405 4613 universo

465 4660 648 4721 opere
680 4638 1021 4704 ministerii
1055 4634 1411 4701 attulerunt.
1499 4629 1599 4694 25.
1665 4628 2002 4698 Praeterea
2035 4634 2239 4699 omnis
2272 4654 2406 4698 mu-

465 4725 588 4791 lier
623 4723 992 4807 intelliqenti
1035 4720 1231 4793 corde,
1277 4715 1570 4781 manibus
1611 4717 1751 4782 suis
1794 4725 2102 4798 neverunt,
2147 4725 2201 4785 et
2245 4725 2401 4786 attu-

465 4811 670 4877 lerunt
705 4810 867 4892 quod
914 4805 1112 4871 nendo
1147 4806 1432 4885 operatae
1471 4801 1747 4883 fuerant,
1790 4804 2206 4887 hyacinthum,
2240 4827 2403 4888 pur-

456 4917 698 4979 puram
713 4944 728 4971 ‚
774 4912 1009 4960 coccum
1053 4895 1109 4955 et
1153 4887 1420 4971 byssum.
1516 4887 1618 4954 26.
1675 4889 1898 4956 Omnes
1943 4913 2178 4975 quoque
2220 4894 2404 4958 muli-

464 5002 600 5048 eres
659 5001 820 5063 quas
878 4975 1166 5042 excitavit
1218 4993 1323 5038 cor
1382 4974 1671 5053 ipsarum
1689 5027 1704 5054 ,
1763 4978 2170 5062 intelliqenter
2226 5000 2401 5045 neve—

463 5073 615 5133 runt
649 5066 819 5148 pilos
860 5061 1171 5143 caprinos.
1261 5058 1364 5123 27.
1415 5057 1748 5144 Principes
1790 5085 2025 5148 quoque
2069 5066 2404 5131 attulerunt

461 5153 708 5235 lapides
764 5146 1093 5231 onychinos
1110 5196 1124 5222 ,
1169 5149 1227 5209 et
1277 5166 1556 5229 yemmas
1596 5148 1963 5216 inserendas
2004 5152 2074 5215 in
2116 5151 2308 5232 ephod
2349 5156 2405 5217 et

456 5235 782 5322 pectorali.
871 5233 974 5298 28.
1021 5233 1333 5297 Aromata
1373 5233 1561 5298 etiam
1603 5242 1661 5299 et
1693 5237 1890 5302 oleum
1920 5256 2046 5319 pro
2079 5237 2401 5316 luminari,

465 5330 523 5390 et
568 5342 696 5404 pro
747 5320 873 5385 oleo
936 5317 1276 5397 unctionis,
1322 5325 1380 5384 et
1402 5340 1526 5404 pro
1568 5320 1811 5389 incenso
1852 5324 2207 5389 aromatico.
2295 5324 2399 5390 29.

1865 410 2269 481 REDI'I'US
2319 413 2445 478 AD
2482 412 3037 480 HISTORIAM.

4386 404 4474 471 60

2527 601 2749 667 Omnis
2821 604 2923 667 vir
2977 608 3034 668 et
3072 604 3301 670 mulier
3343 606 3454 686 qui
3496 605 3784 670 libemus
3822 603 4083 686 fuerumt
4122 601 4303 666 corde
4345 620 4463 666 suo

2518 688 2605 752 ad
2649 688 3033 770 offerendum
3058 710 3185 770 pro
3229 696 3437 756 cuncto
3482 710 3666 772 opere
3702 690 3866 772 quod
3906 688 4315 754 mandaverat
4361 686 4462 752 Ie-

2515 773 2674 838 hova
2728 774 2871 854 sieri
2916 796 3037 855 per
3089 795 3350 842 manum
3405 777 3614 843 Masis
3631 824 3646 851 ‚
3694 774 4040 841 obtulerunt
4078 773 4206 854 lilii
4249 772 4459 839 Israel

2515 859 2746 925 donum
2780 861 3201 926 voluntarium
3237 862 3516 929 Iekovae.
3604 862 3708 926 30.
3762 861 3936 927 Tunc
3979 860 4075 926 ait
4117 858 4330 926 Moses
4371 858 4460 923 ad

2508 944 2682 1025 filios
2732 945 2968 1025 Israel,
3036 947 3229 1013 videte
3244 999 3259 1029 ,
3316 949 3555 1015 vocavit
3602 946 3829 1013 Iehova
3880 946 4126 1012 nomine
4181 943 4461 1010 Beseleel

2507 1030 2718 1112 filium
2768 1029 2901 1107 Uri,
2938 1032 3062 1114 filii
3099 1033 3264 1113 Hur,
3308 1035 3384 1100 de
3418 1034 3584 1099 tribu
3629 1033 3819 1099 Iuda.
3907 1033 4011 1097 31.
4049 1030 4139 1096 Et
4179 1031 4459 1112 implevit

2514 1138 2654 1182 eum
2696 1118 2932 1199 spiritu
2975 1117 3102 1184 Dei
3120 1170 3135 1198 ,
3198 1121 3270 1185 in
3309 1121 3624 1206 sapientia
3666 1125 3723 1185 et
3758 1118 4181 1201 irttelliyentia,
4226 1117 4297 1181 in
4339 1118 4457 1181 sci-

2514 1204 2686 1268 entia
2741 1208 2796 1267 et
2855 1206 3027 1269 omni
3081 1206 3364 1287 artificio,
3456 1206 3560 1271 32.
3618 1205 3731 1271 Ad
3777 1203 4247 1287 excoqitandum
4289 1203 4456 1285 inpe-

2512 1290 2696 1354 niosa
2741 1308 2962 1369 opera,
3018 1297 3087 1354 ut
3124 1292 3326 1374 faciat
3365 1292 3437 1356 in
3478 1312 3654 1367 awro,
3699 1296 3953 1373 arqento
3993 1295 4049 1354 et
4092 1309 4265 1355 aere.-
4348 1288 4454 1353 33.

2512 1373 2604 1439 Et
2642 1375 2715 1439 in
2756 1376 3026 1457 artificio
3056 1397 3477 1460 yemmarwm:
3519 1382 3590 1441 ut
3629 1376 3780 1442 illas
3823 1376 4110 1442 includat
4150 1375 4223 1439 in
4256 1373 4458 1454 artifi-

2511 1461 2606 1525 cio
2649 1460 2825 1544 liqui,
2870 1466 2940 1526 ut
2977 1461 3182 1543 faciat
3222 1464 3622 1545 quodeunque
3661 1483 3817 1545 opus
3851 1462 4257 1545 inqeniosum.
4345 1460 4457 1526 34.
4509 1512 4521 1523 .

2512 1545 2603 1610 Et
2644 1547 2865 1627 posuit
2905 1547 2976 1611 in
3017 1548 3196 1614 corde
3240 1550 3376 1614 eius
3417 1554 3485 1613 ut
3523 1549 3748 1626 doceat,
3793 1548 3930 1629 ipse
3973 1553 4030 1613 et
4070 1546 4344 1611 Aholiab
4381 1548 4460 1629 fi-

2511 1632 2641 1697 lius
2727 1630 3136 1712 Abisamam,
3183 1656 3214 1699 e
3257 1634 3423 1700 tribu
3460 1633 3635 1699 Dan.
3725 1632 3827 1699 35.
3868 1632 4155 1713 Replevit
4211 1652 4313 1697 eos
4353 1652 4457 1697 sa-

2501 1718 2750 1798 pientia
2784 1719 3009 1796 cordis‚
3053 1725 3121 1785 ut
3150 1722 3393 1804 faciant
3433 1740 3608 1786 omne
3649 1740 3807 1802 opus
3849 1718 4130 1799 artificis,
4176 1724 4233 1784 et
4262 1718 4459 1801 phry-

2506 1804 2739 1886 9ionis‚
2777 1809 2835 1867 et
2867 1806 3254 1886 campiatoris,
3299 1825 3375 1870 ex
3407 1805 3755 1888 hyacintho,
3791 1809 3848 1869 et
3874 1824 4196 1887 purpura,
4233 1810 4293 1869 et
4319 1823 4456 1870 ver-

2509 1888 2736 1955 miculo
2770 1891 2928 1955 cocci
2973 1896 3029 1956 et
3069 1891 3265 1974 bysso,
3309 1896 3366 1956 et
3404 1896 3666 1972 textura,
3712 1891 4011 1973 facientes
4063 1910 4238 1956 omne
4279 1910 4454 1971 opus,

2510 1981 2569 2039 et
2609 1975 3016 2057 excoyitantes
3057 1979 3447 2043 inventiones.

2685 2145 2788 2211 20.
2829 2146 3092 2231 Eyressi
3124 2152 3271 2212 sunt
3303 2149 3657 2213 universus.
3748 2146 3901 2212 Non
3937 2154 4038 2212 est
4082 2168 4201 2213 cnr
4234 2168 4462 2230 quem-

2512 2232 2688 2317 piam
2756 2232 3047 2297 offendat
3112 2242 3366 2299 mutata
3433 2232 3834 2298 narrationis
3902 2234 4136 2299 series:
4198 2232 4457 2318 quando

2515 2340 2598 2384 ex
2654 2318 3095 2401 compluribus
3152 2319 3308 2385 locis
3372 2317 3592 2402 palam
3637 2325 3924 2402 apparet,
3995 2320 4307 2401 temporis
4351 2340 4457 2384 or-

2518 2403 2738 2469 dinem
2787 2425 2920 2469 non
2964 2424 3221 2488 semper
3264 2405 3470 2470 fuisse
3512 2414 3847 2470 servatum
3890 2426 3928 2469 a
3974 2405 4179 2470 Mose.
4269 2403 4460 2471 Sicut

2516 2489 2639 2554 hoc
2706 2490 2845 2555 loco
2911 2489 3170 2555 videtur
3226 2490 3482 2573 lapsum
3540 2490 3763 2575 populi
3817 2501 4206 2557 connectere
4263 2512 4458 2576 supe·

2516 2575 2795 2641 rioribus
2838 2577 3236 2659 praeceptis,
3285 2587 3416 2641 tam
3464 2576 3543 2641 de
3588 2576 3992 2642 exstruendo
4038 2577 4458 2643 tabernaculo

2516 2682 2710 2743 quam
2767 2660 2847 2725 de
2905 2662 3154 2743 reliquo
3217 2662 3344 2727 Dei
3386 2663 3584 2729 cultu.
3676 2663 3882 2746 Atqui
3932 2663 4140 2728 firmis
4184 2664 4457 2728 rationi-

2515 2747 2641 2812 bus
2696 2748 3090 2827 monstravi,
3159 2762 3514 2832 antequam
3572 2748 3653 2814 ad
3719 2746 4158 2813 idololatriam
4225 2748 4458 2815 defice·

2518 2840 2623 2898 ret
2646 2833 2952 2980 1populus,
2995 2841 3406 2900 exstructum
3449 2834 3653 2899 fuisse
3697 2833 4210 2900 tabernaculum.
4277 2835 4457 2919 Ergo

2517 2938 2643 3001 quo
2763 2919 3076 2983 omissum
3151 2921 3398 3000 fuerat,
3457 2942 3631 2987 nunc
3699 2921 3962 3003 supplet
4019 2920 4272 2985 Moses:
4333 2940 4457 3005 ego

2519 3011 2738 3068 autem
2810 3004 3109 3070 facilitati
3193 3006 3465 3072 studens
3517 3007 3824 3072 contexui
3882 3004 4070 3071 filum
4126 3005 4454 3073 historiae.

2521 3087 2796 3156 Summa
2850 3111 3044 3173 porro
3100 3090 3301 3158 huius
3358 3093 3755 3158 narrationis
3813 3100 3946 3171 est,
4007 3090 4322 3176 quidquid
4373 3092 4456 3157 ad

2520 3184 2921 3241 structuram
2982 3177 3383 3244 tabernaculi
3426 3200 3588 3262 opus
3633 3186 3803 3257 erat,
3848 3178 4212 3243 liberaliter
4256 3179 4456 3244 fuisse

2519 3260 2809 3327 allatum.
2876 3262 2975 3327 Ac
3013 3264 3372 3328 notandum
3409 3274 3509 3330 est
3544 3286 3583 3330 a
3620 3265 3805 3329 Mose
3849 3264 4050 3329 fuisse
4094 3262 4459 3347 digressos:

2525 3347 2828 3428 quoniam
2877 3371 2963 3414 ex
3033 3349 3154 3414 hac
3221 3350 3712 3415 circumstantia
3774 3350 4180 3434 colligimus,
4251 3370 4454 3432 quum

2518 3432 2764 3516 singuli
2823 3432 2905 3498 ad
2944 3456 3060 3500 sua
3108 3435 3523 3501 tabernacula
3565 3437 3812 3501 reversi
3857 3445 4110 3514 essent,
4161 3456 4453 3501 seorsum

2518 3530 2857 3602 reputasse
2912 3520 3222 3603 quidnam
3283 3531 3501 3587 essent
3545 3521 3780 3587 daturi.
3862 3520 4014 3602 Quo
4057 3522 4204 3605 plus
4249 3543 4454 3587 mere-

2519 3613 2627 3668 tur
2672 3604 2881 3670 laudis
2938 3608 3229 3689 ipsorum
3274 3607 3535 3691 largitio
3589 3630 3781 3691 quam
3825 3618 3980 3672 ante
4023 3615 4213 3673 erant
4255 3609 4454 3673 medi·

2516 3690 2658 3755 tati.
2748 3690 2961 3776 Saepe
3018 3693 3193 3757 enim
3251 3694 3576 3777 contingit
3634 3708 3707 3758 ut
3766 3695 3874 3777 qui
3920 3694 4136 3758 subito
4194 3694 4453 3760 fervore

2516 3775 2643 3839 fuit
2678 3776 3023 3856 beneficus,
3071 3800 3222 3843 eum
3258 3800 3411 3845 mox
3447 3780 3796 3863 poeniteat.
3862 3779 4212 3845 Caeterum
4250 3801 4451 3863 quum

2514 3860 2730 3942 addit,
2784 3865 3047 3929 venisse
3104 3886 3332 3931 omnes
3377 3865 3588 3941 viros,
3651 3865 3920 3930 dubium
3980 3878 4081 3932 est
4121 3886 4204 3929 an
4250 3866 4452 3931 totius

2512 3946 2733 4030 populi
2793 3952 3045 4016 animos
3102 3950 3183 4014 ad
3242 3951 3656 4034 largiendum
3716 3959 4052 4035 promptos
4096 3963 4162 4015 et
4204 3950 4452 4018 alacres

2512 4034 2715 4099 fuisse
2749 4035 3092 4118 intelligat,
3143 4059 3229 4100 an
3275 4057 3432 4101 vero
3475 4036 3733 4119 oblique
3778 4038 4179 4121 perstringat
4225 4057 4450 4103 eorum

2514 4121 2935 4187 tenacitatem
2995 4132 3059 4186 et
3113 4122 3335 4188 sordes
3391 4124 3503 4207 qui
3564 4124 3849 4206 maligne
3894 4123 4181 4188 officium
4226 4123 4453 4208 negle-

2510 4214 2773 4272 xerunt.
2858 4207 3130 4273 Utrovis
3188 4208 3379 4273 modo
3423 4209 3713 4292 accipere
3758 4208 3974 4283 libeat,
4024 4212 4260 4291 repetit
4304 4210 4451 4275 Mo-

2509 4312 2615 4357 ses
2652 4291 2822 4373 quod
2866 4305 3019 4358 ante
3066 4294 3379 4374 vidimus,
3440 4315 3571 4359 non
3633 4296 3699 4360 vi
3745 4306 3861 4360 aut
3904 4296 4292 4361 necessitate
4334 4317 4448 4361 ex-

2510 4389 2716 4443 tortas
2762 4379 2962 4445 fuisse
3016 4379 3402 4460 oblationes,
3464 4379 3577 4445 sed
3628 4381 3952 4464 profectas
3995 4400 4033 4443 a
4079 4381 4449 4447 voluntario

2511 4474 2576 4528 et
2622 4463 2816 4530 hilari
2864 4465 3119 4531 affectu.
3209 4466 3432 4531 Verba
3469 4467 3563 4532 sic
3606 4468 3888 4532 resolvo:
3931 4466 4275 4532 Venerunt
4317 4468 4448 4533 sin·

2508 4549 2667 4634 guli,
2713 4565 2909 4634 prout
2952 4572 3274 4635 quemque
3319 4553 3631 4618 excitavit
3674 4572 3785 4618 cor
3828 4574 4040 4617 suum.
4106 4557 4204 4619 Ac
4248 4555 4303 4619 si
4346 4553 4445 4617 di-

2508 4645 2716 4712 ceret,
2776 4659 2908 4702 non
2953 4637 3151 4701 fuisso
3192 4647 3446 4704 coactos
3491 4639 3634 4722 lege
3678 4638 3999 4721 imposita,
4046 4638 4162 4704 sed
4207 4660 4444 4704 unum-

2509 4743 2835 4806 quemque
2871 4721 2994 4788 sibi
3041 4723 3240 4787 fuisse
3284 4723 3721 4808 legislatorem
3778 4725 4040 4806 propria
4085 4725 4441 4790 voluntate.

2507 4806 2864 4891 Perperam
2931 4828 3087 4875 vero
3146 4819 3487 4892 torquetur
3545 4832 3580 4875 a
3649 4809 3921 4893 papistis
3989 4808 4094 4876 hic
4134 4810 4315 4877 locus
4362 4812 4444 4875 ad

2506 4893 2916 4977 probandum
2981 4894 3261 4960 liberum
3307 4897 3682 4962 arbitrium:
3728 4917 3802 4960 ac
3848 4897 3903 4960 si
3950 4916 3990 4959 a
4040 4918 4110 4961 se
4148 4897 4307 4980 ipsis
4342 4899 4444 4961 in-

2508 4981 2868 5045 citarentur
2905 4979 3202 5047 homines
3238 4981 3319 5046 ad
3357 4983 3520 5048 bene
3563 4992 3864 5065 recteque
3908 4982 4254 5064 agendum.
4322 4983 4446 5049 Ne-

2506 5089 2636 5147 que
2695 5066 2870 5131 enim
2937 5066 3189 5147 Moses,
3249 5067 3402 5132 dum
3462 5075 3892 5152 spontaneum
3955 5069 4256 5133 affectum
4306 5070 4445 5135 lau-

2507 5152 2646 5232 dat,
2706 5152 3053 5218 excludere
3113 5153 3258 5217 vult
3313 5153 3581 5236 spiritus
3642 5153 3943 5235 gratiam,
4009 5175 4137 5237 qua
4180 5155 4318 5220 sola
4361 5154 4444 5219 ad

2506 5240 2687 5321 pium
2733 5238 3021 5303 studium
3067 5239 3263 5303 corda
3305 5241 3690 5304 flectuntur:
3729 5238 3842 5303 sed
3888 5240 4238 5321 opponitur
4284 5242 4445 5308 baec

2505 5324 2802 5391 incitatio
2848 5325 3167 5408 pigritiae,
3205 5345 3331 5408 qua
3374 5345 3444 5390 se
3489 5327 3662 5408 ipsos
3691 5325 3947 5406 profani
3991 5325 4285 5392 homines
4328 5328 4454 5392 im·
