5017 6142
409 451 538 516 433

411 639 469 708 si
531 645 745 706 totum
812 659 884 706 se
950 639 1090 706 eius
1155 639 1490 705 doctrinae
1570 638 1845 707 addicat.
1957 639 2360 727 Magnopere

412 725 591 793 enim
633 724 871 804 refert,
927 726 1043 793 ubi
1086 724 1167 792 ad
1213 746 1332 792 nos
1376 725 1716 792 terrendos
1760 725 2145 810 impendent
2186 728 2360 810 peri-

409 810 589 892 cula,
667 816 893 895 posse*
924 832 1045 878 nos
1109 819 1429 891 statuere,
1507 813 1654 877 Deo
1718 811 1977 894 probari
2044 810 2360 896 quidquid

498 898 684 977 ‘mus,
730 898 885 980 quia
920 896 1097 963 aliud
1141 897 1305 962 nihil
1344 899 1433 963 sit
1463 895 1651 962 nobis
1695 898 2117 982 propositum,
2163 918 2358 981 quam

411 1006 450 1051 o
493 992 859 1067 temperare
916 983 1054 1049 eius
1111 982 1461 1049 mandatis.
1549 983 1755 1048 Porro
1805 985 1955 1066 quia
1999 1003 2128 1049 non
2174 983 2360 1050 suffi-

413 1077 590 1138 ceret
631 1068 1046 1153 aliquatenus
1090 1089 1322 1152 parere
1364 1069 1527 1149 Deo,
1570 1067 1958 1134 modestiam
2003 1078 2071 1134 et
2113 1070 2359 1137 sobrie·

412 1163 616 1221 tatem
678 1154 1122 1234 commendat,
1197 1173 1325 1239 qua
1388 1153 1583 1220 Iosue
1647 1157 2012 1220 retineatur
2075 1155 2145 1220 in
2208 1155 2361 1220 sim·

411 1240 704 1326 plicitate
790 1240 1214 1307 obedientiae.
1304 1239 1502 1305 Multi
1582 1241 1757 1305 enim
1839 1239 2073 1324 quibus
2141 1249 2359 1307 rectus

412 1326 655 1410 alioqui
696 1332 797 1392 est
839 1327 1147 1405 affectus,
1206 1325 1537 1391 interdum
1581 1326 1706 1392 sibi
1747 1325 1897 1410 plus
1940 1346 2014 1392 sa
2059 1346 2169 1392 ere
2210 1346 2359 1411 per-

410 1414 689 1478 mittunt
730 1433 923 1496 quam
970 1412 1189 1478 liceat:
1247 1409 1421 1476 unde
1461 1413 1569 1491 fit,
1613 1423 1684 1476 ut
1728 1432 1846 1494 per
1888 1431 2019 1496 neg
2048 1412 2356 1496 ’gentiam

410 1499 622 1564 multa
662 1497 1003 1581 omittant,
1064 1496 1173 1563 vel
1216 1496 1345 1563 Dei
1388 1498 1752 1581 praeceptis
1795 1497 2196 1565 admisceant
2239 1516 2360 1565 sua

410 1584 702 1651 consilia.
814 1583 1006 1665 Quod
1060 1602 1216 1667 ergo
1277 1582 1671 1668 generaliter
1726 1583 2031 1649 omnibus
2081 1583 2358 1649 vetitum

408 1670 540 1735 fuit
588 1670 660 1735 in
708 1668 854 1754 lege
911 1668 1136 1755 (Dent.
1183 1669 1298 1749 13,
1359 1668 1456 1755 1),
1525 1689 1610 1733 ne
1662 1668 1819 1753 quid
1885 1667 2200 1735 adderent
2247 1668 2357 1735 vel

412 1754 865 1822 detraherent:
913 1775 1092 1822 nunc
1133 1755 1316 1821 Deus
1351 1754 1434 1819 ad
1477 1753 1672 1821 Iosue
1715 1754 2063 1838 praecipue
2106 1773 2357 1822 accom-

409 1842 669 1909 modat:
733 1842 885 1925 quia
943 1842 999 1906 si
1064 1840 1339 1926 privatis
1406 1839 1785 1908 hominibus
1849 1840 2012 1907 haee
2063 1860 2201 1905 una
2257 1846 2359 1907 est

410 1929 587 1994 vitae
630 1926 1009 1994 formandae
1047 1926 1237 2003 ratio,
1282 1925 1490 1991 multo
1527 1927 1736 2011 magis
1780 1945 2044 1993 necesse
2080 1933 2201 2003 est,
2246 1925 2359 2009 qui

407 2013 653 2099 populo
728 2010 1151 2097 gubernando
1228 2020 1576 2095 praesunt,
1653 2012 1797 2078 Deo
1865 2032 1937 2078 se
2019 2011 2354 2078 subiicere.

411 2099 606 2182 Quod
650 2099 708 2166 si
753 2099 878 2164 hoc
932 2096 1286 2164 modestiae
1336 2097 1561 2163 fraeno
1616 2117 1780 2181 opus
1842 2095 2075 2164 habuit
2132 2104 2357 2163 tantus

408 2188 534 2268 vir,
578 2206 662 2252 ne
698 2196 907 2250 metas
939 2205 1091 2250 suas
1113 2182 1668 2250 transscenderet.-
1701 2203 1895 2267 quam
1932 2181 2360 2249 intolerabilis

411 2270 726 2339 audaciae
788 2269 941 2350 erit,
1006 2271 1063 2336 si
1128 2289 1249 2335 nos
1306 2270 1419 2352 qui
1481 2269 1593 2334 lon
1642 2289 1678 2335 e
1743 2269 1825 2336 ab
1882 2290 1958 2335 eo
2024 2268 2354 2347 absumus,

408 2357 560 2442 plus
624 2355 811 2423 nobis
890 2375 1227 2422 sumamus
1288 2353 1594 2421 licentiae
1727 2353 2133 2420 Nominatim
2199 2374 2357 2422 vero

406 2443 537 2510 hoc
579 2462 774 2509 servo
817 2462 934 2507 suo
977 2439 1395 2525 praescripsit
1438 2441 1640 2520 Deus,
1688 2452 1761 2506 ut
1804 2441 1915 2524 qui
1958 2440 2208 2506 honore
2242 2461 2357 2506 ex-

402 2529 673 2608 cellunt,
718 2547 788 2629 se
820 2535 1045 2593 tamen
1089 2524 1314 2592 eadem
1359 2528 1572 2593 sciant
1599 2525 1743 2612 lege
1777 2527 2003 2607 teneri,
2048 2547 2178 2610 qua
2214 2526 2355 2594 vul·

402 2636 531 2700 gua
565 2635 680 2766 ¹88.n
684 2613 871 2766 ⁰1¹3<ae
918 2698 1174 2765 recedat.
1265 2696 1550 2764 Assidua
1665 2717 1879 2781 noque
1960 2697 2357 2782 praecipitur

402 2786 576 2870 legis
633 2784 1002 2851 meditatio:
1063 2784 1218 2868 quia
1260 2784 1372 2850 ubi
1418 2782 1527 2849 vel
1584 2804 1624 2850 a
1725 2784 2038 2869 exiguum
2095 2789 2354 2866 tempus

400 2872 904 2948 intermittitur,
981 2870 1173 2936 facile
1250 2869 1577 2954 obrepunt
1651 2869 1843 2934 multi
1907 2887 2202 2936 errores:
2288 2877 2357 2933 et

400 2958 722 3024 memoria
756 2956 1088 3023 contrahit
1121 2955 1511 3041 rubiginem,
1556 2965 1630 3020 ut
1650 2954 1841 3022 multi
1872 2955 2121 3022 abiecta
2153 2954 2355 3021 studii

400 3044 898 3111 continuatione
939 3042 1128 3125 quasi
1173 3043 1327 3107 novi
1371 3049 1438 3107 et
1479 3040 1675 3106 rudes
1719 3040 1802 3106 ad
1860 3041 2126 3127 negotia
2170 3060 2352 3108 acce-

403 3129 588 3195 dant.
679 3127 867 3194 Iubet
920 3147 1078 3212 ergo
1137 3128 1320 3194 Deus
1374 3147 1638 3193 servum
1690 3147 1885 3193 suum
1943 3125 2354 3210 quotidianos

400 3216 623 3283 faeere
688 3232 1098 3299 progressus,
1163 3222 1242 3279 ut
1306 3220 1442 3279 tota
1503 3213 1643 3280 vita
1694 3213 1766 3277 in
1831 3213 1977 3299 lege
2043 3213 2354 3296 proficere

402 3321 543 3367 non
589 3300 861 3366 desinat.
930 3297 1124 3366 Unde
1162 3299 1457 3383 sequitur
1500 3317 1628 3376 eos,
1673 3299 1907 3382 quibus
1951 3296 2212 3365 fastidio
2253 3305 2356 3363 est

405 3387 533 3453 hoc
574 3386 879 3465 studium,
922 3384 1319 3452 intolerabili
1362 3384 1743 3468 arrogantia
1774 3405 1918 3451 esse
1952 3389 2350 3451 excaecatos.

404 3473 662 3538 Verum
706 3492 824 3538 cur
865 3470 948 3536 ab
991 3491 1103 3537 ore
1139 3491 1250 3536 ma
1299 3470 1355 3536 's
1410 3490 1608 3553 quam
1653 3471 1734 3537 ab
1778 3469 1984 3537 oculis
2037 3477 2214 3536 vetat
2256 3469 2352 3535 le·

404 3579 559 3645 gem
602 3556 948 3624 recedere?
1020 3555 1212 3638 Quod
1293 3577 1330 3622 e
1364 3555 1529 3622 facie
1572 3556 1833 3639 quidam
1878 3555 2203 3639 accipiunt
2237 3576 2355 3639 per

402 3641 880 3730 synecdochen,
940 3642 1252 3727 frigidum
1296 3650 1415 3708 est.
1503 3641 1735 3725 Itaque
1778 3662 1909 3708 non
1954 3640 2195 3721 dubito,
2242 3662 2354 3725 pe·

334 3765 347 3779 ·
401 3728 740 3796 culiariter
781 3729 905 3795 hoc
946 3728 1269 3812 quadrare
1313 3729 1453 3794 eius
1496 3747 1831 3810 personae,
1873 3728 1983 3811 qui
2027 3746 2161 3792 non
2207 3735 2353 3792 tan·

401 3824 548 3882 tum
605 3814 728 3881 sibi
782 3814 1091 3900 privatim
1111 3865 1126 3893 ,
1186 3813 1301 3880 sed
1358 3814 1477 3878 toti
1530 3813 1769 3897 populo
1834 3814 2020 3880 cuius
2198 3811 2353 3878 endi

402 3921 632 3968 euram
689 3900 1082 3979 sustinebat,
1141 3899 1429 3966 studium
1491 3898 1572 3963 de
1615 3919 1742 3982 quo
1800 3899 2018 3983 agitur
2077 3898 2157 3964 de
2204 3898 2353 3965 ebat

401 3986 802 4071 impendere.
893 3985 1004 4053 Sic
1067 4005 1224 4071 ergo
1292 3984 1558 4050 iubetur
1634 3984 1973 4051 attendere
2038 3984 2122 4050 ad
2184 3984 2350 4069 legis

404 4072 800 4153 doctrinam,
844 4081 919 4136 ut
962 4091 1080 4154 pro
1121 4091 1395 4137 munere
1440 4069 1562 4136 sibi
1603 4071 1695 4135 im
1744 4070 1907 4137 osito
1944 4072 2015 4135 in
2057 4089 2351 4137 commu·

401 4179 556 4225 nem
598 4156 823 4243 populi
880 4177 1073 4223 usum
1116 4155 1411 4241 proferat
1465 4156 1657 4240 quod·
1725 4155 1997 4223 idicerit.
2085 4155 2353 4222 Interea

402 4245 665 4311 iubetur
706 4264 826 4310 sua
883 4242 1210 4309 docilitate
1243 4242 1389 4307 aliis
1434 4242 1590 4308 dare
1632 4242 1911 4326 parendi
1953 4240 2349 4326 exemplum.

403 4330 602 4413 Multi
661 4331 837 4397 enim
896 4328 1339 4395 concionando
1406 4328 1619 4411 legem
1677 4328 1751 4393 in
1818 4348 1929 4395 ore
1994 4326 2348 4406 habebunt,

402 4417 518 4500 qui
582 4415 849 4500 pessimi
906 4414 1159 4480 interea
1215 4422 1411 4480 erunt
1466 4415 1608 4480 eius
1671 4413 1985 4480 custodes.
2073 4412 2348 4479 Utrum-

403 4522 532 4585 que
575 4522 731 4585 ergo
774 4499 1155 4579 mandatur,
1203 4508 1275 4565 ut
1319 4499 1482 4567 alios
1527 4498 1843 4580 docendo,
1899 4520 2053 4566 suos
2095 4519 2350 4582 quoque

403 4607 622 4653 mores
686 4595 756 4653 et
816 4607 886 4652 se
951 4595 1164 4652 totum
1220 4585 1302 4651 ad
1381 4585 1656 4658 eandem
1721 4604 2018 4653 normam
2091 4584 2345 4650 formet.

407 4672 600 4755 Quod
649 4673 945 4756 sequitur
998 4672 1070 4736 in
1125 4671 1331 4737 altero
1386 4671 1680 4737 membro
1737 4690 1999 4748 versus,
2063 4670 2350 4736 ostendit

405 4758 698 4843 profanis
783 4757 1160 4824 hominibus
1237 4756 1501 4823 tandem
1565 4756 1920 4825 infeliciter
1991 4776 2346 4834 cessurum,

404 4843 717 4929 quidquid
771 4854 990 4927 spreto
1046 4842 1178 4907 Dei
1236 4844 1433 4909 verbo
1489 4844 1868 4923 tentabunt,
1929 4851 1997 4909 et
2049 4842 2348 4926 quamvis

402 4930 577 4997 laeta
656 4929 977 5013 principia
1056 4929 1385 4995 interdum
1451 4928 1785 4995 arrideant
1805 4980 1821 5011 ‚
1906 4930 2044 4995 fore
2126 4937 2345 4995 tamen

405 5016 621 5082 exitus
664 5014 1070 5080 maledictos:
1117 5014 1269 5098 quia
1311 5036 1446 5081 non
1492 5014 1758 5081 aliunde
1802 5035 1995 5100 quam
2043 5034 2081 5078 a
2124 5013 2346 5079 favore

406 5101 531 5168 Dei
575 5121 917 5186 prosperos
971 5120 1311 5167 successus
1353 5121 1617 5184 sperare
1659 5102 1844 5180 licet,
1905 5120 2034 5184 quo
2078 5098 2346 5165 destitui

403 5207 686 5271 aequum
719 5199 819 5252 est
852 5185 1128 5253 consilia
1160 5193 1407 5252 temere
1442 5195 1761 5271 suscepta,
1790 5195 1859 5253 et
1879 5205 2141 5251 omnem
2163 5205 2345 5250 arro·

492 5272 696 5339 utiam
761 5291 928 5356 quae
1005 5293 1263 5355 semper
1341 5273 1685 5339 coniuncta
1756 5281 1857 5339 est
1920 5292 2071 5339 cum
2135 5271 2344 5355 ipsius

405 5293 534 5425 {aei
576 5365 970 5441 contemptu.
1059 5357 1239 5442 Ergo
1297 5358 1554 5438 fideles,
1611 5367 1686 5425 ut
1721 5380 1824 5425 res
1879 5357 2011 5424 illis
2055 5377 2141 5423 ex
2194 5365 2341 5422 voto

605 5458 824 5514 Calvim'
854 5472 1040 5528 opera.
1119 5457 1240 5515 Vol.
1279 5457 1471 5517 XXV.

1633 451 2377 538 COMMENTARIUS
2423 454 2522 521 IN
2567 453 2847 523 IOSUE
2893 453 3092 523 OAP.
3135 456 3189 521 Ι.

4280 456 4409 522 434

2463 644 2703 723 fluant,
2764 642 2893 709 Dei
2948 643 3463 711 benedictionem
3518 644 3639 712 sibi
3692 645 4041 712 concilient
4094 651 4232 710 tam
4277 643 4410 712 dis-

2463 726 2652 795 cendi
2697 728 2933 809 studio,
2977 749 3171 812 quam
3217 730 3370 796 fidei
3414 730 3797 797 obedientia.
3885 731 3967 797 In
4003 731 4134 797 fine
4178 750 4406 797 versus

2462 815 2618 965 3uia
2661 814 3040 899 ambiguum
3084 824 3184 881 est
3225 816 3522 896 verbum,
3565 825 3643 882 ut
3684 836 3895 899 nuper
3936 815 4094 895 dixi,
4147 816 4257 882 vel
4299 835 4410 883 ea·

2507 920 2613 965 em
2667 901 2984 984 repetitur
3037 903 3394 979 sententia,
3446 902 3553 968 vel
3609 901 3876 968 additur
3918 900 4205 969 secunda
4257 921 4405 987 pro-

2461 985 2719 1052 missio:
2786 986 2898 1069 qui
2964 1006 3200 1052 sensus
3265 986 3430 1053 mihi
3485 986 3820 1070 probatur.
3909 987 4174 1072 Optime
4231 988 4409 1053 enim

2461 1072 2803 1151 convenit,
2861 1078 3007 1155 post
3067 1072 3445 1139 felicitatem
3490 1074 3874 1155 promissam
3891 1125 3908 1154 ‚
3970 1073 4166 1140 simul
4210 1072 4406 1140 Iosue

2462 1156 2963 1236 commonefieri,
3007 1156 3309 1224 homines
3352 1158 3521 1223 nihil
3562 1169 3758 1240 recte,
3811 1158 4038 1226 ordine
4081 1178 4157 1227 ao
4199 1158 4410 1226 seien-

2462 1251 2565 1308 ter
2619 1241 2889 1328 aggredi
2946 1243 3074 1309 nisi
3140 1251 3466 1327 quatenus
3526 1265 3597 1310 se
3641 1244 3769 1311 Dei
3823 1244 4026 1311 verbo
4089 1243 4409 1330 regendos

2461 1327 2831 1396 subiiciunt.
2921 1327 3153 1413 Itaque
3218 1328 3568 1411 prudentia
3622 1351 3819 1414 quam
3876 1353 3962 1397 ex
4021 1331 4149 1396 Dei
4205 1328 4407 1397 verbo

2462 1414 2725 1480 discunt
2778 1414 3036 1493 fideles,
3092 1435 3317 1481 eorum
3376 1415 3810 1482 confidentiae
3851 1417 4236 1502 opponitur,
4296 1417 4409 1500 qui

2462 1499 2587 1650 dibi
2653 1500 2812 1567 satis
2875 1498 3283 1568 considerate
3339 1521 3424 1567 ex
3476 1501 3740 1586 proprio
3804 1523 4000 1570 sensu
4059 1522 4254 1588 agere
4307 1503 4408 1567 vi·

2506 1594 2723 1652 entur.

2632 1672 2693 1737 9.
2761 1671 2985 1739 Nonne
3024 1672 3337 1755 praecepi.
3427 1671 3824 1757 Quanquam
3882 1692 4076 1758 saepe
4114 1671 4410 1739 Hebraei>

2460 1757 2929 1843 interrogando
2993 1755 3376 1841 simpliciter
3439 1757 3802 1839 affirmant,
3876 1780 4083 1843 eaque
4144 1757 4408 1841 phrasis

2461 1863 2632 1995 ..Ψ
2615 1842 2707 1994 ’ἓῗι
2746 1843 3286 2013 ‘3⁶:2⁴5ssde
3313 1844 4410 2013 ssffiossssffiffiffliniffiphffl

4160 1979 4176 2009 2

2460 2013 2781 2098 producta
2822 2014 2894 2079 in
2938 2013 3228 2079 medium
3295 2035 3418 2080 sua
3460 2016 3829 2095 autoritate,
3896 2015 4298 2083 dubitatione
4339 2023 4408 2082 et

2460 2120 2622 2166 cura
2678 2100 2855 2167 servi
2909 2099 3013 2165 sui
3070 2099 3363 2166 animum
3409 2097 3594 2167 Deus
3650 2100 3904 2167 liberat.
3993 2103 4239 2167 Annon
4287 2122 4409 2185 ego

2459 2207 2605 2252 sum
2662 2186 2773 2269 qui
2828 2183 2947 2250 tibi
3005 2184 3350 2268 praecepi?
3413 2186 3648 2270 inquit.
3737 2184 3922 2252 Idem
3980 2185 4099 2252 tibi
4155 2206 4408 2271 quoque

2461 2270 2674 2338 adero.
2763 2270 3157 2355 Emphatiee
3211 2270 3525 2338 nimirum
3542 2322 3558 2349 ‚
3618 2271 3773 2357 quia
3828 2271 3929 2338 fas
3985 2292 4116 2338 non
4162 2282 4263 2339 est
4304 2292 4408 2337 re-

2610 2357 2709 2423 ari
2782 2358 2923 2422 eius
2999 2357 3291 2440 imperio.
3380 2356 3593 2424 Docet
3668 2365 3885 2423 autem
3964 2379 4226 2425 rursum
4299 2357 4408 2426 hie

2458 2443 2665 2525 locus,
2729 2441 2897 2509 nihil
2955 2441 3039 2507 ad
3095 2441 3404 2509 fiduciam
3463 2444 3675 2528 magis
3739 2443 3993 2522 valere,
4051 2464 4251 2527 quam
4293 2445 4408 2511 ubi

2460 2527 2590 2594 Dei
2625 2530 2964 2596 vocatione
3008 2536 3075 2594 et
3116 2526 3428 2594 mandato
3461 2527 3633 2607 freti,
3677 2529 3817 2595 eius
3860 2549 3945 2595 ue
3986 2529 4189 2613 probe
4222 2530 4408 2597 nobis

2459 2614 2721 2695 conscii,
2767 2634 2896 2700 quo
2940 2622 3132 2681 vocat
3163 2612 3383 2698 ipsum
3427 2614 3765 2699 sequimur
3854 2635 4057 2683 neem.

2634 2787 2735 2853 10.
2777 2786 3284 2869 Tunepraeeepit
3301 2781 3487 2853 Iosue
3501 2785 3844 2869 praefectis
3865 2785 4098 2869 populi
4125 2783 4407 2850 dicendo.-

2463 2873 2565 2938 11.
2635 2873 2929 2939 Transite
2981 2893 3103 2955 per
3164 2873 3443 2939 medium
3511 2877 3884 2953 castrorum,
3953 2876 4011 2938 et
4063 2870 4408 2955 praecipite

2445 2958 2685 3040 populo
2702 3008 2719 3039 ,
2783 2959 3067 3026 dicendo.-
3135 2957 3375 3024 Parate
3437 2956 3607 3024 vobis
3661 2976 4016 3024 annonam.-
4079 2957 4232 3039 qnia
4259 2959 4408 3038 post

2455 3048 2583 3110 tres
2617 3044 2755 3111 dies
2793 3043 3148 3110 &ambitis
3189 3042 3525 3109 Iordanem
3561 3042 3740 3122 hanc,
3781 3048 3853 3108 nt
3892 3042 4139 3109 intretis
4170 3047 4229 3109 et
4254 3062 4407 3124 pos-

2455 3129 2719 3196 sideatis
2771 3135 3030 3206 terram,
3091 3148 3286 3214 qnam
3337 3129 3568 3195 Iehova
3611 3128 3794 3197 Dens
3846 3132 4044 3194 vester
4083 3129 4197 3195 dat
4235 3127 4406 3195 vobis

2443 3215 2911 3300 possidendam.
3002 3215 3102 3280 12.
3167 3215 3278 3281 Ad
3321 3213 3666 3281 Rubenitas
3714 3233 3860 3280 vero
3908 3219 3968 3279 et
4027 3212 4302 3281 Gadita-s
4350 3218 4409 3281 et

2456 3301 2792 3368 dimidiam
2832 3301 3066 3367 tribum
3099 3300 3408 3367 Manasee
3450 3300 3739 3383 loqauacs
3778 3303 3871 3365 est
3902 3299 4090 3366 10³«ae
4124 3299 4407 3366 dicendo.-

2461 3388 2562 3453 13.
2631 3386 3079 3454 Recordamini
3139 3385 3313 3454 verbi
3372 3386 3534 3469 quod
3587 3386 3912 3468 praecepit
3970 3383 4142 3451 vobis
4193 3384 4406 3451 Moses

2453 3492 2679 3541 servus
2730 3472 2993 3539 Iehovae
3042 3472 3331 3539 dicendo.-
3387 3470 3615 3537 Iehova
3657 3469 3841 3538 Deus
3879 3475 4076 3538 vester
4129 3471 4406 3538 reddidit

2453 3577 2563 3627 vos
2603 3558 2876 3641 quietos,
2936 3563 2994 3624 et
3033 3558 3201 3625 dedit
3238 3557 3411 3623 vobis
3451 3561 3688 3639 terram
3726 3555 3921 3624 hane.-
3999 3556 4096 3623 14.
4168 3554 4406 3623 Uxores

2448 3648 2703 3722 vestrae,
2735 3645 3006 3727 parvuli
3043 3644 3255 3726 vestri,
3315 3647 3369 3710 et
3414 3662 3643 3726 pecora
3685 3647 3893 3708 vestra
3933 3642 4289 3709 residebunt
4329 3643 4402 3708 in

2420 3722 2623 3796 'terra
2674 3749 2867 3813 quam
2920 3729 3093 3796 dedit
3141 3728 3315 3795 vobis
3370 3727 3579 3795 Moses
3628 3732 3808 3795 trans
3859 3727 4227 3794 Iordanem:
4290 3748 4404 3794 vos

2456 3819 2659 3881 antem
2680 3815 3036 3882 transibitis
3068 3814 3302 3881 armati
3333 3819 3476 3880 ante
3504 3815 3741 3896 fratres·
3769 3818 4020 3894 vestros,
4054 3813 4405 3895 quicunque

2455 3906 2637 3969 erunt
2676 3900 2804 3967 viri
2844 3900 3118 3968 bellicosi
3156 3899 3572 3982 iaoabitisque
3612 3919 3730 3966 eos.
3816 3898 3916 3965 15.
3972 3897 4192 3966 Donec
4229 3901 4402 3981 quie·

2454 3992 2574 4053 tem
2608 3986 2988 4069 praestiterit
3030 3986 3263 4053 Iehova
3292 3986 3605 4069 fratribus
3635 3983 3861 4052 vestris
3900 3984 4063 4050 sicut
4102 3982 4303 4064 vobis,
4345 3990 4404 4050 et

2449 4073 2810 4156 possideant
2867 4071 3002 4154 ipsi
3061 4091 3308 4156 qnoque
3368 4076 3604 4138 terram
3666 4089 3858 4152 qnam
3922 4069 4155 4136 Iehova
4219 4068 4402 4136 Dens

2452 4162 2650 4225 vester
2689 4158 2805 4226 dat
2833 4158 2960 4224 eie.-
3000 4163 3057 4224 et
3087 4163 3235 4223 tnnc
3272 4156 3560 4224 redibitis
3598 4157 3686 4222 ad
3717 4161 3954 4222 terram
3994 4154 4402 4222 haereditatis

2451 4248 2718 4323 vestrae,
2768 4242 3288 4326 possidebitisqne
3340 4262 3481 4308 eam
3534 4262 3726 4324 qnam
3765 4241 3938 4308 dedit
3977 4240 4148 4309 vobis
4187 4240 4398 4308 Moses

2451 4349 2671 4395 servus
2747 4328 3012 4396 Iehovae
3085 4328 3259 4395 ultra
3316 4329 3660 4395 Iordanem
3721 4328 3808 4393 ad
3886 4331 4166 4393 emortuam
4225 4326 4396 4393 solis.

2457 4416 2556 4482 16.
2624 4415 2802 4482 Tune
2851 4414 3295 4499 responderunt
3344 4412 3562 4493 Ieme,
3617 4412 3903 4479 dicendo:
3963 4411 4195 4479 Omnia
4239 4432 4400 4496 qnae

2439 4501 2824 4583 praecepisti
2885 4501 3065 4566 nobis
3131 4499 3473 4582 faeiemne,
3551 4505 3609 4565 et
3671 4500 3758 4565 ad
3816 4498 4032 4565 omnia
4091 4499 4179 4564 ad
4239 4518 4400 4580 quae

2449 4587 2700 4653 miseris
2739 4607 2853 4653 nos
2892 4586 3138 4652 ibimus.
3208 4586 3311 4652 17.
3362 4583 3539 4651 Sient
3577 4587 3652 4652 in
3691 4583 3975 4652 omnibns
4017 4582 4398 4651 obedivimus

2452 4671 2647 4750 Moei,
2690 4672 2785 4739 eie
2825 4671 3174 4738 obediemus
3210 4670 3356 4737 tibi.-
3394 4675 3639 4737 tantnm
3671 4668 4208 4738 sitIehovaDeus
4249 4674 4398 4735 tuus

2449 4763 2645 4826 tecum
2676 4758 2842 4825 sieut
2877 4757 3002 4841 fluit
3046 4776 3189 4823 enm
3233 4756 3426 4823 Mose.
3518 4757 3619 4823 18.
3692 4755 3996 4839 Quisquis
4048 4752 4246 4837 fuerit
4286 4756 4398 4837 qni
4457 4830 4460 4833 ,

2448 4843 2836 4910 rebellaverit
2867 4844 2968 4909 ori
3008 4847 3131 4921 tuo,
3175 4863 3284 4910 nee
3325 4841 3531 4909 verbis
3572 4843 3701 4908 tuis
3744 4839 4114 4923 acquieverit
4154 4841 4228 4905 in
4268 4860 4392 4906 om·

2448 4928 2635 4995 nibus
2676 4949 2837 5011 qnae
2867 4931 2929 4996 ei
2962 4928 3378 5009 mandaveris,
3419 4928 3851 5010 interficiatur.
3943 4925 4215 4992 Tantam
4256 4944 4394 4992 eon-

2443 5014 2706 5096 fiamare
2746 5018 2801 5079 et
2831 5014 3136 5082 rohorare.

2623 5187 2723 5253 10.
2796 5187 2969 5253 Tunc
3014 5187 3349 5270 praecepit.
3437 5182 3747 5250 Dubitari
3797 5187 4041 5267 potest,
4107 5200 4191 5246 an
4243 5194 4392 5265 post

2447 5270 2895 5356 exploratores
2972 5273 3206 5339 missos
3223 5322 3239 5352 ‚
3314 5270 3600 5353 adeoque
3663 5269 3743 5334 ab
3806 5268 4099 5351 ipsorum
4171 5267 4392 5335 reditu

2446 5358 2932 5444 promulgatum
2996 5359 3195 5426 fuerit
3251 5359 3375 5424 hoc
3438 5354 3741 5423 edictum.
3830 5352 4159 5511 Εέὃοοτιο
4221 5355 4387 5424 mihi
