<?xml version="1.0" encoding="UTF-8"?>
<!DOCTYPE html PUBLIC "-//W3C//DTD XHTML 1.0 Transitional//EN"
    "http://www.w3.org/TR/xhtml1/DTD/xhtml1-transitional.dtd">
<html xmlns="http://www.w3.org/1999/xhtml" xml:lang="en" lang="en">
 <head>
  <title>
</title>
<meta http-equiv="Content-Type" content="text/html;charset=utf-8" />
  <meta name='ocr-system' content='tesseract 3.04.00' />
  <meta name='ocr-capabilities' content='ocr_page ocr_carea ocr_par ocr_line ocrx_word'/>
</head>
<body>
  <div class='ocr_page' id='page_1' title='image "./ioanniscalvinio06unkngoog_0158.png"; bbox 0 0 5017 6142; ppageno 0'>
   <div class='ocr_carea' id='block_1_1' title="bbox 551 380 4555 459">
    <p class='ocr_par' dir='ltr' id='par_1_1' title="bbox 551 380 4555 459">
     <span class='ocr_line' id='line_1_1' title="bbox 551 380 4555 459; baseline -0.001 -1"><span class='ocrx_word' id='word_1_1' title='bbox 551 392 674 459; x_wconf 85' lang='grc'><strong>291</strong></span> <span class='ocrx_word' id='word_1_2' title='bbox 1974 388 2383 458; x_wconf 74' lang='grc' dir='ltr'>ΒΕΒῙΤΠΒ</span> <span class='ocrx_word' id='word_1_3' title='bbox 2430 386 2563 455; x_wconf 83' lang='lat' dir='ltr'><strong>AD</strong></span> <span class='ocrx_word' id='word_1_4' title='bbox 2606 384 3152 454; x_wconf 76' lang='lat' dir='ltr'><strong>HISTORIAM.</strong></span> <span class='ocrx_word' id='word_1_5' title='bbox 3233 380 3240 387; x_wconf 72' lang='grc'><strong>’</strong></span> <span class='ocrx_word' id='word_1_6' title='bbox 4429 386 4555 453; x_wconf 85' lang='grc'><strong>292</strong></span> 
     </span>
    </p>
   </div>
   <div class='ocr_carea' id='block_1_2' title="bbox 554 575 2515 922">
    <p class='ocr_par' dir='ltr' id='par_1_2' title="bbox 554 575 2515 922">
     <span class='ocr_line' id='line_1_2' title="bbox 556 575 2514 660; baseline -0.003 -12"><span class='ocrx_word' id='word_1_7' title='bbox 556 580 840 648; x_wconf 73' lang='lat' dir='ltr'><strong>Balaam</strong></span> <span class='ocrx_word' id='word_1_8' title='bbox 878 578 1060 660; x_wconf 73' lang='lat' dir='ltr'><strong>filius</strong></span> <span class='ocrx_word' id='word_1_9' title='bbox 1103 576 1304 655; x_wconf 83' lang='lat' dir='ltr'><strong>Beor,</strong></span> <span class='ocrx_word' id='word_1_10' title='bbox 1349 577 1542 657; x_wconf 74' lang='lat' dir='ltr'><strong>dixit,</strong></span> <span class='ocrx_word' id='word_1_11' title='bbox 1596 577 1891 660; x_wconf 75' lang='lat' dir='ltr'><strong>inquam,</strong></span> <span class='ocrx_word' id='word_1_12' title='bbox 1932 577 2035 643; x_wconf 75' lang='lat' dir='ltr'><strong>vir</strong></span> <span class='ocrx_word' id='word_1_13' title='bbox 2076 582 2361 659; x_wconf 66' lang='lat' dir='ltr'><strong>apertum</strong></span> <span class='ocrx_word' id='word_1_14' title='bbox 2401 575 2514 642; x_wconf 77' lang='lat' dir='ltr'><strong>ba·</strong></span> 
     </span>
     <span class='ocr_line' id='line_1_3' title="bbox 555 661 2512 745; baseline -0.004 -9"><span class='ocrx_word' id='word_1_15' title='bbox 555 669 705 736; x_wconf 78' lang='lat' dir='ltr'><strong>bens</strong></span> <span class='ocrx_word' id='word_1_16' title='bbox 739 663 999 732; x_wconf 63' lang='lat' dir='ltr'><strong>oculum.</strong></span> <span class='ocrx_word' id='word_1_17' title='bbox 1064 664 1162 730; x_wconf 87' lang='lat'><strong>16.</strong></span> <span class='ocrx_word' id='word_1_18' title='bbox 1201 664 1395 731; x_wconf 72' lang='lat' dir='ltr'><strong>Dioeit</strong></span> <span class='ocrx_word' id='word_1_19' title='bbox 1435 663 1701 730; x_wconf 73' lang='lat' dir='ltr'><strong>audiens</strong></span> <span class='ocrx_word' id='word_1_20' title='bbox 1735 662 1981 745; x_wconf 72' lang='lat' dir='ltr'><strong>eloquia</strong></span> <span class='ocrx_word' id='word_1_21' title='bbox 2022 661 2170 742; x_wconf 81' lang='lat' dir='ltr'><strong>Dei,</strong></span> <span class='ocrx_word' id='word_1_22' title='bbox 2214 668 2271 729; x_wconf 81' lang='lat' dir='ltr'><strong>et</strong></span> <span class='ocrx_word' id='word_1_23' title='bbox 2310 663 2512 729; x_wconf 77' lang='lat' dir='ltr'><strong>sciens</strong></span> 
     </span>
     <span class='ocr_line' id='line_1_4' title="bbox 554 748 2515 832; baseline -0.004 -9"><span class='ocrx_word' id='word_1_24' title='bbox 554 753 878 823; x_wconf 78' lang='lat' dir='ltr'><strong>seientiam</strong></span> <span class='ocrx_word' id='word_1_25' title='bbox 912 750 1185 831; x_wconf 72' lang='lat' dir='ltr'><strong>Excelsi,</strong></span> <span class='ocrx_word' id='word_1_26' title='bbox 1217 751 1436 816; x_wconf 80' lang='lat' dir='ltr'><strong>videns</strong></span> <span class='ocrx_word' id='word_1_27' title='bbox 1466 749 1766 815; x_wconf 79' lang='lat' dir='ltr'><strong><em>visionem</em></strong></span> <span class='ocrx_word' id='word_1_28' title='bbox 1799 748 2255 832; x_wconf 71' lang='lat' dir='ltr'><strong>armipotentis.-</strong></span> <span class='ocrx_word' id='word_1_29' title='bbox 2287 749 2515 817; x_wconf 72' lang='lat' dir='ltr'><strong>cadens</strong></span> 
     </span>
     <span class='ocr_line' id='line_1_5' title="bbox 557 835 1656 922; baseline -0.007 -14"><span class='ocrx_word' id='word_1_30' title='bbox 557 846 616 908; x_wconf 84' lang='lat' dir='ltr'><strong>et</strong></span> <span class='ocrx_word' id='word_1_31' title='bbox 654 841 1100 922; x_wconf 63' lang='lat' dir='ltr'><strong>discoopertam</strong></span> <span class='ocrx_word' id='word_1_32' title='bbox 1139 836 1369 903; x_wconf 75' lang='lat' dir='ltr'><strong>babens</strong></span> <span class='ocrx_word' id='word_1_33' title='bbox 1396 835 1656 904; x_wconf 81' lang='lat' dir='ltr'><strong>oculum.</strong></span> 
     </span>
    </p>
   </div>
   <div class='ocr_carea' id='block_1_3' title="bbox 561 1005 2520 4611">
    <p class='ocr_par' dir='ltr' id='par_1_3' title="bbox 561 1005 2514 2276">
     <span class='ocr_line' id='line_1_6' title="bbox 735 1005 2509 1089; baseline -0.005 -12"><span class='ocrx_word' id='word_1_34' title='bbox 735 1011 837 1077; x_wconf 90' lang='grc'><strong>10.</strong></span> <span class='ocrx_word' id='word_1_35' title='bbox 902 1008 991 1076; x_wconf 76' lang='lat' dir='ltr'><strong>Et</strong></span> <span class='ocrx_word' id='word_1_36' title='bbox 1052 1007 1388 1075; x_wconf 68' lang='lat' dir='ltr'><strong>excanduit</strong></span> <span class='ocrx_word' id='word_1_37' title='bbox 1446 1007 1648 1089; x_wconf 74' lang='lat' dir='ltr'><strong>furor.</strong></span> <span class='ocrx_word' id='word_1_38' title='bbox 1739 1005 2069 1089; x_wconf 80' lang='lat' dir='ltr'><strong>Quoniam</strong></span> <span class='ocrx_word' id='word_1_39' title='bbox 2136 1026 2267 1070; x_wconf 92' lang='lat' dir='ltr'><strong>non</strong></span> <span class='ocrx_word' id='word_1_40' title='bbox 2342 1025 2509 1070; x_wconf 89' lang='lat' dir='ltr'><strong>com-</strong></span> 
     </span>
     <span class='ocr_line' id='line_1_7' title="bbox 564 1089 2509 1182; baseline -0.005 -18"><span class='ocrx_word' id='word_1_41' title='bbox 564 1097 856 1182; x_wconf 84' lang='lat' dir='ltr'><strong>poscitur</strong></span> <span class='ocrx_word' id='word_1_42' title='bbox 926 1095 1278 1177; x_wconf 90' lang='lat' dir='ltr'><strong>impiorum</strong></span> <span class='ocrx_word' id='word_1_43' title='bbox 1336 1093 1698 1177; x_wconf 89' lang='lat' dir='ltr'><strong>pertinacia</strong></span> <span class='ocrx_word' id='word_1_44' title='bbox 1739 1101 1818 1158; x_wconf 89' lang='lat' dir='ltr'><strong>ut</strong></span> <span class='ocrx_word' id='word_1_45' title='bbox 1860 1092 2005 1158; x_wconf 93' lang='lat' dir='ltr'><strong>Deo</strong></span> <span class='ocrx_word' id='word_1_46' title='bbox 2060 1091 2330 1169; x_wconf 78' lang='lat' dir='ltr'><strong>cedant,</strong></span> <span class='ocrx_word' id='word_1_47' title='bbox 2395 1089 2509 1157; x_wconf 92' lang='lat' dir='ltr'><strong>ubi</strong></span> 
     </span>
     <span class='ocr_line' id='line_1_8' title="bbox 565 1177 2510 1267; baseline -0.005 -17"><span class='ocrx_word' id='word_1_48' title='bbox 565 1183 686 1250; x_wconf 86' lang='lat' dir='ltr'><strong>sub</strong></span> <span class='ocrx_word' id='word_1_49' title='bbox 729 1185 956 1267; x_wconf 90' lang='lat' dir='ltr'><strong>iugum</strong></span> <span class='ocrx_word' id='word_1_50' title='bbox 1000 1200 1230 1265; x_wconf 89' lang='lat' dir='ltr'><strong>cogere</strong></span> <span class='ocrx_word' id='word_1_51' title='bbox 1275 1180 1425 1245; x_wconf 89' lang='lat' dir='ltr'><strong>vult</strong></span> <span class='ocrx_word' id='word_1_52' title='bbox 1478 1198 1705 1244; x_wconf 90' lang='lat' dir='ltr'><strong>eorum</strong></span> <span class='ocrx_word' id='word_1_53' title='bbox 1763 1177 2154 1261; x_wconf 87' lang='lat' dir='ltr'><strong>cupiditates</strong></span> <span class='ocrx_word' id='word_1_54' title='bbox 2174 1229 2190 1255; x_wconf 88' lang='lat'>‚</span> <span class='ocrx_word' id='word_1_55' title='bbox 2245 1195 2510 1242; x_wconf 90' lang='lat' dir='ltr'><strong>necesse</strong></span> 
     </span>
     <span class='ocr_line' id='line_1_9' title="bbox 566 1262 2507 1353; baseline -0.004 -17"><span class='ocrx_word' id='word_1_56' title='bbox 566 1278 697 1353; x_wconf 88' lang='lat' dir='ltr'><strong>est,</strong></span> <span class='ocrx_word' id='word_1_57' title='bbox 756 1268 866 1335; x_wconf 88' lang='lat' dir='ltr'><strong>ubi</strong></span> <span class='ocrx_word' id='word_1_58' title='bbox 922 1265 1170 1332; x_wconf 88' lang='lat' dir='ltr'><strong>diutius</strong></span> <span class='ocrx_word' id='word_1_59' title='bbox 1227 1274 1622 1349; x_wconf 90' lang='lat' dir='ltr'><strong>premuntur</strong></span> <span class='ocrx_word' id='word_1_60' title='bbox 1678 1263 1945 1329; x_wconf 82' lang='lat' dir='ltr'><strong>tandem</strong></span> <span class='ocrx_word' id='word_1_61' title='bbox 2003 1265 2149 1348; x_wconf 89' lang='lat' dir='ltr'><strong>rapi</strong></span> <span class='ocrx_word' id='word_1_62' title='bbox 2208 1262 2279 1327; x_wconf 92' lang='lat' dir='ltr'><strong>in</strong></span> <span class='ocrx_word' id='word_1_63' title='bbox 2327 1262 2507 1328; x_wconf 89' lang='lat' dir='ltr'><strong>furo-</strong></span> 
     </span>
     <span class='ocr_line' id='line_1_10' title="bbox 564 1349 2511 1435; baseline -0.003 -15"><span class='ocrx_word' id='word_1_64' title='bbox 564 1375 701 1420; x_wconf 89' lang='lat' dir='ltr'><strong>rem</strong></span> <span class='ocrx_word' id='word_1_65' title='bbox 721 1406 739 1434; x_wconf 92' lang='lat'><strong>,</strong></span> <span class='ocrx_word' id='word_1_66' title='bbox 815 1354 909 1418; x_wconf 90' lang='lat' dir='ltr'><strong>ita</strong></span> <span class='ocrx_word' id='word_1_67' title='bbox 989 1373 1162 1418; x_wconf 90' lang='lat' dir='ltr'><strong>nunc</strong></span> <span class='ocrx_word' id='word_1_68' title='bbox 1240 1359 1389 1435; x_wconf 90' lang='lat' dir='ltr'><strong>post</strong></span> <span class='ocrx_word' id='word_1_69' title='bbox 1451 1350 1751 1415; x_wconf 81' lang='lat' dir='ltr'><strong>fremitus</strong></span> <span class='ocrx_word' id='word_1_70' title='bbox 1826 1360 1891 1416; x_wconf 89' lang='lat' dir='ltr'><strong>et</strong></span> <span class='ocrx_word' id='word_1_71' title='bbox 1955 1349 2511 1434; x_wconf 79' lang='lat' dir='ltr'><strong>expostulationes</strong></span> 
     </span>
     <span class='ocr_line' id='line_1_11' title="bbox 564 1436 2510 1522; baseline -0.003 -16"><span class='ocrx_word' id='word_1_72' title='bbox 564 1440 848 1522; x_wconf 87' lang='lat' dir='ltr'><strong>erumpit</strong></span> <span class='ocrx_word' id='word_1_73' title='bbox 905 1437 1109 1504; x_wconf 86' lang='lat' dir='ltr'><strong>Balac</strong></span> <span class='ocrx_word' id='word_1_74' title='bbox 1166 1437 1237 1501; x_wconf 91' lang='lat' dir='ltr'><strong>in</strong></span> <span class='ocrx_word' id='word_1_75' title='bbox 1290 1437 1614 1502; x_wconf 86' lang='lat' dir='ltr'><strong>fervorem</strong></span> <span class='ocrx_word' id='word_1_76' title='bbox 1672 1436 1986 1518; x_wconf 89' lang='lat' dir='ltr'><strong>impetus,</strong></span> <span class='ocrx_word' id='word_1_77' title='bbox 2051 1448 2120 1501; x_wconf 90' lang='lat' dir='ltr'><strong>et</strong></span> <span class='ocrx_word' id='word_1_78' title='bbox 2174 1444 2510 1502; x_wconf 87' lang='lat' dir='ltr'><strong>contume-</strong></span> 
     </span>
     <span class='ocr_line' id='line_1_12' title="bbox 562 1519 2509 1602; baseline -0.003 -12"><span class='ocrx_word' id='word_1_79' title='bbox 562 1525 723 1593; x_wconf 91' lang='lat' dir='ltr'><strong>liose</strong></span> <span class='ocrx_word' id='word_1_80' title='bbox 768 1524 1078 1602; x_wconf 79' lang='lat' dir='ltr'><strong>Balaam,</strong></span> <span class='ocrx_word' id='word_1_81' title='bbox 1137 1522 1244 1588; x_wconf 91' lang='lat' dir='ltr'><strong>cui</strong></span> <span class='ocrx_word' id='word_1_82' title='bbox 1286 1521 1563 1588; x_wconf 86' lang='lat' dir='ltr'><strong>antehac</strong></span> <span class='ocrx_word' id='word_1_83' title='bbox 1622 1519 1953 1587; x_wconf 84' lang='lat' dir='ltr'><strong>blanditus</strong></span> <span class='ocrx_word' id='word_1_84' title='bbox 1996 1521 2244 1601; x_wconf 87' lang='lat' dir='ltr'><strong>fuerat,</strong></span> <span class='ocrx_word' id='word_1_85' title='bbox 2301 1522 2509 1586; x_wconf 90' lang='lat' dir='ltr'><strong>reiicit</strong></span> 
     </span>
     <span class='ocr_line' id='line_1_13' title="bbox 565 1607 2508 1691; baseline -0.003 -14"><span class='ocrx_word' id='word_1_86' title='bbox 565 1618 631 1677; x_wconf 89' lang='lat' dir='ltr'><strong>et</strong></span> <span class='ocrx_word' id='word_1_87' title='bbox 695 1609 1005 1678; x_wconf 80' lang='lat' dir='ltr'><strong>exturbat</strong></span> <span class='ocrx_word' id='word_1_88' title='bbox 1068 1631 1105 1674; x_wconf 91' lang='lat' dir='ltr'><strong>e</strong></span> <span class='ocrx_word' id='word_1_89' title='bbox 1168 1630 1287 1675; x_wconf 91' lang='lat' dir='ltr'><strong>suo</strong></span> <span class='ocrx_word' id='word_1_90' title='bbox 1367 1617 1732 1691; x_wconf 90' lang='lat' dir='ltr'><strong>conspectu.</strong></span> <span class='ocrx_word' id='word_1_91' title='bbox 1821 1607 2049 1690; x_wconf 85' lang='lat' dir='ltr'><strong>Neque</strong></span> <span class='ocrx_word' id='word_1_92' title='bbox 2130 1607 2306 1673; x_wconf 90' lang='lat' dir='ltr'><strong>enim</strong></span> <span class='ocrx_word' id='word_1_93' title='bbox 2387 1608 2508 1673; x_wconf 90' lang='lat' dir='ltr'><strong>sibi</strong></span> 
     </span>
     <span class='ocr_line' id='line_1_14' title="bbox 561 1692 2510 1781; baseline -0.002 -18"><span class='ocrx_word' id='word_1_94' title='bbox 561 1705 887 1781; x_wconf 81' lang='lat' dir='ltr'><strong>temperat</strong></span> <span class='ocrx_word' id='word_1_95' title='bbox 928 1693 1185 1779; x_wconf 90' lang='lat' dir='ltr'><strong>quando</strong></span> <span class='ocrx_word' id='word_1_96' title='bbox 1227 1715 1464 1760; x_wconf 83' lang='lat' dir='ltr'><strong>manus</strong></span> <span class='ocrx_word' id='word_1_97' title='bbox 1509 1692 1875 1777; x_wconf 74' lang='lat' dir='ltr'><strong>complodit.</strong></span> <span class='ocrx_word' id='word_1_98' title='bbox 1957 1692 2250 1760; x_wconf 78' lang='lat' dir='ltr'><strong>Gravius</strong></span> <span class='ocrx_word' id='word_1_99' title='bbox 2289 1700 2510 1759; x_wconf 90' lang='lat' dir='ltr'><strong>autem</strong></span> 
     </span>
     <span class='ocr_line' id='line_1_15' title="bbox 564 1778 2511 1867; baseline -0.002 -18"><span class='ocrx_word' id='word_1_100' title='bbox 564 1782 982 1867; x_wconf 82' lang='lat' dir='ltr'><strong>indignatur,</strong></span> <span class='ocrx_word' id='word_1_101' title='bbox 1063 1779 1236 1864; x_wconf 91' lang='lat' dir='ltr'><strong>quod</strong></span> <span class='ocrx_word' id='word_1_102' title='bbox 1299 1779 1573 1845; x_wconf 88' lang='lat' dir='ltr'><strong>Balaam</strong></span> <span class='ocrx_word' id='word_1_103' title='bbox 1640 1801 1770 1844; x_wconf 89' lang='lat' dir='ltr'><strong>non</strong></span> <span class='ocrx_word' id='word_1_104' title='bbox 1846 1778 2245 1845; x_wconf 89' lang='lat' dir='ltr'><strong>dubitaverit</strong></span> <span class='ocrx_word' id='word_1_105' title='bbox 2308 1778 2511 1845; x_wconf 90' lang='lat' dir='ltr'><strong>libere</strong></span> 
     </span>
     <span class='ocr_line' id='line_1_16' title="bbox 564 1864 2511 1952; baseline -0.001 -18"><span class='ocrx_word' id='word_1_106' title='bbox 564 1880 631 1934; x_wconf 92' lang='lat' dir='ltr'><strong>et</strong></span> <span class='ocrx_word' id='word_1_107' title='bbox 682 1867 900 1952; x_wconf 89' lang='lat' dir='ltr'><strong>palam</strong></span> <span class='ocrx_word' id='word_1_108' title='bbox 959 1865 1172 1931; x_wconf 83' lang='lat' dir='ltr'><strong>facere</strong></span> <span class='ocrx_word' id='word_1_109' title='bbox 1228 1866 1448 1949; x_wconf 90' lang='lat' dir='ltr'><strong>ipsum</strong></span> <span class='ocrx_word' id='word_1_110' title='bbox 1494 1872 1729 1931; x_wconf 87' lang='lat' dir='ltr'><strong>testem</strong></span> <span class='ocrx_word' id='word_1_111' title='bbox 1781 1864 2248 1932; x_wconf 73' lang='lat' dir='ltr'><strong>benedictionis</strong></span> <span class='ocrx_word' id='word_1_112' title='bbox 2291 1865 2511 1948; x_wconf 90' lang='lat' dir='ltr'><strong>populi</strong></span> 
     </span>
     <span class='ocr_line' id='line_1_17' title="bbox 564 1948 2510 2034; baseline -0.002 -15"><span class='ocrx_word' id='word_1_113' title='bbox 564 1952 947 2032; x_wconf 88' lang='lat' dir='ltr'><strong>Israelitici,</strong></span> <span class='ocrx_word' id='word_1_114' title='bbox 1008 1973 1048 2017; x_wconf 93' lang='lat' dir='ltr'><strong>a</strong></span> <span class='ocrx_word' id='word_1_115' title='bbox 1101 1971 1228 2034; x_wconf 89' lang='lat' dir='ltr'><strong>qua</strong></span> <span class='ocrx_word' id='word_1_116' title='bbox 1285 1949 1570 2016; x_wconf 89' lang='lat' dir='ltr'><strong>maxime</strong></span> <span class='ocrx_word' id='word_1_117' title='bbox 1628 1950 2045 2016; x_wconf 86' lang='lat' dir='ltr'><strong>abhorrebat:</strong></span> <span class='ocrx_word' id='word_1_118' title='bbox 2114 1948 2281 2017; x_wconf 86' lang='lat' dir='ltr'><strong>nihil</strong></span> <span class='ocrx_word' id='word_1_119' title='bbox 2333 1952 2510 2016; x_wconf 91' lang='lat' dir='ltr'><strong>enim</strong></span> 
     </span>
     <span class='ocr_line' id='line_1_18' title="bbox 562 2035 2514 2124; baseline -0.001 -19"><span class='ocrx_word' id='word_1_120' title='bbox 562 2060 752 2124; x_wconf 89' lang='lat' dir='ltr'><strong>reges</strong></span> <span class='ocrx_word' id='word_1_121' title='bbox 794 2038 1005 2123; x_wconf 87' lang='lat' dir='ltr'><strong>magis</strong></span> <span class='ocrx_word' id='word_1_122' title='bbox 1043 2037 1176 2102; x_wconf 90' lang='lat' dir='ltr'><strong>urit</strong></span> <span class='ocrx_word' id='word_1_123' title='bbox 1216 2057 1414 2120; x_wconf 88' lang='lat' dir='ltr'><strong>quam</strong></span> <span class='ocrx_word' id='word_1_124' title='bbox 1448 2035 1562 2101; x_wconf 93' lang='lat' dir='ltr'><strong>ubi</strong></span> <span class='ocrx_word' id='word_1_125' title='bbox 1604 2035 1835 2103; x_wconf 87' lang='lat' dir='ltr'><strong>vident</strong></span> <span class='ocrx_word' id='word_1_126' title='bbox 1878 2035 2170 2103; x_wconf 88' lang='lat' dir='ltr'><strong>homines</strong></span> <span class='ocrx_word' id='word_1_127' title='bbox 2214 2037 2514 2120; x_wconf 88' lang='lat' dir='ltr'><strong>privatos</strong></span> 
     </span>
     <span class='ocr_line' id='line_1_19' title="bbox 566 2121 2511 2206; baseline -0.002 -15"><span class='ocrx_word' id='word_1_128' title='bbox 566 2147 685 2192; x_wconf 89' lang='lat' dir='ltr'><strong>sua</strong></span> <span class='ocrx_word' id='word_1_129' title='bbox 743 2124 974 2191; x_wconf 88' lang='lat' dir='ltr'><strong>saltem</strong></span> <span class='ocrx_word' id='word_1_130' title='bbox 1034 2124 1402 2206; x_wconf 85' lang='lat' dir='ltr'><strong>praesentia</strong></span> <span class='ocrx_word' id='word_1_131' title='bbox 1457 2142 1591 2187; x_wconf 93' lang='lat' dir='ltr'><strong>non</strong></span> <span class='ocrx_word' id='word_1_132' title='bbox 1637 2123 1891 2188; x_wconf 87' lang='lat' dir='ltr'><strong>terreri.</strong></span> <span class='ocrx_word' id='word_1_133' title='bbox 1977 2121 2122 2188; x_wconf 93' lang='lat' dir='ltr'><strong>Iam</strong></span> <span class='ocrx_word' id='word_1_134' title='bbox 2168 2123 2320 2206; x_wconf 90' lang='lat' dir='ltr'><strong>quia</strong></span> <span class='ocrx_word' id='word_1_135' title='bbox 2362 2123 2511 2188; x_wconf 94' lang='lat' dir='ltr'><strong>nul-</strong></span> 
     </span>
     <span class='ocr_line' id='line_1_20' title="bbox 562 2207 2514 2276; baseline 0 -1"><span class='ocrx_word' id='word_1_136' title='bbox 562 2210 698 2276; x_wconf 93' lang='lat' dir='ltr'><strong>lam</strong></span> <span class='ocrx_word' id='word_1_137' title='bbox 743 2209 1111 2276; x_wconf 89' lang='lat' dir='ltr'><strong>mercedem</strong></span> <span class='ocrx_word' id='word_1_138' title='bbox 1156 2208 1311 2273; x_wconf 87' lang='lat' dir='ltr'><strong>dare</strong></span> <span class='ocrx_word' id='word_1_139' title='bbox 1354 2208 1587 2273; x_wconf 84' lang='lat' dir='ltr'><strong>statuit</strong></span> <span class='ocrx_word' id='word_1_140' title='bbox 1628 2207 1913 2274; x_wconf 87' lang='lat' dir='ltr'><strong>infausto</strong></span> <span class='ocrx_word' id='word_1_141' title='bbox 1957 2217 2023 2272; x_wconf 90' lang='lat' dir='ltr'><strong>et</strong></span> <span class='ocrx_word' id='word_1_142' title='bbox 2065 2207 2237 2274; x_wconf 88' lang='lat' dir='ltr'><strong>male</strong></span> <span class='ocrx_word' id='word_1_143' title='bbox 2280 2209 2514 2275; x_wconf 84' lang='lat' dir='ltr'><strong>feriato</strong></span> 
     </span>
    </p>

    <p class='ocr_par' dir='ltr' id='par_1_4' title="bbox 609 2292 2514 2379">
     <span class='ocr_line' id='line_1_21' title="bbox 609 2292 2514 2379; baseline 0.001 -18"><span class='ocrx_word' id='word_1_144' title='bbox 609 2295 954 2379; x_wconf 83' lang='lat' dir='ltr'><strong>rophetae,</strong></span> <span class='ocrx_word' id='word_1_145' title='bbox 1000 2316 1083 2360; x_wconf 93' lang='lat' dir='ltr'><strong>ne</strong></span> <span class='ocrx_word' id='word_1_146' title='bbox 1125 2293 1283 2378; x_wconf 88' lang='lat' dir='ltr'><strong>quid</strong></span> <span class='ocrx_word' id='word_1_147' title='bbox 1324 2315 1411 2360; x_wconf 89' lang='lat' dir='ltr'><strong>ex</strong></span> <span class='ocrx_word' id='word_1_148' title='bbox 1454 2314 1530 2359; x_wconf 92' lang='lat' dir='ltr'><strong>eo</strong></span> <span class='ocrx_word' id='word_1_149' title='bbox 1574 2293 1868 2360; x_wconf 75' lang='lat' dir='ltr'><strong>incurrat</strong></span> <span class='ocrx_word' id='word_1_150' title='bbox 1910 2292 2276 2373; x_wconf 84' lang='lat' dir='ltr'><strong>dedecoris,</strong></span> <span class='ocrx_word' id='word_1_151' title='bbox 2339 2315 2413 2361; x_wconf 86' lang='lat' dir='ltr'><strong>ac</strong></span> <span class='ocrx_word' id='word_1_152' title='bbox 2457 2296 2514 2362; x_wconf 86' lang='lat' dir='ltr'><strong>si</strong></span> 
     </span>
    </p>

    <p class='ocr_par' dir='ltr' id='par_1_5' title="bbox 565 2379 2516 2808">
     <span class='ocr_line' id='line_1_22' title="bbox 565 2379 2516 2458; baseline -0.001 -10"><span class='ocrx_word' id='word_1_153' title='bbox 565 2381 901 2448; x_wconf 74' lang='lat' dir='ltr'><strong>llliberalis</strong></span> <span class='ocrx_word' id='word_1_154' title='bbox 945 2389 1135 2458; x_wconf 90' lang='lat' dir='ltr'><strong>esset,</strong></span> <span class='ocrx_word' id='word_1_155' title='bbox 1181 2379 1401 2445; x_wconf 90' lang='lat' dir='ltr'><strong>odium</strong></span> <span class='ocrx_word' id='word_1_156' title='bbox 1448 2380 1546 2444; x_wconf 90' lang='lat' dir='ltr'><strong>rei</strong></span> <span class='ocrx_word' id='word_1_157' title='bbox 1587 2380 1656 2445; x_wconf 93' lang='lat' dir='ltr'><strong>in</strong></span> <span class='ocrx_word' id='word_1_158' title='bbox 1688 2380 1907 2445; x_wconf 91' lang='lat' dir='ltr'><strong>Deum</strong></span> <span class='ocrx_word' id='word_1_159' title='bbox 1952 2380 2211 2446; x_wconf 84' lang='lat' dir='ltr'><strong>avertit.</strong></span> <span class='ocrx_word' id='word_1_160' title='bbox 2279 2380 2369 2445; x_wconf 84' lang='lat' dir='ltr'><strong>Et</strong></span> <span class='ocrx_word' id='word_1_161' title='bbox 2404 2402 2516 2447; x_wconf 92' lang='lat' dir='ltr'><strong>ve-</strong></span> 
     </span>
     <span class='ocr_line' id='line_1_23' title="bbox 566 2464 2516 2551; baseline -0.001 -18"><span class='ocrx_word' id='word_1_162' title='bbox 566 2489 715 2533; x_wconf 88' lang='lat' dir='ltr'><strong>rum</strong></span> <span class='ocrx_word' id='word_1_163' title='bbox 762 2466 1026 2551; x_wconf 92' lang='lat' dir='ltr'><strong>quidem</strong></span> <span class='ocrx_word' id='word_1_164' title='bbox 1070 2476 1171 2532; x_wconf 90' lang='lat' dir='ltr'><strong>est</strong></span> <span class='ocrx_word' id='word_1_165' title='bbox 1214 2465 1386 2550; x_wconf 91' lang='lat' dir='ltr'><strong>quod</strong></span> <span class='ocrx_word' id='word_1_166' title='bbox 1424 2464 1600 2544; x_wconf 89' lang='lat' dir='ltr'><strong>dicit,</strong></span> <span class='ocrx_word' id='word_1_167' title='bbox 1647 2464 1867 2531; x_wconf 91' lang='lat' dir='ltr'><strong>Deum</strong></span> <span class='ocrx_word' id='word_1_168' title='bbox 1902 2465 2197 2550; x_wconf 82' lang='lat' dir='ltr'><strong>privasse</strong></span> <span class='ocrx_word' id='word_1_169' title='bbox 2240 2465 2516 2531; x_wconf 86' lang='lat' dir='ltr'><strong>Balaam</strong></span> 
     </span>
     <span class='ocr_line' id='line_1_24' title="bbox 567 2551 2515 2635; baseline -0.001 -17"><span class='ocrx_word' id='word_1_170' title='bbox 567 2553 850 2619; x_wconf 87' lang='lat' dir='ltr'><strong>honore:</strong></span> <span class='ocrx_word' id='word_1_171' title='bbox 917 2551 1030 2618; x_wconf 89' lang='lat' dir='ltr'><strong>sed</strong></span> <span class='ocrx_word' id='word_1_172' title='bbox 1095 2552 1324 2635; x_wconf 91' lang='lat' dir='ltr'><strong>impie,</strong></span> <span class='ocrx_word' id='word_1_173' title='bbox 1404 2561 1472 2617; x_wconf 91' lang='lat' dir='ltr'><strong>et</strong></span> <span class='ocrx_word' id='word_1_174' title='bbox 1533 2551 1718 2633; x_wconf 84' lang='lat' dir='ltr'><strong>quasi</strong></span> <span class='ocrx_word' id='word_1_175' title='bbox 1793 2572 1911 2635; x_wconf 90' lang='lat' dir='ltr'><strong>per</strong></span> <span class='ocrx_word' id='word_1_176' title='bbox 1974 2551 2515 2618; x_wconf 86' lang='lat' dir='ltr'><strong>obtrectationem</strong></span> 
     </span>
     <span class='ocr_line' id='line_1_25' title="bbox 568 2636 2516 2720; baseline -0.001 -16"><span class='ocrx_word' id='word_1_177' title='bbox 568 2639 788 2704; x_wconf 93' lang='lat' dir='ltr'><strong>Deum</strong></span> <span class='ocrx_word' id='word_1_178' title='bbox 845 2636 1182 2704; x_wconf 89' lang='lat' dir='ltr'><strong>substituit</strong></span> <span class='ocrx_word' id='word_1_179' title='bbox 1235 2658 1421 2702; x_wconf 89' lang='lat' dir='ltr'><strong>reum</strong></span> <span class='ocrx_word' id='word_1_180' title='bbox 1467 2658 1585 2702; x_wconf 91' lang='lat' dir='ltr'><strong>suo</strong></span> <span class='ocrx_word' id='word_1_181' title='bbox 1642 2636 1811 2703; x_wconf 86' lang='lat' dir='ltr'><strong>loco:</strong></span> <span class='ocrx_word' id='word_1_182' title='bbox 1867 2637 1999 2702; x_wconf 92' lang='lat' dir='ltr'><strong>imo</strong></span> <span class='ocrx_word' id='word_1_183' title='bbox 2048 2637 2403 2720; x_wconf 86' lang='lat' dir='ltr'><strong>exprobrat</strong></span> <span class='ocrx_word' id='word_1_184' title='bbox 2443 2638 2516 2703; x_wconf 91' lang='lat' dir='ltr'><strong>in</strong></span> 
     </span>
     <span class='ocr_line' id='line_1_26' title="bbox 567 2720 2166 2808; baseline -0.003 -17"><span class='ocrx_word' id='word_1_185' title='bbox 567 2724 758 2808; x_wconf 87' lang='lat' dir='ltr'><strong>culpa</strong></span> <span class='ocrx_word' id='word_1_186' title='bbox 799 2745 940 2790; x_wconf 90' lang='lat' dir='ltr'><strong>esse</strong></span> <span class='ocrx_word' id='word_1_187' title='bbox 975 2723 1320 2807; x_wconf 89' lang='lat' dir='ltr'><strong>quominus</strong></span> <span class='ocrx_word' id='word_1_188' title='bbox 1362 2720 1559 2787; x_wconf 87' lang='lat' dir='ltr'><strong>fidem</strong></span> <span class='ocrx_word' id='word_1_189' title='bbox 1597 2721 1817 2787; x_wconf 86' lang='lat' dir='ltr'><strong>datam</strong></span> <span class='ocrx_word' id='word_1_190' title='bbox 1860 2729 2166 2806; x_wconf 90' lang='lat' dir='ltr'><strong>praestet.</strong></span> 
     </span>
    </p>

    <p class='ocr_par' dir='ltr' id='par_1_6' title="bbox 564 2806 2520 4522">
     <span class='ocr_line' id='line_1_27' title="bbox 742 2806 2515 2892; baseline 0.001 -18"><span class='ocrx_word' id='word_1_191' title='bbox 742 2809 844 2875; x_wconf 89' lang='grc'><strong>12.</strong></span> <span class='ocrx_word' id='word_1_192' title='bbox 913 2807 1036 2875; x_wconf 76' lang='lat' dir='ltr'><strong>Cui</strong></span> <span class='ocrx_word' id='word_1_193' title='bbox 1092 2808 1410 2889; x_wconf 71' lang='lat' dir='ltr'><strong>respondit</strong></span> <span class='ocrx_word' id='word_1_194' title='bbox 1448 2806 1748 2874; x_wconf 81' lang='lat' dir='ltr'><strong>Balaam.</strong></span> <span class='ocrx_word' id='word_1_195' title='bbox 1836 2807 2014 2873; x_wconf 88' lang='lat' dir='ltr'><strong>Vere</strong></span> <span class='ocrx_word' id='word_1_196' title='bbox 2072 2807 2335 2892; x_wconf 89' lang='lat' dir='ltr'><strong>quidem</strong></span> <span class='ocrx_word' id='word_1_197' title='bbox 2382 2808 2515 2875; x_wconf 91' lang='lat' dir='ltr'><strong>Ba-</strong></span> 
     </span>
     <span class='ocr_line' id='line_1_28' title="bbox 564 2892 2515 2978; baseline 0 -17"><span class='ocrx_word' id='word_1_198' title='bbox 564 2896 768 2975; x_wconf 89' lang='lat' dir='ltr'><strong>laam,</strong></span> <span class='ocrx_word' id='word_1_199' title='bbox 814 2893 931 2961; x_wconf 90' lang='lat' dir='ltr'><strong>sed</strong></span> <span class='ocrx_word' id='word_1_200' title='bbox 972 2914 1282 2978; x_wconf 90' lang='lat' dir='ltr'><strong>perverso</strong></span> <span class='ocrx_word' id='word_1_201' title='bbox 1326 2894 1577 2972; x_wconf 89' lang='lat' dir='ltr'><strong>animo,</strong></span> <span class='ocrx_word' id='word_1_202' title='bbox 1623 2892 2170 2976; x_wconf 85' lang='lat' dir='ltr'><strong>quemadmodum</strong></span> <span class='ocrx_word' id='word_1_203' title='bbox 2209 2894 2515 2961; x_wconf 88' lang='lat' dir='ltr'><strong>vidimus.</strong></span> 
     </span>
     <span class='ocr_line' id='line_1_29' title="bbox 566 2978 2517 3064; baseline -0.002 -15"><span class='ocrx_word' id='word_1_204' title='bbox 566 2979 914 3050; x_wconf 84' lang='lat' dir='ltr'><strong>Serviliter</strong></span> <span class='ocrx_word' id='word_1_205' title='bbox 979 2978 1159 3045; x_wconf 92' lang='lat' dir='ltr'><strong>enim</strong></span> <span class='ocrx_word' id='word_1_206' title='bbox 1223 2978 1396 3063; x_wconf 89' lang='lat' dir='ltr'><strong>apud</strong></span> <span class='ocrx_word' id='word_1_207' title='bbox 1461 2978 1665 3045; x_wconf 85' lang='lat' dir='ltr'><strong>Balac</strong></span> <span class='ocrx_word' id='word_1_208' title='bbox 1728 2987 2000 3046; x_wconf 89' lang='lat' dir='ltr'><strong>excusat</strong></span> <span class='ocrx_word' id='word_1_209' title='bbox 2061 2994 2181 3064; x_wconf 83' lang='lat' dir='ltr'><strong>per</strong></span> <span class='ocrx_word' id='word_1_210' title='bbox 2245 3001 2316 3046; x_wconf 89' lang='lat' dir='ltr'><strong>se</strong></span> <span class='ocrx_word' id='word_1_211' title='bbox 2380 3002 2517 3047; x_wconf 91' lang='lat' dir='ltr'><strong>non</strong></span> 
     </span>
     <span class='ocr_line' id='line_1_30' title="bbox 568 3063 2518 3151; baseline -0.001 -18"><span class='ocrx_word' id='word_1_212' title='bbox 568 3075 743 3134; x_wconf 89' lang='lat' dir='ltr'><strong>stare</strong></span> <span class='ocrx_word' id='word_1_213' title='bbox 788 3065 1139 3151; x_wconf 90' lang='lat' dir='ltr'><strong>quominus</strong></span> <span class='ocrx_word' id='word_1_214' title='bbox 1180 3086 1430 3130; x_wconf 90' lang='lat' dir='ltr'><strong>morem</strong></span> <span class='ocrx_word' id='word_1_215' title='bbox 1474 3071 1661 3148; x_wconf 86' lang='lat' dir='ltr'><strong>gerat</strong></span> <span class='ocrx_word' id='word_1_216' title='bbox 1705 3065 1846 3132; x_wconf 89' lang='lat' dir='ltr'><strong>eius</strong></span> <span class='ocrx_word' id='word_1_217' title='bbox 1891 3065 2091 3146; x_wconf 87' lang='lat' dir='ltr'><strong>votis,</strong></span> <span class='ocrx_word' id='word_1_218' title='bbox 2136 3063 2252 3131; x_wconf 88' lang='lat' dir='ltr'><strong>sed</strong></span> <span class='ocrx_word' id='word_1_219' title='bbox 2294 3066 2518 3132; x_wconf 92' lang='lat' dir='ltr'><strong>Deum</strong></span> 
     </span>
     <span class='ocr_line' id='line_1_31' title="bbox 566 3149 2515 3237; baseline -0.002 -17"><span class='ocrx_word' id='word_1_220' title='bbox 566 3175 709 3221; x_wconf 88' lang='lat' dir='ltr'><strong>esse</strong></span> <span class='ocrx_word' id='word_1_221' title='bbox 795 3150 1282 3237; x_wconf 87' lang='lat' dir='ltr'><strong>impedimento.</strong></span> <span class='ocrx_word' id='word_1_222' title='bbox 1393 3149 1592 3217; x_wconf 86' lang='lat' dir='ltr'><strong>Dolet</strong></span> <span class='ocrx_word' id='word_1_223' title='bbox 1676 3151 1854 3217; x_wconf 92' lang='lat' dir='ltr'><strong>enim</strong></span> <span class='ocrx_word' id='word_1_224' title='bbox 1939 3150 2062 3218; x_wconf 90' lang='lat' dir='ltr'><strong>sibi</strong></span> <span class='ocrx_word' id='word_1_225' title='bbox 2150 3152 2515 3219; x_wconf 88' lang='lat' dir='ltr'><strong>mercedem</strong></span> 
     </span>
     <span class='ocr_line' id='line_1_32' title="bbox 567 3233 2516 3323; baseline -0.002 -18"><span class='ocrx_word' id='word_1_226' title='bbox 567 3239 817 3323; x_wconf 85' lang='lat' dir='ltr'><strong>perire:</strong></span> <span class='ocrx_word' id='word_1_227' title='bbox 884 3244 952 3304; x_wconf 91' lang='lat' dir='ltr'><strong>et</strong></span> <span class='ocrx_word' id='word_1_228' title='bbox 1012 3236 1315 3321; x_wconf 87' lang='lat' dir='ltr'><strong>quamvis</strong></span> <span class='ocrx_word' id='word_1_229' title='bbox 1367 3236 1712 3321; x_wconf 86' lang='lat' dir='ltr'><strong>magnifice</strong></span> <span class='ocrx_word' id='word_1_230' title='bbox 1769 3237 1850 3303; x_wconf 90' lang='lat' dir='ltr'><strong>de</strong></span> <span class='ocrx_word' id='word_1_231' title='bbox 1906 3233 2035 3303; x_wconf 90' lang='lat' dir='ltr'><strong>Dei</strong></span> <span class='ocrx_word' id='word_1_232' title='bbox 2089 3236 2366 3321; x_wconf 89' lang='lat' dir='ltr'><strong>imperio</strong></span> <span class='ocrx_word' id='word_1_233' title='bbox 2419 3237 2516 3303; x_wconf 90' lang='lat' dir='ltr'><strong>lo-</strong></span> 
     </span>
     <span class='ocr_line' id='line_1_33' title="bbox 566 3322 2515 3410; baseline -0.001 -19"><span class='ocrx_word' id='word_1_234' title='bbox 566 3332 825 3410; x_wconf 88' lang='lat' dir='ltr'><strong>quatur,</strong></span> <span class='ocrx_word' id='word_1_235' title='bbox 848 3322 1216 3391; x_wconf 87' lang='lat' dir='ltr'><strong>subindicat</strong></span> <span class='ocrx_word' id='word_1_236' title='bbox 1238 3331 1457 3388; x_wconf 89' lang='lat' dir='ltr'><strong>tamen</strong></span> <span class='ocrx_word' id='word_1_237' title='bbox 1480 3322 1802 3389; x_wconf 90' lang='lat' dir='ltr'><strong>violenter</strong></span> <span class='ocrx_word' id='word_1_238' title='bbox 1823 3342 1894 3390; x_wconf 89' lang='lat' dir='ltr'><strong>se</strong></span> <span class='ocrx_word' id='word_1_239' title='bbox 1916 3323 2128 3408; x_wconf 91' lang='lat' dir='ltr'><strong>magis</strong></span> <span class='ocrx_word' id='word_1_240' title='bbox 2150 3323 2297 3409; x_wconf 87' lang='lat' dir='ltr'><strong>cogi</strong></span> <span class='ocrx_word' id='word_1_241' title='bbox 2317 3343 2515 3407; x_wconf 87' lang='lat' dir='ltr'><strong>quam</strong></span> 
     </span>
     <span class='ocr_line' id='line_1_34' title="bbox 566 3405 2519 3496; baseline -0.001 -19"><span class='ocrx_word' id='word_1_242' title='bbox 566 3418 799 3496; x_wconf 82' lang='lat' dir='ltr'><strong>sponte</strong></span> <span class='ocrx_word' id='word_1_243' title='bbox 841 3409 1111 3494; x_wconf 84' lang='lat' dir='ltr'><strong>exsequi</strong></span> <span class='ocrx_word' id='word_1_244' title='bbox 1156 3405 1325 3492; x_wconf 90' lang='lat' dir='ltr'><strong>quod</strong></span> <span class='ocrx_word' id='word_1_245' title='bbox 1371 3408 1750 3474; x_wconf 88' lang='lat' dir='ltr'><strong>mandatum</strong></span> <span class='ocrx_word' id='word_1_246' title='bbox 1786 3416 1904 3475; x_wconf 88' lang='lat' dir='ltr'><strong>est.</strong></span> <span class='ocrx_word' id='word_1_247' title='bbox 1970 3409 2105 3476; x_wconf 86' lang='lat' dir='ltr'><strong>Per</strong></span> <span class='ocrx_word' id='word_1_248' title='bbox 2146 3429 2519 3475; x_wconf 86' lang='lat' dir='ltr'><strong>sermonem</strong></span> 
     </span>
     <span class='ocr_line' id='line_1_35' title="bbox 566 3492 2518 3579; baseline -0.001 -16"><span class='ocrx_word' id='word_1_249' title='bbox 566 3494 853 3563; x_wconf 88' lang='lat' dir='ltr'><strong>Iehovae</strong></span> <span class='ocrx_word' id='word_1_250' title='bbox 918 3494 1127 3561; x_wconf 89' lang='lat' dir='ltr'><strong>intelli</strong></span> <span class='ocrx_word' id='word_1_251' title='bbox 1179 3495 1229 3558; x_wconf 88' lang='lat' dir='ltr'><strong>&#39;t</strong></span> <span class='ocrx_word' id='word_1_252' title='bbox 1292 3515 1427 3559; x_wconf 92' lang='lat' dir='ltr'><strong>non</strong></span> <span class='ocrx_word' id='word_1_253' title='bbox 1482 3493 1672 3560; x_wconf 89' lang='lat' dir='ltr'><strong>modo</strong></span> <span class='ocrx_word' id='word_1_254' title='bbox 1738 3492 2107 3576; x_wconf 90' lang='lat' dir='ltr'><strong>decretum,</strong></span> <span class='ocrx_word' id='word_1_255' title='bbox 2171 3494 2285 3561; x_wconf 87' lang='lat' dir='ltr'><strong>sed</strong></span> <span class='ocrx_word' id='word_1_256' title='bbox 2345 3494 2518 3579; x_wconf 89' lang='lat' dir='ltr'><strong>quod</strong></span> 
     </span>
     <span class='ocr_line' id='line_1_36' title="bbox 569 3516 2520 3665; baseline -0.001 -16"><span class='ocrx_word' id='word_1_257' title='bbox 569 3581 694 3650; x_wconf 91' lang='lat' dir='ltr'><strong>sibi</strong></span> <span class='ocrx_word' id='word_1_258' title='bbox 752 3581 1070 3648; x_wconf 83' lang='lat' dir='ltr'><strong>dictatum</strong></span> <span class='ocrx_word' id='word_1_259' title='bbox 1131 3516 1361 3657; x_wconf 46' lang='lat' dir='ltr'><strong>gerit,</strong></span> <span class='ocrx_word' id='word_1_260' title='bbox 1420 3590 1488 3644; x_wconf 93' lang='lat' dir='ltr'><strong>et</strong></span> <span class='ocrx_word' id='word_1_261' title='bbox 1530 3590 1750 3646; x_wconf 89' lang='lat' dir='ltr'><strong>tamen</strong></span> <span class='ocrx_word' id='word_1_262' title='bbox 1808 3579 2179 3665; x_wconf 87' lang='lat' dir='ltr'><strong>transgredi</strong></span> <span class='ocrx_word' id='word_1_263' title='bbox 2233 3582 2520 3648; x_wconf 83' lang='lat' dir='ltr'><strong>maxime</strong></span> 
     </span>
     <span class='ocr_line' id='line_1_37' title="bbox 565 3664 2519 3752; baseline 0 -19"><span class='ocrx_word' id='word_1_264' title='bbox 565 3677 888 3752; x_wconf 89' lang='lat' dir='ltr'><strong>optasset:</strong></span> <span class='ocrx_word' id='word_1_265' title='bbox 932 3686 1167 3732; x_wconf 88' lang='lat' dir='ltr'><strong>verum</strong></span> <span class='ocrx_word' id='word_1_266' title='bbox 1213 3664 1542 3749; x_wconf 89' lang='lat' dir='ltr'><strong>significat</strong></span> <span class='ocrx_word' id='word_1_267' title='bbox 1577 3685 1647 3729; x_wconf 92' lang='lat' dir='ltr'><strong>se</strong></span> <span class='ocrx_word' id='word_1_268' title='bbox 1691 3664 2035 3750; x_wconf 86' lang='lat' dir='ltr'><strong>alligatum</strong></span> <span class='ocrx_word' id='word_1_269' title='bbox 2081 3687 2224 3733; x_wconf 89' lang='lat' dir='ltr'><strong>esse</strong></span> <span class='ocrx_word' id='word_1_270' title='bbox 2267 3669 2519 3733; x_wconf 88' lang='lat' dir='ltr'><strong>virtute</strong></span> 
     </span>
     <span class='ocr_line' id='line_1_38' title="bbox 568 3751 2516 3837; baseline -0.001 -16"><span class='ocrx_word' id='word_1_271' title='bbox 568 3753 841 3837; x_wconf 89' lang='lat' dir='ltr'><strong>spiritus</strong></span> <span class='ocrx_word' id='word_1_272' title='bbox 894 3764 969 3819; x_wconf 87' lang='lat' dir='ltr'><strong>ut</strong></span> <span class='ocrx_word' id='word_1_273' title='bbox 1011 3751 1344 3817; x_wconf 87' lang='lat' dir='ltr'><strong>oraculum</strong></span> <span class='ocrx_word' id='word_1_274' title='bbox 1391 3751 1583 3834; x_wconf 89' lang='lat' dir='ltr'><strong>quale</strong></span> <span class='ocrx_word' id='word_1_275' title='bbox 1619 3754 1868 3834; x_wconf 85' lang='lat' dir='ltr'><strong>accepit</strong></span> <span class='ocrx_word' id='word_1_276' title='bbox 1912 3751 2016 3818; x_wconf 92' lang='lat' dir='ltr'><strong>vel</strong></span> <span class='ocrx_word' id='word_1_277' title='bbox 2070 3751 2322 3819; x_wconf 84' lang='lat' dir='ltr'><strong>invitus</strong></span> <span class='ocrx_word' id='word_1_278' title='bbox 2366 3774 2516 3837; x_wconf 87' lang='lat' dir='ltr'><strong>pro-</strong></span> 
     </span>
     <span class='ocr_line' id='line_1_39' title="bbox 569 3834 2520 3921; baseline -0.001 -16"><span class='ocrx_word' id='word_1_279' title='bbox 569 3841 756 3905; x_wconf 80' lang='lat' dir='ltr'><strong>ferat.</strong></span> <span class='ocrx_word' id='word_1_280' title='bbox 835 3837 944 3903; x_wconf 90' lang='lat' dir='ltr'><strong>Ita</strong></span> <span class='ocrx_word' id='word_1_281' title='bbox 986 3834 1265 3903; x_wconf 88' lang='lat' dir='ltr'><strong>verbum</strong></span> <span class='ocrx_word' id='word_1_282' title='bbox 1305 3836 1555 3904; x_wconf 84' lang='lat' dir='ltr'><strong>Facere</strong></span> <span class='ocrx_word' id='word_1_283' title='bbox 1597 3836 1882 3903; x_wconf 86' lang='lat' dir='ltr'><strong>refertur</strong></span> <span class='ocrx_word' id='word_1_284' title='bbox 1925 3837 2009 3903; x_wconf 86' lang='lat' dir='ltr'><strong>ad</strong></span> <span class='ocrx_word' id='word_1_285' title='bbox 2049 3837 2365 3921; x_wconf 90' lang='lat' dir='ltr'><strong>linguam,</strong></span> <span class='ocrx_word' id='word_1_286' title='bbox 2414 3839 2520 3906; x_wconf 91' lang='lat' dir='ltr'><strong>vel</strong></span> 
     </span>
     <span class='ocr_line' id='line_1_40' title="bbox 569 3921 2519 4007; baseline 0.001 -17"><span class='ocrx_word' id='word_1_287' title='bbox 569 3923 653 3991; x_wconf 91' lang='lat' dir='ltr'><strong>ad</strong></span> <span class='ocrx_word' id='word_1_288' title='bbox 697 3944 940 3989; x_wconf 90' lang='lat' dir='ltr'><strong>munus</strong></span> <span class='ocrx_word' id='word_1_289' title='bbox 985 3921 1468 4007; x_wconf 85' lang='lat' dir='ltr'><strong>propheticum:</strong></span> <span class='ocrx_word' id='word_1_290' title='bbox 1528 3922 1681 4007; x_wconf 89' lang='lat' dir='ltr'><strong>quia</strong></span> <span class='ocrx_word' id='word_1_291' title='bbox 1723 3943 1853 3988; x_wconf 89' lang='lat' dir='ltr'><strong>non</strong></span> <span class='ocrx_word' id='word_1_292' title='bbox 1912 3922 2112 3988; x_wconf 84' lang='lat' dir='ltr'><strong>fuerit</strong></span> <span class='ocrx_word' id='word_1_293' title='bbox 2154 3923 2519 3991; x_wconf 90' lang='lat' dir='ltr'><strong>conductus</strong></span> 
     </span>
     <span class='ocr_line' id='line_1_41' title="bbox 569 4006 2518 4093; baseline -0.001 -17"><span class='ocrx_word' id='word_1_294' title='bbox 569 4032 609 4076; x_wconf 89' lang='lat' dir='ltr'><strong>a</strong></span> <span class='ocrx_word' id='word_1_295' title='bbox 653 4009 890 4088; x_wconf 89' lang='lat' dir='ltr'><strong>Balac‚</strong></span> <span class='ocrx_word' id='word_1_296' title='bbox 946 4017 1023 4074; x_wconf 91' lang='lat' dir='ltr'><strong>ut</strong></span> <span class='ocrx_word' id='word_1_297' title='bbox 1067 4006 1421 4093; x_wconf 88' lang='lat' dir='ltr'><strong>quidquam</strong></span> <span class='ocrx_word' id='word_1_298' title='bbox 1464 4029 1665 4075; x_wconf 89' lang='lat' dir='ltr'><strong>manu</strong></span> <span class='ocrx_word' id='word_1_299' title='bbox 1710 4016 2030 4089; x_wconf 84' lang='lat' dir='ltr'><strong>tentaret,</strong></span> <span class='ocrx_word' id='word_1_300' title='bbox 2085 4008 2202 4075; x_wconf 90' lang='lat' dir='ltr'><strong>sed</strong></span> <span class='ocrx_word' id='word_1_301' title='bbox 2259 4019 2518 4076; x_wconf 89' lang='lat' dir='ltr'><strong>tantum</strong></span> 
     </span>
     <span class='ocr_line' id='line_1_42' title="bbox 570 4093 2518 4179; baseline 0 -18"><span class='ocrx_word' id='word_1_302' title='bbox 570 4102 648 4161; x_wconf 90' lang='lat' dir='ltr'><strong>ut</strong></span> <span class='ocrx_word' id='word_1_303' title='bbox 703 4095 920 4161; x_wconf 90' lang='lat' dir='ltr'><strong>verbis</strong></span> <span class='ocrx_word' id='word_1_304' title='bbox 988 4101 1251 4161; x_wconf 89' lang='lat' dir='ltr'><strong>noceret</strong></span> <span class='ocrx_word' id='word_1_305' title='bbox 1316 4093 1573 4179; x_wconf 92' lang='lat' dir='ltr'><strong>populo.</strong></span> <span class='ocrx_word' id='word_1_306' title='bbox 1662 4093 1796 4160; x_wconf 84' lang='lat' dir='ltr'><strong>Cor</strong></span> <span class='ocrx_word' id='word_1_307' title='bbox 1860 4094 2213 4178; x_wconf 90' lang='lat' dir='ltr'><strong>opponitur</strong></span> <span class='ocrx_word' id='word_1_308' title='bbox 2264 4098 2518 4163; x_wconf 89' lang='lat' dir='ltr'><strong>revela-</strong></span> 
     </span>
     <span class='ocr_line' id='line_1_43' title="bbox 570 4178 2519 4267; baseline 0.001 -21"><span class='ocrx_word' id='word_1_309' title='bbox 570 4180 736 4246; x_wconf 92' lang='lat' dir='ltr'><strong>tioni</strong></span> <span class='ocrx_word' id='word_1_310' title='bbox 793 4180 1064 4264; x_wconf 90' lang='lat' dir='ltr'><strong>spiritus</strong></span> <span class='ocrx_word' id='word_1_311' title='bbox 1082 4231 1098 4260; x_wconf 94' lang='lat'><strong>,</strong></span> <span class='ocrx_word' id='word_1_312' title='bbox 1153 4178 1463 4246; x_wconf 88' lang='lat' dir='ltr'><strong>dicuntur</strong></span> <span class='ocrx_word' id='word_1_313' title='bbox 1520 4179 1698 4246; x_wconf 89' lang='lat' dir='ltr'><strong>enim</strong></span> <span class='ocrx_word' id='word_1_314' title='bbox 1754 4180 2140 4263; x_wconf 91' lang='lat' dir='ltr'><strong>impostores</strong></span> <span class='ocrx_word' id='word_1_315' title='bbox 2197 4181 2375 4267; x_wconf 90' lang='lat' dir='ltr'><strong>loqui</strong></span> <span class='ocrx_word' id='word_1_316' title='bbox 2434 4203 2519 4248; x_wconf 88' lang='lat' dir='ltr'><strong>ex</strong></span> 
     </span>
     <span class='ocr_line' id='line_1_44' title="bbox 569 4265 2520 4352; baseline 0.001 -19"><span class='ocrx_word' id='word_1_317' title='bbox 569 4266 833 4352; x_wconf 85' lang='lat' dir='ltr'><strong>proprio</strong></span> <span class='ocrx_word' id='word_1_318' title='bbox 877 4265 1098 4345; x_wconf 90' lang='lat' dir='ltr'><strong>corde,</strong></span> <span class='ocrx_word' id='word_1_319' title='bbox 1161 4265 1275 4331; x_wconf 92' lang='lat' dir='ltr'><strong>ubi</strong></span> <span class='ocrx_word' id='word_1_320' title='bbox 1319 4265 1480 4331; x_wconf 83' lang='lat' dir='ltr'><strong>falso</strong></span> <span class='ocrx_word' id='word_1_321' title='bbox 1525 4265 1651 4331; x_wconf 89' lang='lat' dir='ltr'><strong>Dei</strong></span> <span class='ocrx_word' id='word_1_322' title='bbox 1691 4286 1932 4332; x_wconf 90' lang='lat' dir='ltr'><strong>nomen</strong></span> <span class='ocrx_word' id='word_1_323' title='bbox 1977 4265 2342 4333; x_wconf 90' lang='lat' dir='ltr'><strong>obtendunt</strong></span> <span class='ocrx_word' id='word_1_324' title='bbox 2383 4268 2520 4336; x_wconf 88' lang='lat' dir='ltr'><strong>suis</strong></span> 
     </span>
     <span class='ocr_line' id='line_1_45' title="bbox 568 4351 2520 4439; baseline 0.001 -21"><span class='ocrx_word' id='word_1_325' title='bbox 568 4353 923 4438; x_wconf 88' lang='lat' dir='ltr'><strong>figmentis.</strong></span> <span class='ocrx_word' id='word_1_326' title='bbox 1010 4351 1226 4436; x_wconf 87' lang='lat' dir='ltr'><strong>Negat</strong></span> <span class='ocrx_word' id='word_1_327' title='bbox 1283 4351 1488 4436; x_wconf 87' lang='lat' dir='ltr'><strong>igitur</strong></span> <span class='ocrx_word' id='word_1_328' title='bbox 1525 4351 1650 4418; x_wconf 91' lang='lat' dir='ltr'><strong>sibi</strong></span> <span class='ocrx_word' id='word_1_329' title='bbox 1706 4351 1986 4418; x_wconf 90' lang='lat' dir='ltr'><strong>liberum</strong></span> <span class='ocrx_word' id='word_1_330' title='bbox 2032 4373 2172 4420; x_wconf 87' lang='lat' dir='ltr'><strong>esse</strong></span> <span class='ocrx_word' id='word_1_331' title='bbox 2216 4355 2390 4439; x_wconf 85' lang='lat' dir='ltr'><strong>loqui</strong></span> <span class='ocrx_word' id='word_1_332' title='bbox 2436 4376 2520 4421; x_wconf 88' lang='lat' dir='ltr'><strong>ex</strong></span> 
     </span>
     <span class='ocr_line' id='line_1_46' title="bbox 570 4436 2107 4522; baseline -0.001 -16"><span class='ocrx_word' id='word_1_333' title='bbox 570 4437 763 4506; x_wconf 90' lang='lat' dir='ltr'><strong>corde</strong></span> <span class='ocrx_word' id='word_1_334' title='bbox 808 4458 945 4515; x_wconf 91' lang='lat' dir='ltr'><strong>suo,</strong></span> <span class='ocrx_word' id='word_1_335' title='bbox 991 4437 1143 4521; x_wconf 89' lang='lat' dir='ltr'><strong>quia</strong></span> <span class='ocrx_word' id='word_1_336' title='bbox 1185 4437 1460 4522; x_wconf 89' lang='lat' dir='ltr'><strong>spiritus</strong></span> <span class='ocrx_word' id='word_1_337' title='bbox 1495 4437 1623 4503; x_wconf 94' lang='lat' dir='ltr'><strong>Dei</strong></span> <span class='ocrx_word' id='word_1_338' title='bbox 1659 4436 1746 4503; x_wconf 89' lang='lat' dir='ltr'><strong>sit</strong></span> <span class='ocrx_word' id='word_1_339' title='bbox 1788 4438 2107 4505; x_wconf 88' lang='lat' dir='ltr'><strong>minister.</strong></span> 
     </span>
    </p>

    <p class='ocr_par' dir='ltr' id='par_1_7' title="bbox 745 4522 2519 4611">
     <span class='ocr_line' id='line_1_47' title="bbox 745 4522 2519 4611; baseline 0.002 -21"><span class='ocrx_word' id='word_1_340' title='bbox 745 4524 845 4590; x_wconf 88' lang='lat'><strong>14.</strong></span> <span class='ocrx_word' id='word_1_341' title='bbox 903 4522 1095 4590; x_wconf 79' lang='lat' dir='ltr'><strong>Nune</strong></span> <span class='ocrx_word' id='word_1_342' title='bbox 1134 4524 1343 4606; x_wconf 68' lang='lat' dir='ltr'><strong>‘itaque</strong></span> <span class='ocrx_word' id='word_1_343' title='bbox 1385 4542 1527 4603; x_wconf 79' lang='lat' dir='ltr'><strong>ecce,</strong></span> <span class='ocrx_word' id='word_1_344' title='bbox 1573 4543 1698 4608; x_wconf 71' lang='lat' dir='ltr'><strong>eqo.</strong></span> <span class='ocrx_word' id='word_1_345' title='bbox 1778 4523 1955 4607; x_wconf 80' lang='lat' dir='ltr'><strong>Quia</strong></span> <span class='ocrx_word' id='word_1_346' title='bbox 1987 4524 2096 4592; x_wconf 89' lang='lat' dir='ltr'><strong>hic</strong></span> <span class='ocrx_word' id='word_1_347' title='bbox 2129 4548 2263 4592; x_wconf 91' lang='lat' dir='ltr'><strong>non</strong></span> <span class='ocrx_word' id='word_1_348' title='bbox 2299 4527 2519 4611; x_wconf 84' lang='lat' dir='ltr'><strong>expri-</strong></span> 
     </span>
    </p>
   </div>
   <div class='ocr_carea' id='block_1_4' title="bbox 448 4607 2522 4695">
    <p class='ocr_par' dir='ltr' id='par_1_8' title="bbox 448 4607 2522 4695">
     <span class='ocr_line' id='line_1_48' title="bbox 448 4607 2522 4695; baseline 0 -17"><span class='ocrx_word' id='word_1_349' title='bbox 448 4638 453 4645; x_wconf 89' lang='lat'><strong>·</strong></span> <span class='ocrx_word' id='word_1_350' title='bbox 569 4612 777 4678; x_wconf 91' lang='lat' dir='ltr'><strong>mitur</strong></span> <span class='ocrx_word' id='word_1_351' title='bbox 832 4609 1020 4694; x_wconf 85' lang='lat' dir='ltr'><strong>quale</strong></span> <span class='ocrx_word' id='word_1_352' title='bbox 1075 4607 1328 4675; x_wconf 88' lang='lat' dir='ltr'><strong>dederit</strong></span> <span class='ocrx_word' id='word_1_353' title='bbox 1383 4608 1728 4676; x_wconf 89' lang='lat' dir='ltr'><strong>consilium</strong></span> <span class='ocrx_word' id='word_1_354' title='bbox 1746 4660 1763 4688; x_wconf 95' lang='lat'><strong>,</strong></span> <span class='ocrx_word' id='word_1_355' title='bbox 1822 4611 2213 4695; x_wconf 88' lang='lat' dir='ltr'><strong>quibusdam</strong></span> <span class='ocrx_word' id='word_1_356' title='bbox 2256 4610 2522 4679; x_wconf 89' lang='lat' dir='ltr'><strong>videtur</strong></span> 
     </span>
    </p>
   </div>
   <div class='ocr_carea' id='block_1_5' title="bbox 569 4694 2526 5384">
    <p class='ocr_par' dir='ltr' id='par_1_9' title="bbox 569 4694 2526 5384">
     <span class='ocr_line' id='line_1_49' title="bbox 570 4694 2520 4779; baseline 0 -15"><span class='ocrx_word' id='word_1_357' title='bbox 570 4718 712 4764; x_wconf 85' lang='lat' dir='ltr'><strong>esse</strong></span> <span class='ocrx_word' id='word_1_358' title='bbox 771 4694 1095 4763; x_wconf 83' lang='lat' dir='ltr'><strong>defectiva</strong></span> <span class='ocrx_word' id='word_1_359' title='bbox 1148 4695 1386 4761; x_wconf 88' lang='lat' dir='ltr'><strong>oratio:</strong></span> <span class='ocrx_word' id='word_1_360' title='bbox 1447 4702 1642 4779; x_wconf 90' lang='lat' dir='ltr'><strong>atque</strong></span> <span class='ocrx_word' id='word_1_361' title='bbox 1699 4695 1793 4761; x_wconf 87' lang='lat' dir='ltr'><strong>ita</strong></span> <span class='ocrx_word' id='word_1_362' title='bbox 1835 4699 2131 4763; x_wconf 83' lang='lat' dir='ltr'><strong>referunt</strong></span> <span class='ocrx_word' id='word_1_363' title='bbox 2184 4697 2267 4763; x_wconf 89' lang='lat' dir='ltr'><strong>ad</strong></span> <span class='ocrx_word' id='word_1_364' title='bbox 2320 4698 2520 4765; x_wconf 88' lang='lat' dir='ltr'><strong>vafri-</strong></span> 
     </span>
     <span class='ocr_line' id='line_1_50' title="bbox 571 4780 2519 4867; baseline 0 -18"><span class='ocrx_word' id='word_1_365' title='bbox 571 4784 730 4849; x_wconf 86' lang='lat' dir='ltr'><strong>tiem</strong></span> <span class='ocrx_word' id='word_1_366' title='bbox 796 4781 1036 4867; x_wconf 90' lang='lat' dir='ltr'><strong>populo</strong></span> <span class='ocrx_word' id='word_1_367' title='bbox 1098 4780 1464 4863; x_wconf 81' lang='lat' dir='ltr'><strong>exitialem,</strong></span> <span class='ocrx_word' id='word_1_368' title='bbox 1530 4780 1716 4847; x_wconf 88' lang='lat' dir='ltr'><strong>cuius</strong></span> <span class='ocrx_word' id='word_1_369' title='bbox 1783 4797 2006 4866; x_wconf 89' lang='lat' dir='ltr'><strong>postea</strong></span> <span class='ocrx_word' id='word_1_370' title='bbox 2061 4784 2176 4849; x_wconf 90' lang='lat' dir='ltr'><strong>fiet</strong></span> <span class='ocrx_word' id='word_1_371' title='bbox 2239 4785 2519 4850; x_wconf 88' lang='lat' dir='ltr'><strong>mentio:</strong></span> 
     </span>
     <span class='ocr_line' id='line_1_51' title="bbox 571 4866 2522 4954; baseline 0.002 -20"><span class='ocrx_word' id='word_1_372' title='bbox 571 4890 809 4954; x_wconf 88' lang='lat' dir='ltr'><strong>nempe</strong></span> <span class='ocrx_word' id='word_1_373' title='bbox 869 4877 943 4933; x_wconf 92' lang='lat' dir='ltr'><strong>ut</strong></span> <span class='ocrx_word' id='word_1_374' title='bbox 999 4866 1389 4934; x_wconf 82' lang='lat' dir='ltr'><strong>Moabiticae</strong></span> <span class='ocrx_word' id='word_1_375' title='bbox 1445 4888 1513 4933; x_wconf 91' lang='lat' dir='ltr'><strong>se</strong></span> <span class='ocrx_word' id='word_1_376' title='bbox 1565 4866 1852 4933; x_wconf 84' lang='lat' dir='ltr'><strong>feminae</strong></span> <span class='ocrx_word' id='word_1_377' title='bbox 1909 4870 2380 4952; x_wconf 88' lang='lat' dir='ltr'><strong>prostituerent</strong></span> <span class='ocrx_word' id='word_1_378' title='bbox 2437 4870 2522 4937; x_wconf 89' lang='lat' dir='ltr'><strong>ad</strong></span> 
     </span>
     <span class='ocr_line' id='line_1_52' title="bbox 570 4952 2523 5037; baseline -0.001 -14"><span class='ocrx_word' id='word_1_379' title='bbox 570 4953 1009 5023; x_wconf 88' lang='lat' dir='ltr'><strong>scortandum.</strong></span> <span class='ocrx_word' id='word_1_380' title='bbox 1078 4952 1215 5019; x_wconf 86' lang='lat' dir='ltr'><strong>Alii</strong></span> <span class='ocrx_word' id='word_1_381' title='bbox 1257 4954 1476 5037; x_wconf 90' lang='lat' dir='ltr'><strong>potius</strong></span> <span class='ocrx_word' id='word_1_382' title='bbox 1520 4952 1904 5020; x_wconf 85' lang='lat' dir='ltr'><strong>existimant</strong></span> <span class='ocrx_word' id='word_1_383' title='bbox 1945 4954 2221 5020; x_wconf 86' lang='lat' dir='ltr'><strong>Balaam</strong></span> <span class='ocrx_word' id='word_1_384' title='bbox 2266 4953 2523 5023; x_wconf 90' lang='lat' dir='ltr'><strong>dedisse</strong></span> 
     </span>
     <span class='ocr_line' id='line_1_53' title="bbox 570 5039 2521 5125; baseline -0.001 -18"><span class='ocrx_word' id='word_1_385' title='bbox 570 5041 951 5121; x_wconf 89' lang='lat' dir='ltr'><strong>consilium,</strong></span> <span class='ocrx_word' id='word_1_386' title='bbox 995 5047 1072 5106; x_wconf 87' lang='lat' dir='ltr'><strong>ut</strong></span> <span class='ocrx_word' id='word_1_387' title='bbox 1115 5059 1385 5106; x_wconf 89' lang='lat' dir='ltr'><strong>securus</strong></span> <span class='ocrx_word' id='word_1_388' title='bbox 1461 5039 1814 5120; x_wconf 85' lang='lat' dir='ltr'><strong>uiesceret,</strong></span> <span class='ocrx_word' id='word_1_389' title='bbox 1858 5039 2009 5123; x_wconf 90' lang='lat' dir='ltr'><strong>quia</strong></span> <span class='ocrx_word' id='word_1_390' title='bbox 2053 5040 2272 5125; x_wconf 91' lang='lat' dir='ltr'><strong>populi</strong></span> <span class='ocrx_word' id='word_1_391' title='bbox 2316 5041 2521 5109; x_wconf 86' lang='lat' dir='ltr'><strong>felici-</strong></span> 
     </span>
     <span class='ocr_line' id='line_1_54' title="bbox 569 5124 2518 5211; baseline 0.001 -19"><span class='ocrx_word' id='word_1_392' title='bbox 569 5136 675 5192; x_wconf 88' lang='lat' dir='ltr'><strong>tas</strong></span> <span class='ocrx_word' id='word_1_393' title='bbox 744 5127 886 5211; x_wconf 87' lang='lat' dir='ltr'><strong>ipso</strong></span> <span class='ocrx_word' id='word_1_394' title='bbox 946 5125 1299 5210; x_wconf 86' lang='lat' dir='ltr'><strong>superstite</strong></span> <span class='ocrx_word' id='word_1_395' title='bbox 1355 5125 1425 5191; x_wconf 92' lang='lat' dir='ltr'><strong>ni</strong></span> <span class='ocrx_word' id='word_1_396' title='bbox 1480 5125 1522 5190; x_wconf 83' lang='lat'><strong>‘1</strong></span> <span class='ocrx_word' id='word_1_397' title='bbox 1586 5124 1810 5191; x_wconf 90' lang='lat' dir='ltr'><strong>damni</strong></span> <span class='ocrx_word' id='word_1_398' title='bbox 1867 5125 2134 5192; x_wconf 84' lang='lat' dir='ltr'><strong>afferret</strong></span> <span class='ocrx_word' id='word_1_399' title='bbox 2193 5127 2518 5194; x_wconf 81' lang='lat' dir='ltr'><strong>Moabitis.</strong></span> 
     </span>
     <span class='ocr_line' id='line_1_55' title="bbox 573 5210 2523 5297; baseline 0.001 -19"><span class='ocrx_word' id='word_1_400' title='bbox 573 5212 719 5297; x_wconf 83' lang='lat' dir='ltr'><strong>Ego</strong></span> <span class='ocrx_word' id='word_1_401' title='bbox 774 5233 933 5280; x_wconf 88' lang='lat' dir='ltr'><strong>vero</strong></span> <span class='ocrx_word' id='word_1_402' title='bbox 990 5212 1374 5297; x_wconf 88' lang='lat' dir='ltr'><strong>simpliciter</strong></span> <span class='ocrx_word' id='word_1_403' title='bbox 1430 5211 1676 5296; x_wconf 88' lang='lat' dir='ltr'><strong>accipio</strong></span> <span class='ocrx_word' id='word_1_404' title='bbox 1736 5231 1853 5295; x_wconf 89' lang='lat' dir='ltr'><strong>pro</strong></span> <span class='ocrx_word' id='word_1_405' title='bbox 1897 5210 2160 5290; x_wconf 90' lang='lat' dir='ltr'><strong>docere,</strong></span> <span class='ocrx_word' id='word_1_406' title='bbox 2221 5212 2327 5279; x_wconf 91' lang='lat' dir='ltr'><strong>vel</strong></span> <span class='ocrx_word' id='word_1_407' title='bbox 2383 5235 2523 5280; x_wconf 90' lang='lat' dir='ltr'><strong>mo-</strong></span> 
     </span>
     <span class='ocr_line' id='line_1_56' title="bbox 573 5296 2526 5384; baseline 0.002 -21"><span class='ocrx_word' id='word_1_408' title='bbox 573 5318 729 5364; x_wconf 90' lang='lat' dir='ltr'><strong>nere</strong></span> <span class='ocrx_word' id='word_1_409' title='bbox 764 5297 921 5382; x_wconf 90' lang='lat' dir='ltr'><strong>quid</strong></span> <span class='ocrx_word' id='word_1_410' title='bbox 965 5298 1128 5364; x_wconf 89' lang='lat' dir='ltr'><strong>utile</strong></span> <span class='ocrx_word' id='word_1_411' title='bbox 1161 5297 1267 5366; x_wconf 89' lang='lat' dir='ltr'><strong>sit.</strong></span> <span class='ocrx_word' id='word_1_412' title='bbox 1334 5297 1773 5368; x_wconf 79' lang='lat' dir='ltr'><strong>Commendat</strong></span> <span class='ocrx_word' id='word_1_413' title='bbox 1805 5296 2011 5384; x_wconf 87' lang='lat' dir='ltr'><strong>igitur</strong></span> <span class='ocrx_word' id='word_1_414' title='bbox 2053 5297 2407 5381; x_wconf 85' lang='lat' dir='ltr'><strong>oraculum,</strong></span> <span class='ocrx_word' id='word_1_415' title='bbox 2450 5307 2526 5366; x_wconf 87' lang='lat' dir='ltr'><strong>ut</strong></span> 
     </span>
    </p>
   </div>
   <div class='ocr_carea' id='block_1_6' title="bbox 2556 590 2584 5362">
    <p class='ocr_par' dir='ltr' id='par_1_10' title="bbox 2556 590 2584 5362">
     <span class='ocr_line' id='line_1_57' title="bbox 2556 590 2584 5362; baseline 0 0"><span class='ocrx_word' id='word_1_416' title='bbox 2556 590 2584 5362; x_wconf 95' lang='lat' dir='ltr'><strong> </strong></span> 
     </span>
    </p>
   </div>
   <div class='ocr_carea' id='block_1_7' title="bbox 2611 573 4573 2889">
    <p class='ocr_par' dir='ltr' id='par_1_11' title="bbox 2611 573 4562 1329">
     <span class='ocr_line' id='line_1_58' title="bbox 2614 573 4557 661; baseline 0.001 -20"><span class='ocrx_word' id='word_1_417' title='bbox 2614 575 2817 641; x_wconf 91' lang='lat' dir='ltr'><strong>Balac</strong></span> <span class='ocrx_word' id='word_1_418' title='bbox 2871 573 3152 641; x_wconf 89' lang='lat' dir='ltr'><strong>libenter</strong></span> <span class='ocrx_word' id='word_1_419' title='bbox 3207 575 3593 661; x_wconf 88' lang='lat' dir='ltr'><strong>acquiescat.</strong></span> <span class='ocrx_word' id='word_1_420' title='bbox 3683 574 4030 643; x_wconf 82' lang='lat' dir='ltr'><strong>Caeterum</strong></span> <span class='ocrx_word' id='word_1_421' title='bbox 4091 574 4205 641; x_wconf 91' lang='lat' dir='ltr'><strong>ubi</strong></span> <span class='ocrx_word' id='word_1_422' title='bbox 4259 574 4557 660; x_wconf 89' lang='lat' dir='ltr'><strong>adiungit</strong></span> 
     </span>
     <span class='ocr_line' id='line_1_59' title="bbox 2615 660 4554 747; baseline 0.001 -20"><span class='ocrx_word' id='word_1_423' title='bbox 2615 660 3007 727; x_wconf 88' lang='lat' dir='ltr'><strong>novissimos</strong></span> <span class='ocrx_word' id='word_1_424' title='bbox 3051 660 3219 740; x_wconf 87' lang='lat' dir='ltr'><strong>dies,</strong></span> <span class='ocrx_word' id='word_1_425' title='bbox 3278 662 3607 747; x_wconf 87' lang='lat' dir='ltr'><strong>significat</strong></span> <span class='ocrx_word' id='word_1_426' title='bbox 3649 660 3902 727; x_wconf 88' lang='lat' dir='ltr'><strong>nullam</strong></span> <span class='ocrx_word' id='word_1_427' title='bbox 3945 681 4091 727; x_wconf 89' lang='lat' dir='ltr'><strong>esse</strong></span> <span class='ocrx_word' id='word_1_428' title='bbox 4135 681 4401 728; x_wconf 87' lang='lat' dir='ltr'><strong>causam</strong></span> <span class='ocrx_word' id='word_1_429' title='bbox 4435 684 4554 728; x_wconf 89' lang='lat' dir='ltr'><strong>cur</strong></span> 
     </span>
     <span class='ocr_line' id='line_1_60' title="bbox 2614 746 4557 832; baseline 0.001 -19"><span class='ocrx_word' id='word_1_430' title='bbox 2614 746 2737 814; x_wconf 91' lang='lat' dir='ltr'><strong>sibi</strong></span> <span class='ocrx_word' id='word_1_431' title='bbox 2792 754 3047 813; x_wconf 88' lang='lat' dir='ltr'><strong>metuat</strong></span> <span class='ocrx_word' id='word_1_432' title='bbox 3092 747 3325 828; x_wconf 88' lang='lat' dir='ltr'><strong>Balac,</strong></span> <span class='ocrx_word' id='word_1_433' title='bbox 3395 747 3502 814; x_wconf 90' lang='lat' dir='ltr'><strong>vel</strong></span> <span class='ocrx_word' id='word_1_434' title='bbox 3564 746 3881 813; x_wconf 88' lang='lat' dir='ltr'><strong>sollicitus</strong></span> <span class='ocrx_word' id='word_1_435' title='bbox 3946 747 4060 813; x_wconf 89' lang='lat' dir='ltr'><strong>sit:</strong></span> <span class='ocrx_word' id='word_1_436' title='bbox 4130 750 4436 832; x_wconf 91' lang='lat' dir='ltr'><strong>quoniam</strong></span> <span class='ocrx_word' id='word_1_437' title='bbox 4490 750 4557 814; x_wconf 90' lang='lat' dir='ltr'><strong>in</strong></span> 
     </span>
     <span class='ocr_line' id='line_1_61' title="bbox 2611 831 4557 918; baseline 0.002 -20"><span class='ocrx_word' id='word_1_438' title='bbox 2611 833 2884 918; x_wconf 91' lang='lat' dir='ltr'><strong>longum</strong></span> <span class='ocrx_word' id='word_1_439' title='bbox 2939 844 3196 917; x_wconf 91' lang='lat' dir='ltr'><strong>tempus</strong></span> <span class='ocrx_word' id='word_1_440' title='bbox 3252 831 3613 900; x_wconf 87' lang='lat' dir='ltr'><strong>differenda</strong></span> <span class='ocrx_word' id='word_1_441' title='bbox 3663 842 3805 899; x_wconf 87' lang='lat' dir='ltr'><strong>erat</strong></span> <span class='ocrx_word' id='word_1_442' title='bbox 3861 833 4077 917; x_wconf 88' lang='lat' dir='ltr'><strong>gentis</strong></span> <span class='ocrx_word' id='word_1_443' title='bbox 4120 833 4296 901; x_wconf 88' lang='lat' dir='ltr'><strong>illius</strong></span> <span class='ocrx_word' id='word_1_444' title='bbox 4332 854 4557 917; x_wconf 89' lang='lat' dir='ltr'><strong>poena.</strong></span> 
     </span>
     <span class='ocr_line' id='line_1_62' title="bbox 2611 917 4560 1004; baseline 0.001 -19"><span class='ocrx_word' id='word_1_445' title='bbox 2611 919 2891 985; x_wconf 88' lang='lat' dir='ltr'><strong>Interim</strong></span> <span class='ocrx_word' id='word_1_446' title='bbox 2926 926 3144 986; x_wconf 88' lang='lat' dir='ltr'><strong>tamen</strong></span> <span class='ocrx_word' id='word_1_447' title='bbox 3188 918 3491 986; x_wconf 88' lang='lat' dir='ltr'><strong>videmus</strong></span> <span class='ocrx_word' id='word_1_448' title='bbox 3526 918 3680 1003; x_wconf 90' lang='lat' dir='ltr'><strong>quid</strong></span> <span class='ocrx_word' id='word_1_449' title='bbox 3710 917 4172 986; x_wconf 89' lang='lat' dir='ltr'><strong>tumultuando</strong></span> <span class='ocrx_word' id='word_1_450' title='bbox 4214 920 4560 1004; x_wconf 86' lang='lat' dir='ltr'><strong>profecerit</strong></span> 
     </span>
     <span class='ocr_line' id='line_1_63' title="bbox 2613 1004 4561 1090; baseline 0.001 -19"><span class='ocrx_word' id='word_1_451' title='bbox 2613 1004 2834 1071; x_wconf 86' lang='lat' dir='ltr'><strong>Balac.</strong></span> <span class='ocrx_word' id='word_1_452' title='bbox 2922 1004 3093 1071; x_wconf 88' lang='lat' dir='ltr'><strong>Nam</strong></span> <span class='ocrx_word' id='word_1_453' title='bbox 3154 1004 3268 1089; x_wconf 92' lang='lat' dir='ltr'><strong>qui</strong></span> <span class='ocrx_word' id='word_1_454' title='bbox 3323 1005 3639 1072; x_wconf 85' lang='lat' dir='ltr'><strong>haetenus</strong></span> <span class='ocrx_word' id='word_1_455' title='bbox 3696 1004 3992 1071; x_wconf 90' lang='lat' dir='ltr'><strong>audierat</strong></span> <span class='ocrx_word' id='word_1_456' title='bbox 4049 1012 4309 1071; x_wconf 90' lang='lat' dir='ltr'><strong>tantum</strong></span> <span class='ocrx_word' id='word_1_457' title='bbox 4356 1026 4561 1090; x_wconf 89' lang='lat' dir='ltr'><strong>popu·</strong></span> 
     </span>
     <span class='ocr_line' id='line_1_64' title="bbox 2613 1089 4562 1175; baseline 0.001 -20"><span class='ocrx_word' id='word_1_458' title='bbox 2613 1091 2752 1156; x_wconf 90' lang='lat' dir='ltr'><strong>lum</strong></span> <span class='ocrx_word' id='word_1_459' title='bbox 2811 1089 3134 1169; x_wconf 87' lang='lat' dir='ltr'><strong>benedici,</strong></span> <span class='ocrx_word' id='word_1_460' title='bbox 3193 1092 3453 1175; x_wconf 86' lang='lat' dir='ltr'><strong>cogitur</strong></span> <span class='ocrx_word' id='word_1_461' title='bbox 3500 1091 3726 1157; x_wconf 85' lang='lat' dir='ltr'><strong>audire</strong></span> <span class='ocrx_word' id='word_1_462' title='bbox 3770 1090 3942 1175; x_wconf 89' lang='lat' dir='ltr'><strong>quod</strong></span> <span class='ocrx_word' id='word_1_463' title='bbox 3989 1090 4248 1157; x_wconf 88' lang='lat' dir='ltr'><strong>tristius</strong></span> <span class='ocrx_word' id='word_1_464' title='bbox 4290 1105 4420 1169; x_wconf 88' lang='lat' dir='ltr'><strong>est,</strong></span> <span class='ocrx_word' id='word_1_465' title='bbox 4482 1091 4562 1157; x_wconf 90' lang='lat' dir='ltr'><strong>de</strong></span> 
     </span>
     <span class='ocr_line' id='line_1_65' title="bbox 2612 1175 4558 1261; baseline 0.002 -21"><span class='ocrx_word' id='word_1_466' title='bbox 2612 1175 2836 1261; x_wconf 89' lang='lat' dir='ltr'><strong>populi</strong></span> <span class='ocrx_word' id='word_1_467' title='bbox 2894 1178 2999 1242; x_wconf 91' lang='lat' dir='ltr'><strong>sui</strong></span> <span class='ocrx_word' id='word_1_468' title='bbox 3054 1177 3265 1242; x_wconf 88' lang='lat' dir='ltr'><strong>ruina.</strong></span> <span class='ocrx_word' id='word_1_469' title='bbox 3355 1176 3539 1244; x_wconf 87' lang='lat' dir='ltr'><strong>Haec</strong></span> <span class='ocrx_word' id='word_1_470' title='bbox 3583 1187 3683 1242; x_wconf 89' lang='lat' dir='ltr'><strong>est</strong></span> <span class='ocrx_word' id='word_1_471' title='bbox 3725 1197 3953 1244; x_wconf 88' lang='lat' dir='ltr'><strong>eorum</strong></span> <span class='ocrx_word' id='word_1_472' title='bbox 3995 1196 4246 1244; x_wconf 88' lang='lat' dir='ltr'><strong>merces</strong></span> <span class='ocrx_word' id='word_1_473' title='bbox 4288 1178 4402 1261; x_wconf 90' lang='lat' dir='ltr'><strong>qui</strong></span> <span class='ocrx_word' id='word_1_474' title='bbox 4446 1177 4558 1243; x_wconf 91' lang='lat' dir='ltr'><strong>ad-</strong></span> 
     </span>
     <span class='ocr_line' id='line_1_66' title="bbox 2614 1258 4130 1329; baseline -0.001 -1"><span class='ocrx_word' id='word_1_475' title='bbox 2614 1282 2845 1328; x_wconf 89' lang='lat' dir='ltr'><strong>versus</strong></span> <span class='ocrx_word' id='word_1_476' title='bbox 2889 1262 3105 1328; x_wconf 92' lang='lat' dir='ltr'><strong>Deum</strong></span> <span class='ocrx_word' id='word_1_477' title='bbox 3151 1263 3502 1329; x_wconf 89' lang='lat' dir='ltr'><strong>luctantur.</strong></span> <span class='ocrx_word' id='word_1_478' title='bbox 4115 1258 4130 1271; x_wconf 83' lang='lat'><strong><em>‘</em></strong></span> 
     </span>
    </p>

    <p class='ocr_par' dir='ltr' id='par_1_12' title="bbox 2613 1345 4573 2889">
     <span class='ocr_line' id='line_1_67' title="bbox 2785 1345 4563 1431; baseline 0.002 -19"><span class='ocrx_word' id='word_1_479' title='bbox 2785 1346 2887 1413; x_wconf 85' lang='lat'><strong>15.</strong></span> <span class='ocrx_word' id='word_1_480' title='bbox 2952 1345 3147 1414; x_wconf 77' lang='lat' dir='ltr'><strong>Dixit</strong></span> <span class='ocrx_word' id='word_1_481' title='bbox 3188 1347 3470 1415; x_wconf 82' lang='lat' dir='ltr'><strong>Balaam</strong></span> <span class='ocrx_word' id='word_1_482' title='bbox 3518 1348 3700 1431; x_wconf 73' lang='lat' dir='ltr'><strong>filius</strong></span> <span class='ocrx_word' id='word_1_483' title='bbox 3736 1346 3924 1414; x_wconf 84' lang='lat' dir='ltr'><strong>Beor.</strong></span> <span class='ocrx_word' id='word_1_484' title='bbox 4013 1346 4188 1430; x_wconf 76' lang='lat' dir='ltr'><strong>Quia</strong></span> <span class='ocrx_word' id='word_1_485' title='bbox 4231 1348 4313 1413; x_wconf 90' lang='lat' dir='ltr'><strong>de</strong></span> <span class='ocrx_word' id='word_1_486' title='bbox 4365 1347 4563 1416; x_wconf 89' lang='lat' dir='ltr'><strong>rebus</strong></span> 
     </span>
     <span class='ocr_line' id='line_1_68' title="bbox 2614 1432 4564 1519; baseline 0.002 -22"><span class='ocrx_word' id='word_1_487' title='bbox 2614 1433 2920 1499; x_wconf 90' lang='lat' dir='ltr'><strong>maximis</strong></span> <span class='ocrx_word' id='word_1_488' title='bbox 2962 1432 3283 1500; x_wconf 87' lang='lat' dir='ltr'><strong>disserere</strong></span> <span class='ocrx_word' id='word_1_489' title='bbox 3316 1433 3645 1519; x_wconf 87' lang='lat' dir='ltr'><strong>cogitabat</strong></span> <span class='ocrx_word' id='word_1_490' title='bbox 3677 1455 3811 1500; x_wconf 90' lang='lat' dir='ltr'><strong>non</strong></span> <span class='ocrx_word' id='word_1_491' title='bbox 3848 1433 3962 1500; x_wconf 92' lang='lat' dir='ltr'><strong>abs</strong></span> <span class='ocrx_word' id='word_1_492' title='bbox 3997 1455 4068 1499; x_wconf 88' lang='lat' dir='ltr'><strong>re</strong></span> <span class='ocrx_word' id='word_1_493' title='bbox 4103 1434 4341 1500; x_wconf 90' lang='lat' dir='ltr'><strong>iterum</strong></span> <span class='ocrx_word' id='word_1_494' title='bbox 4377 1454 4564 1517; x_wconf 91' lang='lat' dir='ltr'><strong>prae-</strong></span> 
     </span>
     <span class='ocr_line' id='line_1_69' title="bbox 2614 1519 4562 1604; baseline 0.001 -19"><span class='ocrx_word' id='word_1_495' title='bbox 2614 1520 2788 1585; x_wconf 87' lang='lat' dir='ltr'><strong>fatur</strong></span> <span class='ocrx_word' id='word_1_496' title='bbox 2806 1571 2821 1599; x_wconf 89' lang='lat'><strong>,</strong></span> <span class='ocrx_word' id='word_1_497' title='bbox 2891 1541 3018 1603; x_wconf 91' lang='lat' dir='ltr'><strong>quo</strong></span> <span class='ocrx_word' id='word_1_498' title='bbox 3077 1520 3226 1604; x_wconf 90' lang='lat' dir='ltr'><strong>plus</strong></span> <span class='ocrx_word' id='word_1_499' title='bbox 3285 1520 3651 1586; x_wconf 86' lang='lat' dir='ltr'><strong>autoritatis</strong></span> <span class='ocrx_word' id='word_1_500' title='bbox 3704 1540 3821 1586; x_wconf 88' lang='lat' dir='ltr'><strong>suo</strong></span> <span class='ocrx_word' id='word_1_501' title='bbox 3876 1519 4183 1586; x_wconf 88' lang='lat' dir='ltr'><strong>vaticinio</strong></span> <span class='ocrx_word' id='word_1_502' title='bbox 4239 1521 4562 1587; x_wconf 90' lang='lat' dir='ltr'><strong>conciliet.</strong></span> 
     </span>
     <span class='ocr_line' id='line_1_70' title="bbox 2614 1605 4562 1691; baseline 0.001 -21"><span class='ocrx_word' id='word_1_503' title='bbox 2614 1605 2765 1670; x_wconf 86' lang='lat' dir='ltr'><strong>Etsi</strong></span> <span class='ocrx_word' id='word_1_504' title='bbox 2823 1616 3043 1670; x_wconf 91' lang='lat' dir='ltr'><strong>autem</strong></span> <span class='ocrx_word' id='word_1_505' title='bbox 3104 1627 3237 1671; x_wconf 92' lang='lat' dir='ltr'><strong>non</strong></span> <span class='ocrx_word' id='word_1_506' title='bbox 3283 1606 3425 1671; x_wconf 89' lang='lat' dir='ltr'><strong>sine</strong></span> <span class='ocrx_word' id='word_1_507' title='bbox 3480 1606 3832 1672; x_wconf 89' lang='lat' dir='ltr'><strong>ambitione</strong></span> <span class='ocrx_word' id='word_1_508' title='bbox 3876 1605 4128 1671; x_wconf 86' lang='lat' dir='ltr'><strong>efflavit</strong></span> <span class='ocrx_word' id='word_1_509' title='bbox 4171 1605 4334 1673; x_wconf 89' lang='lat' dir='ltr'><strong>haec</strong></span> <span class='ocrx_word' id='word_1_510' title='bbox 4378 1628 4562 1691; x_wconf 87' lang='lat' dir='ltr'><strong>mag-</strong></span> 
     </span>
     <span class='ocr_line' id='line_1_71' title="bbox 2615 1689 4564 1775; baseline 0.002 -20"><span class='ocrx_word' id='word_1_511' title='bbox 2615 1691 2809 1757; x_wconf 89' lang='lat' dir='ltr'><strong>nifica</strong></span> <span class='ocrx_word' id='word_1_512' title='bbox 2851 1690 3079 1775; x_wconf 87' lang='lat' dir='ltr'><strong>elogia,</strong></span> <span class='ocrx_word' id='word_1_513' title='bbox 3123 1689 3392 1757; x_wconf 90' lang='lat' dir='ltr'><strong>dubium</strong></span> <span class='ocrx_word' id='word_1_514' title='bbox 3437 1700 3659 1757; x_wconf 88' lang='lat' dir='ltr'><strong>tamen</strong></span> <span class='ocrx_word' id='word_1_515' title='bbox 3706 1711 3841 1757; x_wconf 92' lang='lat' dir='ltr'><strong>non</strong></span> <span class='ocrx_word' id='word_1_516' title='bbox 3886 1702 3985 1757; x_wconf 88' lang='lat' dir='ltr'><strong>est</strong></span> <span class='ocrx_word' id='word_1_517' title='bbox 4028 1692 4185 1774; x_wconf 90' lang='lat' dir='ltr'><strong>quin</strong></span> <span class='ocrx_word' id='word_1_518' title='bbox 4230 1691 4365 1758; x_wconf 90' lang='lat' dir='ltr'><strong>illis</strong></span> <span class='ocrx_word' id='word_1_519' title='bbox 4409 1715 4564 1759; x_wconf 89' lang='lat' dir='ltr'><strong>san·</strong></span> 
     </span>
     <span class='ocr_line' id='line_1_72' title="bbox 2615 1776 4565 1863; baseline 0.002 -22"><span class='ocrx_word' id='word_1_520' title='bbox 2615 1776 2749 1842; x_wconf 88' lang='lat' dir='ltr'><strong>cire</strong></span> <span class='ocrx_word' id='word_1_521' title='bbox 2793 1776 2976 1841; x_wconf 90' lang='lat' dir='ltr'><strong>Deus</strong></span> <span class='ocrx_word' id='word_1_522' title='bbox 3023 1776 3299 1842; x_wconf 88' lang='lat' dir='ltr'><strong>voluerit</strong></span> <span class='ocrx_word' id='word_1_523' title='bbox 3341 1776 3512 1861; x_wconf 90' lang='lat' dir='ltr'><strong>quod</strong></span> <span class='ocrx_word' id='word_1_524' title='bbox 3573 1799 3690 1863; x_wconf 94' lang='lat' dir='ltr'><strong>per</strong></span> <span class='ocrx_word' id='word_1_525' title='bbox 3744 1799 3817 1844; x_wconf 91' lang='lat' dir='ltr'><strong>os</strong></span> <span class='ocrx_word' id='word_1_526' title='bbox 3864 1776 4221 1861; x_wconf 85' lang='lat' dir='ltr'><strong>prophetae</strong></span> <span class='ocrx_word' id='word_1_527' title='bbox 4264 1778 4565 1862; x_wconf 84' lang='lat' dir='ltr'><strong>proferre</strong></span> 
     </span>
     <span class='ocr_line' id='line_1_73' title="bbox 2614 1860 4567 1949; baseline 0.002 -23"><span class='ocrx_word' id='word_1_528' title='bbox 2614 1870 2951 1927; x_wconf 88' lang='lat' dir='ltr'><strong>statuerat.</strong></span> <span class='ocrx_word' id='word_1_529' title='bbox 3042 1861 3354 1947; x_wconf 90' lang='lat' dir='ltr'><strong>Oportuit</strong></span> <span class='ocrx_word' id='word_1_530' title='bbox 3419 1864 3750 1928; x_wconf 85' lang='lat' dir='ltr'><strong>hominem</strong></span> <span class='ocrx_word' id='word_1_531' title='bbox 3812 1863 4003 1928; x_wconf 90' lang='lat' dir='ltr'><strong>nihili</strong></span> <span class='ocrx_word' id='word_1_532' title='bbox 4046 1860 4261 1948; x_wconf 89' lang='lat' dir='ltr'><strong>(cuius</strong></span> <span class='ocrx_word' id='word_1_533' title='bbox 4319 1865 4567 1949; x_wconf 89' lang='lat' dir='ltr'><strong>alioqui</strong></span> 
     </span>
     <span class='ocr_line' id='line_1_74' title="bbox 2613 1947 4565 2036; baseline 0 -21"><span class='ocrx_word' id='word_1_534' title='bbox 2613 1947 3119 2032; x_wconf 85' lang='lat' dir='ltr'><strong>contemptibilis</strong></span> <span class='ocrx_word' id='word_1_535' title='bbox 3199 1958 3370 2014; x_wconf 87' lang='lat' dir='ltr'><strong>esset</strong></span> <span class='ocrx_word' id='word_1_536' title='bbox 3452 1947 3774 2036; x_wconf 88' lang='lat' dir='ltr'><strong>doctrina)</strong></span> <span class='ocrx_word' id='word_1_537' title='bbox 3843 1948 4161 2015; x_wconf 88' lang='lat' dir='ltr'><strong>divinitus</strong></span> <span class='ocrx_word' id='word_1_538' title='bbox 4226 1951 4565 2035; x_wconf 84' lang='lat' dir='ltr'><strong>insigniri:</strong></span> 
     </span>
     <span class='ocr_line' id='line_1_75' title="bbox 2614 2033 4568 2118; baseline 0.003 -20"><span class='ocrx_word' id='word_1_539' title='bbox 2614 2054 2742 2116; x_wconf 90' lang='lat' dir='ltr'><strong>quo</strong></span> <span class='ocrx_word' id='word_1_540' title='bbox 2800 2036 2874 2099; x_wconf 89' lang='lat' dir='ltr'><strong>fit</strong></span> <span class='ocrx_word' id='word_1_541' title='bbox 2927 2043 3005 2098; x_wconf 91' lang='lat' dir='ltr'><strong>ut</strong></span> <span class='ocrx_word' id='word_1_542' title='bbox 3048 2034 3328 2101; x_wconf 88' lang='lat' dir='ltr'><strong>alienam</strong></span> <span class='ocrx_word' id='word_1_543' title='bbox 3373 2055 3719 2118; x_wconf 88' lang='lat' dir='ltr'><strong>personam</strong></span> <span class='ocrx_word' id='word_1_544' title='bbox 3762 2033 4027 2113; x_wconf 88' lang='lat' dir='ltr'><strong>induat,</strong></span> <span class='ocrx_word' id='word_1_545' title='bbox 4085 2035 4157 2099; x_wconf 90' lang='lat' dir='ltr'><strong>in</strong></span> <span class='ocrx_word' id='word_1_546' title='bbox 4214 2057 4284 2101; x_wconf 88' lang='lat' dir='ltr'><strong>se</strong></span> <span class='ocrx_word' id='word_1_547' title='bbox 4342 2045 4568 2103; x_wconf 89' lang='lat' dir='ltr'><strong>trans·</strong></span> 
     </span>
     <span class='ocr_line' id='line_1_76' title="bbox 2613 2120 4569 2207; baseline 0.004 -25"><span class='ocrx_word' id='word_1_548' title='bbox 2613 2120 2830 2186; x_wconf 81' lang='lat' dir='ltr'><strong>ferens</strong></span> <span class='ocrx_word' id='word_1_549' title='bbox 2865 2141 3030 2203; x_wconf 88' lang='lat' dir='ltr'><strong>quae</strong></span> <span class='ocrx_word' id='word_1_550' title='bbox 3065 2120 3379 2186; x_wconf 90' lang='lat' dir='ltr'><strong>eveniunt</strong></span> <span class='ocrx_word' id='word_1_551' title='bbox 3417 2120 3588 2187; x_wconf 89' lang='lat' dir='ltr'><strong>veris</strong></span> <span class='ocrx_word' id='word_1_552' title='bbox 3631 2120 3983 2204; x_wconf 88' lang='lat' dir='ltr'><strong>prophetis.</strong></span> <span class='ocrx_word' id='word_1_553' title='bbox 4051 2120 4247 2188; x_wconf 88' lang='lat' dir='ltr'><strong>Prius</strong></span> <span class='ocrx_word' id='word_1_554' title='bbox 4290 2124 4569 2207; x_wconf 85' lang='lat' dir='ltr'><strong>exposui</strong></span> 
     </span>
     <span class='ocr_line' id='line_1_77' title="bbox 2615 2205 4571 2290; baseline 0.002 -18"><span class='ocrx_word' id='word_1_555' title='bbox 2615 2205 2911 2272; x_wconf 88' lang='lat' dir='ltr'><strong>clausum</strong></span> <span class='ocrx_word' id='word_1_556' title='bbox 2989 2205 3252 2271; x_wconf 89' lang='lat' dir='ltr'><strong>oculum</strong></span> <span class='ocrx_word' id='word_1_557' title='bbox 3327 2215 3393 2270; x_wconf 92' lang='lat' dir='ltr'><strong>et</strong></span> <span class='ocrx_word' id='word_1_558' title='bbox 3462 2216 3760 2290; x_wconf 89' lang='lat' dir='ltr'><strong>apertum</strong></span> <span class='ocrx_word' id='word_1_559' title='bbox 3841 2208 3910 2272; x_wconf 91' lang='lat' dir='ltr'><strong>in</strong></span> <span class='ocrx_word' id='word_1_560' title='bbox 3997 2206 4277 2274; x_wconf 89' lang='lat' dir='ltr'><strong>eundem</strong></span> <span class='ocrx_word' id='word_1_561' title='bbox 4363 2209 4571 2275; x_wconf 89' lang='lat' dir='ltr'><strong>finem</strong></span> 
     </span>
     <span class='ocr_line' id='line_1_78' title="bbox 2616 2290 4569 2375; baseline 0.002 -19"><span class='ocrx_word' id='word_1_562' title='bbox 2616 2292 2801 2374; x_wconf 89' lang='lat' dir='ltr'><strong>poni,</strong></span> <span class='ocrx_word' id='word_1_563' title='bbox 2859 2291 3161 2375; x_wconf 87' lang='lat' dir='ltr'><strong>quamvis</strong></span> <span class='ocrx_word' id='word_1_564' title='bbox 3214 2290 3473 2358; x_wconf 87' lang='lat' dir='ltr'><strong>diversa</strong></span> <span class='ocrx_word' id='word_1_565' title='bbox 3529 2292 3804 2358; x_wconf 88' lang='lat' dir='ltr'><strong>ratione.</strong></span> <span class='ocrx_word' id='word_1_566' title='bbox 3895 2292 4328 2359; x_wconf 82' lang='lat' dir='ltr'><strong>Reconditum</strong></span> <span class='ocrx_word' id='word_1_567' title='bbox 4388 2296 4569 2360; x_wconf 91' lang='lat' dir='ltr'><strong>enim</strong></span> 
     </span>
     <span class='ocr_line' id='line_1_79' title="bbox 2618 2376 4569 2464; baseline 0.003 -23"><span class='ocrx_word' id='word_1_568' title='bbox 2618 2376 2878 2441; x_wconf 90' lang='lat' dir='ltr'><strong>oculum</strong></span> <span class='ocrx_word' id='word_1_569' title='bbox 2956 2387 3173 2458; x_wconf 87' lang='lat' dir='ltr'><strong>vocat,</strong></span> <span class='ocrx_word' id='word_1_570' title='bbox 3254 2378 3367 2461; x_wconf 90' lang='lat' dir='ltr'><strong>qui</strong></span> <span class='ocrx_word' id='word_1_571' title='bbox 3433 2390 3659 2444; x_wconf 88' lang='lat' dir='ltr'><strong>cernat</strong></span> <span class='ocrx_word' id='word_1_572' title='bbox 3724 2399 3829 2445; x_wconf 87' lang='lat' dir='ltr'><strong>res</strong></span> <span class='ocrx_word' id='word_1_573' title='bbox 3892 2378 4179 2446; x_wconf 87' lang='lat' dir='ltr'><strong>occultas</strong></span> <span class='ocrx_word' id='word_1_574' title='bbox 4245 2381 4431 2464; x_wconf 89' lang='lat' dir='ltr'><strong>quasi</strong></span> <span class='ocrx_word' id='word_1_575' title='bbox 4501 2382 4569 2447; x_wconf 89' lang='lat' dir='ltr'><strong>in</strong></span> 
     </span>
     <span class='ocr_line' id='line_1_80' title="bbox 2618 2461 4567 2548; baseline 0.005 -22"><span class='ocrx_word' id='word_1_576' title='bbox 2618 2461 2935 2540; x_wconf 89' lang='lat' dir='ltr'><strong>tenebris,</strong></span> <span class='ocrx_word' id='word_1_577' title='bbox 3024 2471 3092 2528; x_wconf 93' lang='lat' dir='ltr'><strong>et</strong></span> <span class='ocrx_word' id='word_1_578' title='bbox 3180 2484 3376 2529; x_wconf 90' lang='lat' dir='ltr'><strong>sensu</strong></span> <span class='ocrx_word' id='word_1_579' title='bbox 3475 2464 3763 2530; x_wconf 88' lang='lat' dir='ltr'><strong>humano</strong></span> <span class='ocrx_word' id='word_1_580' title='bbox 3853 2464 4567 2548; x_wconf 86' lang='lat' dir='ltr'><strong>incomprehensibiles,</strong></span> 
     </span>
     <span class='ocr_line' id='line_1_81' title="bbox 2619 2548 4572 2638; baseline 0.004 -25"><span class='ocrx_word' id='word_1_581' title='bbox 2619 2555 2881 2632; x_wconf 88' lang='lat' dir='ltr'><strong>apertos</strong></span> <span class='ocrx_word' id='word_1_582' title='bbox 2956 2560 3177 2613; x_wconf 90' lang='lat' dir='ltr'><strong>autem</strong></span> <span class='ocrx_word' id='word_1_583' title='bbox 3255 2548 3471 2615; x_wconf 90' lang='lat' dir='ltr'><strong>oculos</strong></span> <span class='ocrx_word' id='word_1_584' title='bbox 3549 2551 3672 2616; x_wconf 90' lang='lat' dir='ltr'><strong>sibi</strong></span> <span class='ocrx_word' id='word_1_585' title='bbox 3756 2549 4096 2629; x_wconf 83' lang='lat' dir='ltr'><strong>vendicat,</strong></span> <span class='ocrx_word' id='word_1_586' title='bbox 4185 2553 4340 2634; x_wconf 89' lang='lat' dir='ltr'><strong>quia</strong></span> <span class='ocrx_word' id='word_1_587' title='bbox 4414 2575 4572 2638; x_wconf 88' lang='lat' dir='ltr'><strong>pro-</strong></span> 
     </span>
     <span class='ocr_line' id='line_1_82' title="bbox 2621 2633 4572 2720; baseline 0.003 -22"><span class='ocrx_word' id='word_1_588' title='bbox 2621 2633 2880 2718; x_wconf 90' lang='lat' dir='ltr'><strong>phetica</strong></span> <span class='ocrx_word' id='word_1_589' title='bbox 2922 2635 3174 2700; x_wconf 83' lang='lat' dir='ltr'><strong>visione</strong></span> <span class='ocrx_word' id='word_1_590' title='bbox 3228 2635 3600 2718; x_wconf 89' lang='lat' dir='ltr'><strong>speculetur</strong></span> <span class='ocrx_word' id='word_1_591' title='bbox 3646 2655 3814 2720; x_wconf 90' lang='lat' dir='ltr'><strong>quae</strong></span> <span class='ocrx_word' id='word_1_592' title='bbox 3856 2635 4149 2703; x_wconf 89' lang='lat' dir='ltr'><strong>dicturus</strong></span> <span class='ocrx_word' id='word_1_593' title='bbox 4199 2645 4337 2704; x_wconf 87' lang='lat' dir='ltr'><strong>est:</strong></span> <span class='ocrx_word' id='word_1_594' title='bbox 4394 2660 4471 2706; x_wconf 87' lang='lat' dir='ltr'><strong>ac</strong></span> <span class='ocrx_word' id='word_1_595' title='bbox 4516 2639 4572 2706; x_wconf 90' lang='lat' dir='ltr'><strong>si</strong></span> 
     </span>
     <span class='ocr_line' id='line_1_83' title="bbox 2620 2718 4573 2804; baseline 0.003 -20"><span class='ocrx_word' id='word_1_596' title='bbox 2620 2727 2893 2804; x_wconf 87' lang='lat' dir='ltr'><strong>negaret</strong></span> <span class='ocrx_word' id='word_1_597' title='bbox 2955 2718 3159 2786; x_wconf 89' lang='lat' dir='ltr'><strong>verba</strong></span> <span class='ocrx_word' id='word_1_598' title='bbox 3223 2740 3293 2786; x_wconf 88' lang='lat' dir='ltr'><strong>se</strong></span> <span class='ocrx_word' id='word_1_599' title='bbox 3359 2720 3687 2788; x_wconf 88' lang='lat' dir='ltr'><strong>facturum</strong></span> <span class='ocrx_word' id='word_1_600' title='bbox 3758 2720 3838 2787; x_wconf 90' lang='lat' dir='ltr'><strong>de</strong></span> <span class='ocrx_word' id='word_1_601' title='bbox 3901 2722 4096 2789; x_wconf 90' lang='lat' dir='ltr'><strong>rebus</strong></span> <span class='ocrx_word' id='word_1_602' title='bbox 4153 2723 4448 2793; x_wconf 87' lang='lat' dir='ltr'><strong>obscuris</strong></span> <span class='ocrx_word' id='word_1_603' title='bbox 4505 2734 4573 2792; x_wconf 91' lang='lat' dir='ltr'><strong>et</strong></span> 
     </span>
     <span class='ocr_line' id='line_1_84' title="bbox 2619 2805 3260 2889; baseline 0 -17"><span class='ocrx_word' id='word_1_604' title='bbox 2619 2826 2849 2889; x_wconf 87' lang='lat' dir='ltr'><strong>parum</strong></span> <span class='ocrx_word' id='word_1_605' title='bbox 2893 2805 3260 2889; x_wconf 88' lang='lat' dir='ltr'><strong>compertis.</strong></span> 
     </span>
    </p>
   </div>
   <div class='ocr_carea' id='block_1_8' title="bbox 3146 3151 4044 3221">
    <p class='ocr_par' dir='ltr' id='par_1_13' title="bbox 3146 3151 4044 3221">
     <span class='ocr_line' id='line_1_85' title="bbox 3146 3151 4044 3221; baseline 0 -3"><span class='ocrx_word' id='word_1_606' title='bbox 3146 3152 3277 3218; x_wconf 85' lang='lat' dir='ltr'><strong>EX</strong></span> <span class='ocrx_word' id='word_1_607' title='bbox 3320 3151 3645 3221; x_wconf 80' lang='lat' dir='ltr'><strong>EODEM</strong></span> <span class='ocrx_word' id='word_1_608' title='bbox 3689 3151 4044 3221; x_wconf 74' lang='lat' dir='ltr'><strong>CAPITE.</strong></span> 
     </span>
    </p>
   </div>
   <div class='ocr_carea' id='block_1_9' title="bbox 2610 3321 4579 4951">
    <p class='ocr_par' dir='ltr' id='par_1_14' title="bbox 2610 3321 4579 4951">
     <span class='ocr_line' id='line_1_86' title="bbox 2793 3321 4572 3391; baseline 0.003 -5"><span class='ocrx_word' id='word_1_609' title='bbox 2793 3321 2891 3387; x_wconf 80' lang='lat'><strong>17.</strong></span> <span class='ocrx_word' id='word_1_610' title='bbox 2974 3321 3165 3389; x_wconf 80' lang='lat' dir='ltr'><strong>Video</strong></span> <span class='ocrx_word' id='word_1_611' title='bbox 3220 3344 3399 3390; x_wconf 79' lang='lat' dir='ltr'><strong>eum.-</strong></span> <span class='ocrx_word' id='word_1_612' title='bbox 3454 3324 3567 3391; x_wconf 77' lang='lat' dir='ltr'><strong>sed</strong></span> <span class='ocrx_word' id='word_1_613' title='bbox 3620 3345 3744 3391; x_wconf 78' lang='lat' dir='ltr'><strong>non</strong></span> <span class='ocrx_word' id='word_1_614' title='bbox 3795 3324 4004 3390; x_wconf 81' lang='lat' dir='ltr'><strong>modo.-</strong></span> <span class='ocrx_word' id='word_1_615' title='bbox 4067 3324 4313 3391; x_wconf 78' lang='lat' dir='ltr'><strong>intueor</strong></span> <span class='ocrx_word' id='word_1_616' title='bbox 4353 3324 4572 3391; x_wconf 76' lang='lat' dir='ltr'><strong>illum.-</strong></span> 
     </span>
     <span class='ocr_line' id='line_1_87' title="bbox 2616 3407 4578 3497; baseline 0.001 -22"><span class='ocrx_word' id='word_1_617' title='bbox 2616 3407 2727 3475; x_wconf 77' lang='lat' dir='ltr'><strong>sed</strong></span> <span class='ocrx_word' id='word_1_618' title='bbox 2781 3428 2902 3473; x_wconf 76' lang='lat' dir='ltr'><strong>nem</strong></span> <span class='ocrx_word' id='word_1_619' title='bbox 2960 3429 3190 3491; x_wconf 78' lang='lat' dir='ltr'><strong>prope.-</strong></span> <span class='ocrx_word' id='word_1_620' title='bbox 3240 3408 3532 3492; x_wconf 74' lang='lat' dir='ltr'><strong>procedet</strong></span> <span class='ocrx_word' id='word_1_621' title='bbox 3591 3410 3773 3477; x_wconf 78' lang='lat' dir='ltr'><strong>stella</strong></span> <span class='ocrx_word' id='word_1_622' title='bbox 3823 3430 3901 3475; x_wconf 76' lang='lat' dir='ltr'><strong>ex</strong></span> <span class='ocrx_word' id='word_1_623' title='bbox 3963 3408 4182 3490; x_wconf 81' lang='lat' dir='ltr'><strong>Iacob,</strong></span> <span class='ocrx_word' id='word_1_624' title='bbox 4244 3413 4302 3477; x_wconf 82' lang='lat' dir='ltr'><strong>et</strong></span> <span class='ocrx_word' id='word_1_625' title='bbox 4364 3416 4578 3497; x_wconf 69' lang='lat' dir='ltr'><strong>suo-yet</strong></span> 
     </span>
     <span class='ocr_line' id='line_1_88' title="bbox 2617 3493 4577 3666; baseline 0.002 -21"><span class='ocrx_word' id='word_1_626' title='bbox 2617 3498 2925 3646; x_wconf 50' lang='lat' dir='ltr'><strong>343th</strong></span> <span class='ocrx_word' id='word_1_627' title='bbox 2944 3493 3377 3662; x_wconf 46' lang='grc' dir='ltr'><strong>οῗιηέἕναᾶἒῖὲ</strong></span> <span class='ocrx_word' id='word_1_628' title='bbox 3403 3497 3794 3648; x_wconf 40' lang='lat' dir='ltr'><strong>ww?</strong></span> <span class='ocrx_word' id='word_1_629' title='bbox 3823 3496 4152 3648; x_wconf 55' lang='grc' dir='ltr'><strong>ἯἭ</strong></span> <span class='ocrx_word' id='word_1_630' title='bbox 4173 3500 4196 3537; x_wconf 80' lang='lat'><strong>¹</strong></span> <span class='ocrx_word' id='word_1_631' title='bbox 4260 3495 4577 3666; x_wconf 57' lang='grc' dir='ltr'><strong>Μοώῥοῖ</strong></span> 
     </span>
     <span class='ocr_line' id='line_1_89' title="bbox 2619 3665 4577 3749; baseline 0.003 -19"><span class='ocrx_word' id='word_1_632' title='bbox 2619 3684 2798 3732; x_wconf 76' lang='lat' dir='ltr'><strong>sessa</strong></span> <span class='ocrx_word' id='word_1_633' title='bbox 2839 3671 2898 3731; x_wconf 83' lang='lat' dir='ltr'><strong>et</strong></span> <span class='ocrx_word' id='word_1_634' title='bbox 2924 3665 3351 3747; x_wconf 66' lang='lat' dir='ltr'><strong>possidebitur</strong></span> <span class='ocrx_word' id='word_1_635' title='bbox 3396 3666 3541 3733; x_wconf 68' lang='lat' dir='ltr'><strong>Seio·</strong></span> <span class='ocrx_word' id='word_1_636' title='bbox 3582 3666 3660 3733; x_wconf 89' lang='lat' dir='ltr'><strong>ab</strong></span> <span class='ocrx_word' id='word_1_637' title='bbox 3702 3668 3984 3733; x_wconf 81' lang='lat' dir='ltr'><strong>inimicis</strong></span> <span class='ocrx_word' id='word_1_638' title='bbox 4028 3666 4199 3749; x_wconf 66' lang='grc' dir='ltr'><strong><em>δεῖν,</em></strong></span> <span class='ocrx_word' id='word_1_639' title='bbox 4249 3673 4306 3733; x_wconf 82' lang='lat' dir='ltr'><strong>et</strong></span> <span class='ocrx_word' id='word_1_640' title='bbox 4359 3667 4577 3736; x_wconf 74' lang='lat' dir='ltr'><strong>Israel</strong></span> 
     </span>
     <span class='ocr_line' id='line_1_90' title="bbox 2614 3750 4579 3837; baseline 0.001 -18"><span class='ocrx_word' id='word_1_641' title='bbox 2614 3750 2773 3834; x_wconf 76' lang='lat' dir='ltr'><strong>facit</strong></span> <span class='ocrx_word' id='word_1_642' title='bbox 2813 3752 3116 3817; x_wconf 76' lang='lat' dir='ltr'><strong>virtutem.</strong></span> <span class='ocrx_word' id='word_1_643' title='bbox 3184 3751 3286 3818; x_wconf 88' lang='grc'><strong>19.</strong></span> <span class='ocrx_word' id='word_1_644' title='bbox 3326 3751 3415 3818; x_wconf 85' lang='lat' dir='ltr'><strong>Et</strong></span> <span class='ocrx_word' id='word_1_645' title='bbox 3453 3754 3873 3823; x_wconf 79' lang='lat' dir='ltr'><strong>dominabitur</strong></span> <span class='ocrx_word' id='word_1_646' title='bbox 3913 3773 3991 3819; x_wconf 81' lang='lat' dir='ltr'><strong>ex</strong></span> <span class='ocrx_word' id='word_1_647' title='bbox 4024 3753 4228 3835; x_wconf 77' lang='lat' dir='ltr'><strong>Iacob,</strong></span> <span class='ocrx_word' id='word_1_648' title='bbox 4274 3759 4332 3820; x_wconf 83' lang='lat' dir='ltr'><strong>et</strong></span> <span class='ocrx_word' id='word_1_649' title='bbox 4351 3755 4579 3837; x_wconf 76' lang='lat' dir='ltr'><strong>perdet</strong></span> 
     </span>
     <span class='ocr_line' id='line_1_91' title="bbox 2615 3836 4571 3922; baseline 0.002 -20"><span class='ocrx_word' id='word_1_650' title='bbox 2615 3836 2922 3919; x_wconf 76' lang='lat' dir='ltr'><strong>reliquias</strong></span> <span class='ocrx_word' id='word_1_651' title='bbox 2977 3858 3053 3903; x_wconf 77' lang='lat' dir='ltr'><strong>ex</strong></span> <span class='ocrx_word' id='word_1_652' title='bbox 3102 3838 3364 3905; x_wconf 78' lang='lat' dir='ltr'><strong>civitate.</strong></span> <span class='ocrx_word' id='word_1_653' title='bbox 3451 3839 3555 3905; x_wconf 92' lang='grc'><strong>20.</strong></span> <span class='ocrx_word' id='word_1_654' title='bbox 3601 3838 3692 3904; x_wconf 86' lang='lat' dir='ltr'><strong>Et</strong></span> <span class='ocrx_word' id='word_1_655' title='bbox 3732 3859 3926 3922; x_wconf 75' lang='lat' dir='ltr'><strong>quam</strong></span> <span class='ocrx_word' id='word_1_656' title='bbox 3980 3841 4244 3906; x_wconf 75' lang='lat' dir='ltr'><strong>vidisset</strong></span> <span class='ocrx_word' id='word_1_657' title='bbox 4289 3840 4571 3921; x_wconf 76' lang='lat' dir='ltr'><strong>Amalec,</strong></span> 
     </span>
     <span class='ocr_line' id='line_1_92' title="bbox 2619 3922 4577 4008; baseline 0.001 -19"><span class='ocrx_word' id='word_1_658' title='bbox 2619 3924 2966 4005; x_wconf 77' lang='lat' dir='ltr'><strong>assumpsit</strong></span> <span class='ocrx_word' id='word_1_659' title='bbox 3026 3922 3407 4005; x_wconf 75' lang='lat' dir='ltr'><strong>parabolam</strong></span> <span class='ocrx_word' id='word_1_660' title='bbox 3483 3944 3696 4004; x_wconf 80' lang='lat' dir='ltr'><strong>suam,</strong></span> <span class='ocrx_word' id='word_1_661' title='bbox 3775 3929 3833 3990; x_wconf 82' lang='lat' dir='ltr'><strong>et</strong></span> <span class='ocrx_word' id='word_1_662' title='bbox 3893 3924 4080 3992; x_wconf 74' lang='lat' dir='ltr'><strong>dioeit:</strong></span> <span class='ocrx_word' id='word_1_663' title='bbox 4167 3925 4577 4008; x_wconf 69' lang='lat' dir='ltr'><strong>fflncipium</strong></span> 
     </span>
     <span class='ocr_line' id='line_1_93' title="bbox 2615 4008 4578 4095; baseline 0.003 -21"><span class='ocrx_word' id='word_1_664' title='bbox 2615 4009 2890 4093; x_wconf 73' lang='lat' dir='ltr'><strong>yentium</strong></span> <span class='ocrx_word' id='word_1_665' title='bbox 2959 4008 3221 4075; x_wconf 80' lang='lat' dir='ltr'><strong>Amalec</strong></span> <span class='ocrx_word' id='word_1_666' title='bbox 3235 4061 3252 4088; x_wconf 92' lang='lat'><strong>,</strong></span> <span class='ocrx_word' id='word_1_667' title='bbox 3333 4011 3469 4076; x_wconf 81' lang='lat' dir='ltr'><strong>ideo</strong></span> <span class='ocrx_word' id='word_1_668' title='bbox 3545 4009 3957 4076; x_wconf 80' lang='lat' dir='ltr'><strong>novissimum</strong></span> <span class='ocrx_word' id='word_1_669' title='bbox 4021 4012 4161 4078; x_wconf 77' lang='lat' dir='ltr'><strong>eius</strong></span> <span class='ocrx_word' id='word_1_670' title='bbox 4225 4032 4423 4095; x_wconf 76' lang='lat' dir='ltr'><strong>usque</strong></span> <span class='ocrx_word' id='word_1_671' title='bbox 4488 4013 4578 4080; x_wconf 91' lang='lat' dir='ltr'><strong>ad</strong></span> 
     </span>
     <span class='ocr_line' id='line_1_94' title="bbox 2610 4094 4578 4181; baseline 0.002 -21"><span class='ocrx_word' id='word_1_672' title='bbox 2610 4094 3045 4176; x_wconf 77' lang='lat' dir='ltr'><strong>perditionem.</strong></span> <span class='ocrx_word' id='word_1_673' title='bbox 3135 4094 3238 4160; x_wconf 88' lang='grc'><strong>21.</strong></span> <span class='ocrx_word' id='word_1_674' title='bbox 3312 4095 3462 4162; x_wconf 79' lang='lat' dir='ltr'><strong>Viso</strong></span> <span class='ocrx_word' id='word_1_675' title='bbox 3500 4098 3688 4163; x_wconf 79' lang='lat' dir='ltr'><strong>etiam</strong></span> <span class='ocrx_word' id='word_1_676' title='bbox 3752 4095 4018 4175; x_wconf 78' lang='lat' dir='ltr'><strong>Genan,</strong></span> <span class='ocrx_word' id='word_1_677' title='bbox 4075 4099 4421 4180; x_wconf 71' lang='lat' dir='ltr'><strong>assmpsit</strong></span> <span class='ocrx_word' id='word_1_678' title='bbox 4451 4120 4578 4181; x_wconf 77' lang='lat' dir='ltr'><strong>pa-</strong></span> 
     </span>
     <span class='ocr_line' id='line_1_95' title="bbox 2619 4179 4575 4264; baseline 0.004 -21"><span class='ocrx_word' id='word_1_679' title='bbox 2619 4179 2902 4246; x_wconf 82' lang='lat' dir='ltr'><strong>rabolam</strong></span> <span class='ocrx_word' id='word_1_680' title='bbox 2942 4201 3143 4259; x_wconf 79' lang='lat' dir='ltr'><strong>suam,</strong></span> <span class='ocrx_word' id='word_1_681' title='bbox 3189 4187 3245 4248; x_wconf 87' lang='lat' dir='ltr'><strong>et</strong></span> <span class='ocrx_word' id='word_1_682' title='bbox 3285 4182 3481 4248; x_wconf 74' lang='lat' dir='ltr'><strong>dixit.-</strong></span> <span class='ocrx_word' id='word_1_683' title='bbox 3525 4181 3873 4249; x_wconf 75' lang='lat' dir='ltr'><strong>Robustum</strong></span> <span class='ocrx_word' id='word_1_684' title='bbox 3914 4182 4336 4249; x_wconf 77' lang='lat' dir='ltr'><strong>habitaculum</strong></span> <span class='ocrx_word' id='word_1_685' title='bbox 4376 4189 4575 4264; x_wconf 73' lang='lat' dir='ltr'><strong>taum,</strong></span> 
     </span>
     <span class='ocr_line' id='line_1_96' title="bbox 2621 4266 4578 4423; baseline 0.004 -7"><span class='ocrx_word' id='word_1_686' title='bbox 2621 4266 3823 4421; x_wconf 46' lang='grc' dir='ltr'><strong>θὸαέῗῗξῖψαᾼέῗέωῶᾝΐᾱω</strong></span> <span class='ocrx_word' id='word_1_687' title='bbox 3849 4268 3956 4420; x_wconf 63' lang='grc' dir='ltr'><strong>ἶῖ·</strong></span> <span class='ocrx_word' id='word_1_688' title='bbox 3993 4267 4197 4420; x_wconf 50' lang='lat' dir='ltr'><strong>affl</strong></span> <span class='ocrx_word' id='word_1_689' title='bbox 4238 4270 4578 4423; x_wconf 54' lang='grc' dir='ltr'><strong>ἝῙΞὝ</strong></span> 
     </span>
     <span class='ocr_line' id='line_1_97' title="bbox 2619 4373 4579 4538; baseline 0.003 -35"><span class='ocrx_word' id='word_1_690' title='bbox 2619 4404 2887 4523; x_wconf 52' lang='lat' dir='ltr'><strong>sumpssit</strong></span> <span class='ocrx_word' id='word_1_691' title='bbox 2949 4373 3555 4538; x_wconf 47' lang='lat' dir='ltr'><strong>giltemqussvafrabolam,</strong></span> <span class='ocrx_word' id='word_1_692' title='bbox 3571 4374 3678 4505; x_wconf 66' lang='lat' dir='ltr'><strong>Pet</strong></span> <span class='ocrx_word' id='word_1_693' title='bbox 3739 4441 3935 4507; x_wconf 69' lang='lat' dir='ltr'><strong>dixit.-</strong></span> <span class='ocrx_word' id='word_1_694' title='bbox 4012 4440 4143 4507; x_wconf 83' lang='lat' dir='ltr'><strong>Vae</strong></span> <span class='ocrx_word' id='word_1_695' title='bbox 4170 4405 4184 4420; x_wconf 44' lang='grc'><strong>.</strong></span> <span class='ocrx_word' id='word_1_696' title='bbox 4205 4407 4378 4524; x_wconf 33' lang='lat' dir='ltr'><strong>quis,</strong></span> <span class='ocrx_word' id='word_1_697' title='bbox 4413 4444 4579 4508; x_wconf 78' lang='lat' dir='ltr'><strong>vivet</strong></span> 
     </span>
     <span class='ocr_line' id='line_1_98' title="bbox 2621 4525 4579 4607; baseline 0.003 -18"><span class='ocrx_word' id='word_1_698' title='bbox 2621 4544 2817 4607; x_wconf 76' lang='lat' dir='ltr'><strong>quum</strong></span> <span class='ocrx_word' id='word_1_699' title='bbox 2879 4528 3169 4592; x_wconf 64' lang='lat' dir='ltr'><strong>statuerat</strong></span> <span class='ocrx_word' id='word_1_700' title='bbox 3227 4526 3446 4592; x_wconf 77' lang='lat' dir='ltr'><strong>istud?</strong></span> <span class='ocrx_word' id='word_1_701' title='bbox 3534 4525 3638 4592; x_wconf 83' lang='lat'><strong>24.</strong></span> <span class='ocrx_word' id='word_1_702' title='bbox 3704 4525 3795 4591; x_wconf 87' lang='lat' dir='ltr'><strong>Et</strong></span> <span class='ocrx_word' id='word_1_703' title='bbox 3854 4546 4044 4592; x_wconf 77' lang='lat' dir='ltr'><strong>naves</strong></span> <span class='ocrx_word' id='word_1_704' title='bbox 4106 4548 4140 4592; x_wconf 84' lang='lat' dir='ltr'><strong>e</strong></span> <span class='ocrx_word' id='word_1_705' title='bbox 4193 4526 4392 4593; x_wconf 63' lang='lat' dir='ltr'><strong>littore</strong></span> <span class='ocrx_word' id='word_1_706' title='bbox 4451 4527 4579 4595; x_wconf 77' lang='lat' dir='ltr'><strong>Git-</strong></span> 
     </span>
     <span class='ocr_line' id='line_1_99' title="bbox 2619 4609 4579 4701; baseline 0.004 -26"><span class='ocrx_word' id='word_1_707' title='bbox 2619 4609 2774 4676; x_wconf 58' lang='lat' dir='ltr'><strong>thim</strong></span> <span class='ocrx_word' id='word_1_708' title='bbox 2829 4631 2988 4691; x_wconf 77' lang='lat' dir='ltr'><strong>quae</strong></span> <span class='ocrx_word' id='word_1_709' title='bbox 3045 4610 3335 4696; x_wconf 74' lang='lat' dir='ltr'><strong>affliyant</strong></span> <span class='ocrx_word' id='word_1_710' title='bbox 3387 4611 3634 4701; x_wconf 77' lang='lat' dir='ltr'><strong>Assur,</strong></span> <span class='ocrx_word' id='word_1_711' title='bbox 3688 4612 3967 4696; x_wconf 61' lang='lat' dir='ltr'><strong>affligent</strong></span> <span class='ocrx_word' id='word_1_712' title='bbox 4021 4611 4250 4693; x_wconf 83' lang='lat' dir='ltr'><strong>Heber,</strong></span> <span class='ocrx_word' id='word_1_713' title='bbox 4305 4614 4415 4681; x_wconf 80' lang='lat' dir='ltr'><strong>sed</strong></span> <span class='ocrx_word' id='word_1_714' title='bbox 4465 4613 4579 4681; x_wconf 77' lang='lat' dir='ltr'><strong>hoc</strong></span> 
     </span>
     <span class='ocr_line' id='line_1_100' title="bbox 2622 4697 4578 4867; baseline 0.003 -20"><span class='ocrx_word' id='word_1_715' title='bbox 2622 4716 2905 4849; x_wconf 43' lang='lat' dir='ltr'><strong>{iffi</strong></span> <span class='ocrx_word' id='word_1_716' title='bbox 2917 4716 3113 4847; x_wconf 47' lang='grc' dir='ltr'><strong>ΜΨ</strong></span> <span class='ocrx_word' id='word_1_717' title='bbox 3133 4699 3289 4848; x_wconf 54' lang='lat' dir='ltr'><strong>aiffa</strong></span> <span class='ocrx_word' id='word_1_718' title='bbox 3313 4698 3751 4867; x_wconf 52' lang='lat' dir='ltr'><strong>emm</strong></span> <span class='ocrx_word' id='word_1_719' title='bbox 3812 4697 3944 4850; x_wconf 57' lang='lat'><strong>..35²</strong></span> <span class='ocrx_word' id='word_1_720' title='bbox 3961 4697 4308 4852; x_wconf 53' lang='lat' dir='ltr'><strong>ff‘zss&#39;off&#39;tss‘</strong></span> <span class='ocrx_word' id='word_1_721' title='bbox 4353 4700 4578 4852; x_wconf 58' lang='lat' dir='ltr'><strong>m</strong></span> 
     </span>
     <span class='ocr_line' id='line_1_101' title="bbox 2624 4866 4047 4951; baseline 0.001 -16"><span class='ocrx_word' id='word_1_722' title='bbox 2624 4872 2806 4951; x_wconf 74' lang='lat' dir='ltr'><strong>atque</strong></span> <span class='ocrx_word' id='word_1_723' title='bbox 2841 4868 3028 4935; x_wconf 81' lang='lat' dir='ltr'><strong>etiam</strong></span> <span class='ocrx_word' id='word_1_724' title='bbox 3071 4866 3280 4935; x_wconf 79' lang='lat' dir='ltr'><strong>Balac</strong></span> <span class='ocrx_word' id='word_1_725' title='bbox 3319 4869 3479 4936; x_wconf 78' lang='lat' dir='ltr'><strong>abiit</strong></span> <span class='ocrx_word' id='word_1_726' title='bbox 3518 4870 3589 4937; x_wconf 78' lang='lat' dir='ltr'><strong>in</strong></span> <span class='ocrx_word' id='word_1_727' title='bbox 3629 4870 3802 4938; x_wconf 73' lang='lat' dir='ltr'><strong>viam</strong></span> <span class='ocrx_word' id='word_1_728' title='bbox 3841 4890 4047 4938; x_wconf 73' lang='lat' dir='ltr'><strong>suam.</strong></span> 
     </span>
    </p>
   </div>
   <div class='ocr_carea' id='block_1_10' title="bbox 2623 5037 4576 5213">
    <p class='ocr_par' dir='ltr' id='par_1_15' title="bbox 2623 5037 4576 5213">
     <span class='ocr_line' id='line_1_102' title="bbox 2798 5037 4576 5127; baseline 0.003 -23"><span class='ocrx_word' id='word_1_729' title='bbox 2798 5040 2897 5105; x_wconf 81' lang='lat'><strong>17.</strong></span> <span class='ocrx_word' id='word_1_730' title='bbox 2978 5037 3170 5107; x_wconf 78' lang='lat' dir='ltr'><strong>Video</strong></span> <span class='ocrx_word' id='word_1_731' title='bbox 3245 5060 3402 5109; x_wconf 78' lang='lat' dir='ltr'><strong>eum.</strong></span> <span class='ocrx_word' id='word_1_732' title='bbox 3492 5040 3671 5109; x_wconf 87' lang='lat' dir='ltr'><strong>Sunt</strong></span> <span class='ocrx_word' id='word_1_733' title='bbox 3747 5040 4010 5127; x_wconf 89' lang='lat' dir='ltr'><strong>quidem</strong></span> <span class='ocrx_word' id='word_1_734' title='bbox 4090 5041 4294 5108; x_wconf 85' lang='lat' dir='ltr'><strong>verba</strong></span> <span class='ocrx_word' id='word_1_735' title='bbox 4362 5041 4576 5109; x_wconf 87' lang='lat' dir='ltr'><strong>futuri</strong></span> 
     </span>
     <span class='ocr_line' id='line_1_103' title="bbox 2623 5124 4573 5213; baseline 0.002 -21"><span class='ocrx_word' id='word_1_736' title='bbox 2623 5124 2937 5210; x_wconf 91' lang='lat' dir='ltr'><strong>temporis</strong></span> <span class='ocrx_word' id='word_1_737' title='bbox 2955 5177 2970 5205; x_wconf 94' lang='lat'><strong>,</strong></span> <span class='ocrx_word' id='word_1_738' title='bbox 3031 5126 3142 5192; x_wconf 88' lang='lat' dir='ltr'><strong>sed</strong></span> <span class='ocrx_word' id='word_1_739' title='bbox 3189 5147 3354 5212; x_wconf 88' lang='lat' dir='ltr'><strong>quae</strong></span> <span class='ocrx_word' id='word_1_740' title='bbox 3395 5149 3514 5213; x_wconf 90' lang='lat' dir='ltr'><strong>pro</strong></span> <span class='ocrx_word' id='word_1_741' title='bbox 3570 5137 3862 5213; x_wconf 88' lang='lat' dir='ltr'><strong>tempore</strong></span> <span class='ocrx_word' id='word_1_742' title='bbox 3917 5129 4243 5213; x_wconf 87' lang='lat' dir='ltr'><strong>praesenti</strong></span> <span class='ocrx_word' id='word_1_743' title='bbox 4297 5149 4573 5195; x_wconf 86' lang='lat' dir='ltr'><strong>sumun-</strong></span> 
     </span>
    </p>
   </div>
   <div class='ocr_carea' id='block_1_11' title="bbox 2625 5251 2832 5259">
    <p class='ocr_par' dir='ltr' id='par_1_16' title="bbox 2625 5251 2832 5259">
     <span class='ocr_line' id='line_1_104' title="bbox 2625 5251 2832 5259; baseline -0.01 0"><span class='ocrx_word' id='word_1_744' title='bbox 2625 5251 2832 5259; x_wconf 50' lang='grc' dir='ltr'>ο--ι--ῥ-</span> 
     </span>
    </p>
   </div>
   <div class='ocr_carea' id='block_1_12' title="bbox 2837 5251 3030 5257">
    <p class='ocr_par' dir='ltr' id='par_1_17' title="bbox 2837 5251 3030 5257">
     <span class='ocr_line' id='line_1_105' title="bbox 2837 5251 3030 5257; baseline 0 0"><span class='ocrx_word' id='word_1_745' title='bbox 2837 5251 3030 5257; x_wconf 95' lang='lat' dir='ltr'><strong> </strong></span> 
     </span>
    </p>
   </div>
   <div class='ocr_carea' id='block_1_13' title="bbox 2796 5314 3712 5387">
    <p class='ocr_par' dir='ltr' id='par_1_18' title="bbox 2796 5314 3712 5387">
     <span class='ocr_line' id='line_1_106' title="bbox 2796 5314 3712 5387; baseline 0.002 -18"><span class='ocrx_word' id='word_1_746' title='bbox 2796 5316 2856 5386; x_wconf 93' lang='grc'><strong>1)</strong></span> <span class='ocrx_word' id='word_1_747' title='bbox 2892 5314 2966 5370; x_wconf 75' lang='lat' dir='ltr'><strong>In</strong></span> <span class='ocrx_word' id='word_1_748' title='bbox 3001 5316 3275 5387; x_wconf 68' lang='lat' dir='ltr'><strong>maraine.-</strong></span> <span class='ocrx_word' id='word_1_749' title='bbox 3316 5316 3418 5385; x_wconf 89' lang='lat' dir='ltr'><strong>vel,</strong></span> <span class='ocrx_word' id='word_1_750' title='bbox 3454 5317 3712 5387; x_wconf 82' lang='lat' dir='ltr'><strong>Angulos.</strong></span> 
     </span>
    </p>
   </div>
   <div class='ocr_carea' id='block_1_14' title="bbox 4915 1732 4929 4500">
    <p class='ocr_par' dir='ltr' id='par_1_19' title="bbox 4915 1732 4929 4500">
     <span class='ocr_line' id='line_1_107' title="bbox 4915 1732 4929 4500; baseline 0 0"><span class='ocrx_word' id='word_1_751' title='bbox 4915 1732 4929 4500; x_wconf 95' lang='lat' dir='ltr'><strong> </strong></span> 
     </span>
    </p>
   </div>
  </div>
 </body>
</html>
