5017 6142
617 414 742 480 531

619 600 878 681 Iericho,
923 602 1349 685 eyrediturque
1401 602 1488 667 ad
1541 601 1895 669 Iordanem.
1986 601 2043 667 8.
2091 602 2157 666 A
2208 600 2571 684 Thappuah

606 688 816 771 perp-it
836 688 1142 754 terminus
1174 689 1260 755 ad
1300 707 1475 754 mare
1517 688 1604 755 ad
1646 692 1967 754 torrentem
2000 687 2357 767 arundinis,
2398 691 2569 752 sunt-

616 793 735 856 que
790 774 998 843 exitus
1049 774 1187 840 eius
1244 774 1331 839 ad
1387 793 1589 841 mare:
1645 773 1793 841 haec
1847 778 1936 839 est
1976 772 2330 839 haereditas
2368 772 2572 839 tribus

613 860 892 942 filiorum
950 858 1271 940 Ephraim
1321 879 1446 942 per
1503 860 1794 941 familias
1855 879 2028 925 suas.
2131 859 2190 925 9.
2245 857 2333 923 Et
2386 858 2573 925 urbes

616 965 652 1011 s
770 949 948 1011 ratae
980 944 1142 1028 filiis
1175 944 1495 1026 Ephraim
1530 947 1602 1012 in
1633 944 1836 1012 medio
1866 944 2272 1011 haereditatis
2288 943 2573 1025 filiorum

741 1052 944 1110 nasse,
990 1051 1198 1098 omnes
1265 1031 1468 1106 urbes,
1528 1037 1587 1097 et
1626 1032 1817 1098 villae
1858 1051 2096 1097 earum.
2202 1030 2303 1095 10.
2352 1028 2572 1113 Neque

617 1117 988 1198 eapulerunt
1025 1115 1470 1185 Chananaeum
1511 1116 1889 1184 habitantem
1932 1117 2004 1181 in
2044 1116 2286 1183 Gazer:
2345 1116 2573 1199 Itaque

618 1202 920 1269 habitavit
945 1202 1361 1269 Chananaeus
1379 1203 1452 1269 in
1470 1204 1673 1269 medio
1705 1201 2020 1286 Ephraim
2039 1221 2236 1284 usque
2276 1202 2363 1267 ad
2404 1202 2572 1268 diem

616 1288 795 1368 hano,
839 1293 895 1355 et
931 1289 1060 1372 fuit
1092 1288 1318 1355 tributo
1349 1291 1645 1355 serviens.

795 1460 851 1525 1.
896 1459 1176 1544 Eqressa
1213 1464 1302 1526 est
1342 1479 1480 1525 sors
1516 1458 1677 1543 filiis
1714 1458 1957 1544 Ioseph.
2027 1459 2106 1526 In
2199 1481 2392 1526 enere
2434 1459 2569 1544 pri-

620 1567 803 1612 mum
841 1553 1070 1612 narrat
1103 1566 1268 1630 quae
1303 1565 1447 1611 sors
1486 1544 1792 1629 obtigerit
1825 1545 2075 1612 duobus
2118 1547 2163 1611 fi
2192 1547 2271 1612 iis
2294 1544 2567 1629 Ioseph:

620 1631 856 1697 deinde
898 1642 1197 1699 recenset
1229 1640 1470 1697 sortem
1506 1631 1843 1715 Ephraim.
1889 1631 2142 1698 Mirum
2187 1642 2406 1697 autem
2451 1641 2569 1710 est,

622 1738 830 1801 quum
877 1716 1144 1783 dimidia
1188 1738 1342 1801 pars
1386 1717 1596 1784 tribus
1627 1718 1936 1784 Manasse
1980 1718 2110 1782 iam
2154 1718 2364 1785 locata
2399 1728 2573 1784 esset

621 1812 804 1869 trans
848 1803 1228 1869 Iordanem:
1297 1803 1443 1886 plus
1486 1809 1708 1869 tamen
1754 1805 2101 1870 verborum
2145 1804 2440 1870 consumi
2496 1804 2569 1868 in

617 1897 807 1973 parte
850 1889 1028 1955 illius
1071 1887 1349 1967 residua,
1393 1910 1589 1974 quam
1632 1888 1706 1954 in
1749 1898 1887 1956 tota
1921 1888 2325 1956 haereditate
2362 1889 2572 1955 tribus

619 1974 971 2058 Ephraim:
1030 1994 1197 2058 quae
1236 1982 1455 2040 tamen
1493 1984 1566 2041 ut
1601 1983 1745 2041 erat
1778 1974 2173 2060 populosior,
2210 1975 2304 2041 ita
2336 1977 2571 2042 merito

618 2059 745 2127 sibi
813 2058 1196 2127 vendicabat
1261 2061 1635 2145 ampliorem
1710 2073 1975 2127 terram.
2077 2062 2329 2128 Verum
2396 2060 2571 2145 quod

621 2145 936 2230 prolixior
979 2145 1259 2212 habetur
1300 2168 1514 2214 sermo
1558 2147 1639 2213 de
1682 2148 1960 2231 posteris
2002 2147 2331 2226 Manasse,
2383 2147 2451 2212 id
2497 2148 2573 2212 fit

620 2254 739 2317 per
804 2230 1227 2314 occasionem,
1292 2235 1444 2317 quia
1507 2233 1749 2299 iterum
1803 2233 2046 2318 repetit
2080 2234 2357 2317 scriptor
2399 2232 2569 2311 libri,

621 2317 941 2402 quomodo
983 2325 1173 2385 extra
1215 2327 1461 2385 sortem
1513 2318 1644 2386 illis
1688 2319 1841 2385 data
1881 2318 2081 2386 fuerit
2122 2319 2309 2386 sedes
2351 2320 2419 2385 in
2466 2341 2569 2386 re·

621 2405 813 2488 gione
857 2403 1099 2470 Basan.
1190 2404 1450 2470 Deinde
1489 2414 1956 2473 commemorat
1999 2407 2325 2472 sancitum
2369 2405 2572 2471 fuisse

621 2510 661 2555 a
703 2490 900 2556 Iosua
956 2489 1125 2572 quod
1171 2491 1390 2557 Moses
1449 2511 1530 2557 ex
1588 2492 1938 2558 autoritate
1978 2491 2110 2558 Dei
2153 2499 2574 2576 praeceperat

664 2574 835 2642 uoad
900 2576 1068 2643 filias
1134 2574 1529 2661 Selophead.
1647 2576 1872 2659 Quum
1938 2598 2095 2663 ergo
2175 2576 2254 2643 de
2331 2578 2571 2644 finibus

682 2661 944 2747 phraim
1007 2661 1192 2728 nulla
1245 2671 1417 2728 esset
1461 2662 1810 2742 dubitatio,
1867 2685 1988 2729 nec
2045 2663 2341 2729 futurum
2400 2672 2573 2729 esset

619 2757 947 2813 certamen
973 2798 989 2825 ,
1070 2747 1362 2814 breviter
1437 2749 1905 2833 perstringitur
1983 2770 2206 2816 eorum
2292 2749 2568 2815 sortitio.

620 2833 875 2899 Verum
911 2833 1020 2899 hic
1054 2854 1227 2899 nova
1262 2836 1554 2917 quaestio
1588 2835 1904 2915 exoritur,
1946 2856 2148 2919 quum
2192 2835 2296 2901 ius
2331 2835 2574 2920 primo-

621 2920 967 3005 geniturae
1022 2939 1062 2984 a
1106 2919 1415 2985 Manasse
1458 2918 1542 2986 ad
1581 2921 1902 3004 Ephraim
1948 2920 2348 3001 transiisset,
2410 2941 2570 3006 quo-

622 3005 814 3072 modo
860 3006 1097 3089 posteri
1155 3005 1297 3071 eins
1356 3005 1467 3089 qui
1526 3006 1734 3089 gradu
1780 3006 2043 3074 honoris
2086 3016 2230 3074 erat
2272 3007 2574 3090 superior

620 3091 816 3158 nrbes
851 3111 1004 3158 suas
1045 3089 1452 3157 obtinuerint
1489 3092 1666 3159 inter
1710 3093 1879 3159 filios
1912 3093 2241 3160 Manasse.
2288 3092 2574 3159 Videtur

622 3178 800 3244 enim
879 3177 1004 3244 hoc
1083 3177 1273 3244 modo
1352 3176 1634 3244 deterior
1711 3178 1913 3246 fuisso
1978 3200 2203 3245 eorum
2268 3178 2570 3246 conditio.

620 3264 768 3349 Ego
822 3285 978 3330 vero
1033 3264 1126 3330 sie
1169 3263 1600 3347 interpretor:
1688 3262 1912 3347 Quum
1967 3265 2160 3332 latior
2204 3274 2378 3332 esset
2420 3286 2572 3349 pars

623 3351 931 3416 Manasse
972 3369 1166 3433 quam
1211 3370 1327 3433 pro
1370 3349 1713 3417 hominum
1759 3370 2048 3430 numero,
2104 3352 2574 3436 supputatione

622 3435 792 3501 facta
849 3434 1173 3502 detractas
1230 3435 1431 3502 fuisse
1477 3435 1672 3502 urbes
1714 3457 1877 3520 quae
1920 3437 2162 3504 iustam
2206 3437 2575 3522 portionem

624 3521 837 3589 tribus
894 3520 1215 3604 Ephraim
1269 3522 1697 3589 conficerent:
1764 3544 1902 3589 non
1944 3532 2019 3588 ut
2062 3523 2371 3606 permixti
2413 3523 2574 3589 filiis

625 3606 937 3673 Manasse
995 3608 1182 3690 quasi
1225 3608 1518 3690 precario
1561 3608 1732 3675 inter
1768 3608 1946 3692 ipsos
1978 3608 2390 3676 habitarent:
2458 3608 2573 3676 sed

623 3693 777 3777 quia
817 3691 1078 3777 longius
1120 3693 1413 3776 protensi
1453 3693 1724 3759 fuerunt
1764 3715 1991 3761 eorum
2032 3697 2297 3761 termini
2340 3716 2575 3763 versus

623 3781 833 3864 ipsos,
891 3778 1129 3862 quibus
1185 3779 1482 3846 sufficere
1534 3788 1791 3862 poterat
1842 3781 2187 3866 angustior
2228 3782 2571 3865 possessio.

624 3866 976 3933 Caeterum
1040 3865 1110 3930 in
1175 3866 1309 3930 fine
1371 3865 1602 3949 capitis
1668 3865 1906 3950 probro
1960 3877 2223 3932 notatur
2270 3868 2575 3934 mollities

627 3950 968 4034 Ephraim,
1013 3948 1183 4034 quod
1206 3949 1678 4018 chananaeum
1726 3973 1858 4017 non
1904 3951 2235 4035 expulerit
2278 3953 2574 4033 aGaser,

630 4038 782 4121 quia
840 4037 897 4102 si
939 4036 1220 4102 viriliter
1263 4045 1331 4103 et
1373 4036 1637 4103 cordate
1671 4038 1999 4123 progressi
2042 4046 2263 4105 essent
2309 4037 2391 4104 ad
2440 4047 2575 4104 ter·

629 4144 772 4189 ram
827 4143 993 4206 quae
1045 4131 1218 4189 sorte
1275 4122 1626 4189 obvenerat
1688 4122 2160 4191 vendicandam
2181 4173 2198 4208 ,
2259 4125 2328 4190 in
2375 4146 2576 4191 manu

630 4218 775 4276 erat
816 4209 1122 4276 victoria:
1166 4210 1317 4292 quia
1363 4208 1527 4275 nihil
1574 4217 1819 4276 temere
1863 4211 2154 4296 aggressi
2199 4219 2437 4289 essent,
2498 4231 2574 4278 eo

630 4293 800 4379 quod
860 4292 1243 4359 tantundem
1302 4295 1563 4362 valebat
1611 4295 1867 4362 sortitio
1889 4344 1904 4375 ,
1968 4319 2043 4364 ac
2095 4297 2155 4362 si
2208 4296 2392 4364 Deus
2435 4297 2576 4380 ipse

629 4400 904 4445 manum
958 4400 994 4444 e
1037 4378 1214 4445 coelo
1260 4382 1636 4465 porrigeret.
1727 4380 1864 4449 Sed
1906 4382 2146 4449 clarius
2184 4383 2579 4466 exprimitur

632 4464 820 4532 foeda
863 4485 1090 4531 eorum
1134 4465 1477 4548 segnities,
1535 4475 1603 4531 et
1645 4466 1837 4551 culpa
1880 4476 2349 4553 exaggeratur,
2407 4468 2578 4552 quod

633 4551 1015 4619 tributarios
1100 4550 1226 4617 sibi
1325 4550 1602 4618 fecerint
1688 4553 2076 4637 quibuscum
2164 4554 2300 4620 ullo
2387 4554 2578 4621 modo

631 4638 1000 4723 transigere
1040 4637 1141 4703 fas
1184 4657 1316 4703 non
1360 4648 1522 4703 erat.
1574 4636 1800 4721 Quum
1843 4640 2063 4725 itaque
2107 4639 2350 4708 diserte
2393 4650 2579 4707 vetu-

632 4725 792 4791 isset
827 4723 1011 4790 Deus
1096 4722 1364 4808 opulum
1401 4745 1596 4790 suum
1641 4724 1989 4809 quidquam
2032 4726 2279 4812 negotii
2323 4737 2581 4793 contra·

636 4810 793 4877 here
848 4830 995 4877 cum
1052 4810 1187 4876 illis
1273 4810 1566 4889 entibus,
1625 4812 1911 4877 maxime
1953 4822 2173 4878 autem
2219 4812 2455 4896 pacisci
2502 4812 2584 4880 de

638 4897 828 4963 venia
862 4906 930 4962 et
963 4896 1192 4977 salute,
1262 4917 1429 4979 enge
1454 4896 1722 4981 gravius
1745 4908 2099 4980 peccarunt
2120 4899 2239 4965 filii
2260 4898 2583 4982 Ephraim

634 4981 949 5133 tributum
996 4981 1334 5065 exigendo,
1379 5002 1572 5066 quam
1617 4983 1673 5046 si
1719 5002 1830 5049 eos
1866 4983 2108 5068 absque
2144 4985 2442 5069 pactione
2488 4995 2581 5051 to·

661 5076 972 5136 erassent.

1550 410 2297 481 COMMENTARIUS
2341 412 2443 478 IN
2487 410 2774 480 IOSUE
2820 414 3017 482 CAP.
3061 414 3292 481 XVII.

4496 412 4620 477 532

3364 651 3667 721 CAPUT
3709 651 3940 719 XVII.

2845 859 2907 925 1.
2952 857 3113 924 Fuit
3152 878 3389 941 quoque
3439 877 3580 926 sors
3631 859 3830 924 tribui
3883 856 4189 924 Manasse
4245 858 4408 946 (ipse
4459 860 4625 926 enim

2672 945 2799 1028 fuit
2848 945 3304 1029 primoyenitus
3369 942 3620 1029 Ioseph)
3696 944 3827 1025 ipsi
3890 943 4148 1011 Maehir
4208 946 4624 1031 primoyenito

2679 1029 2982 1097 Manasse
3025 1031 3208 1112 patri
3267 1029 3495 1097 Gilead
3535 1027 3696 1115 (ipse
3751 1030 3918 1096 enim
3957 1030 4082 1112 fuit
4138 1032 4238 1096 vir
4276 1030 4624 1120 bellicosus)

2673 1117 2818 1200 fuit,
2878 1117 3151 1197 inquam,
3213 1114 3443 1183 Gilead
3491 1120 3548 1181 et
3600 1113 3844 1183 Basan.
3944 1115 4005 1181 2.
4067 1114 4225 1182 Fuit
4264 1118 4413 1182 item
4461 1118 4626 1200 filiis

2676 1200 2988 1268 Manasse
3026 1201 3292 1284 reliquis
3319 1222 3445 1283 per
3481 1200 3778 1281 familias
3815 1221 3993 1280 suas,
4031 1202 4196 1283 filiis
4237 1203 4524 1283 Abieaeer,
4569 1210 4627 1271 et

2672 1287 2835 1370 filiis
2874 1287 3117 1363 Heleeh,
3160 1292 3216 1353 et
3252 1288 3415 1369 filiis
3455 1286 3692 1366 Asriel,
3750 1291 3806 1353 et
3838 1285 4001 1368 filiis
4047 1286 4312 1368 Seohem,
4369 1293 4427 1356 et
4463 1290 4628 1372 filiis

2677 1373 2912 1455 Epher,
2955 1379 3011 1439 et
3046 1373 3205 1455 filiis
3251 1371 3522 1440 Semida.
3607 1372 3734 1439 Isti
3773 1377 3920 1438 sunt
3956 1371 4084 1454 filii
4127 1373 4459 1455 Manasse,
4494 1376 4629 1458 filii·

2678 1458 2906 1541 Ioseph
2930 1478 3138 1524 mares
3167 1479 3290 1541 per
3326 1458 3617 1543 familias
3655 1478 3825 1525 suas.
3917 1459 3979 1525 3.
4029 1458 4232 1526 Porro
4277 1460 4628 1542 Selophead

2672 1543 2808 1626 filio
2855 1543 3124 1628 Hepher,
3178 1544 3303 1626 ftbii
3352 1545 3600 1624 Gilead,
3653 1543 3781 1624 filii
3822 1543 4101 1621 Maehir,
4149 1546 4281 1628 filii
4319 1545 4629 1614 Manasse

2675 1629 3275 1795 emmas
3320 1629 3984 1800 efferam
4010 1632 4316 1784 aa:
4347 1634 4630 1786 Ψ...

2676 1806 3062 1868 accesserunt
3120 1802 3193 1867 in
3254 1806 3641 1884 conspectum
3684 1801 3965 1868 Eleazar
4019 1804 4390 1885 sacerdotis,
4444 1809 4502 1870 et
4557 1807 4629 1872 in

2675 1892 3057 1971 conspectum
3091 1888 3283 1954 Iosue
3317 1888 3445 1968 filii
3483 1887 3659 1964 Nun,
3702 1891 3883 1970 atque
3923 1889 3994 1953 in
4026 1895 4410 1971 conspectum
4440 1892 4630 1973 prin-

2675 1975 2903 2055 cipum,
2966 1973 3239 2054 dicendo,
3284 1972 3520 2039 Iehova
3547 1974 3871 2056 praecepit
3913 1973 4087 2041 Mosi
4127 1980 4200 2040 ut
4239 1976 4419 2056 daret
4449 1976 4631 2044 nobis

2676 2058 3114 2126 haereditatem
3178 2060 3250 2125 in
3317 2059 3521 2125 medio
3580 2060 3862 2142 fratrum
3923 2065 4291 2127 nostrorum,
4402 2063 4631 2146 Itaque

2675 2146 2847 2213 dedit
2905 2146 3000 2212 eis
3061 2145 3245 2211 iuxta
3306 2165 3645 2211 sermonem
3701 2144 3989 2226 Iehovae,
4052 2147 4497 2214 haereditatem
4559 2150 4630 2214 in

2675 2232 2876 2298 medio
2914 2231 3195 2314 frahun»
3223 2232 3443 2313 patris
3485 2250 3720 2297 earum.
3803 2231 3864 2296 5.
3910 2231 4003 2298 Et
4040 2233 4392 2299 oeciderunt
4420 2234 4632 2301 haere-

2677 2317 2899 2384 ditates
2943 2316 3250 2384 Manasse
3290 2317 3508 2397 decem,
3539 2322 3797 2399 praeter
3836 2322 4070 2384 terram
4118 2318 4348 2386 Gilead
4389 2326 4450 2386 et
4488 2319 4630 2386 Ba·

2675 2423 2815 2482 san,
2882 2424 3042 2485 quae
3106 2407 3288 2502 erant
3333 2403 3950 2555 gzpskassreganem.
4012 2490 4026 2504 ⁶
4061 2405 4117 2471 6.
4173 2403 4445 2574 Ξᾷιαᾶ.
4465 2407 4635 2473 enim

2679 2488 2984 2556 Manasse
3023 2493 3281 2556 sortitae
3746 2494 3958 2556 itatem
3997 2510 4068 2555 in
4109 2510 4169 2555 m
4248 2511 4312 2557 io
4422 2512 4654 2565 ior-um,

2676 2577 2831 2653 eius,
2874 2580 3048 2641 terra
3088 2579 3297 2641 autem
3344 2574 3573 2641 Gilead
3624 2575 3757 2658 fuit
3791 2575 3952 2657 filiis
3994 2575 4302 2643 Manasse
4338 2578 4629 2661 reliquis.

2679 2662 2736 2727 7.
2785 2660 2944 2727 Fuit
2985 2666 3191 2728 autem
3254 2663 3559 2727 terminus
3603 2660 3911 2727 Manasse
3960 2661 4041 2728 ab
4084 2663 4255 2729 Aser
4294 2663 4382 2729 ad
4424 2662 4632 2730 Mich-

2675 2747 2922 2824 methat,
2966 2766 3126 2830 quae
3169 2751 3261 2812 est
3301 2765 3511 2813 eoram
3549 2745 3814 2827 Seehem',
3857 2752 3913 2813 et
3941 2749 4155 2833 peryit
4192 2749 4503 2816 terminus
4544 2751 4632 2818 ad

2676 2833 2963 2899 demtram
2990 2833 3105 2932 'ad
3160 2831 3534 2899 habitatores
3590 2830 4026 2915 En-thappua.
4110 2834 4169 2900 8.
4217 2834 4445 2917 Ipsius
4485 2835 4632 2902 Ma·-

2674 2920 3029 3072 ffim‘
3054 2917 4327 3089 ffmh‘ffwfflfflw
4359 2926 4604 3076 §.a
4543 2922 4632 3056 ..3

2676 3092 2886 3174 detque
2937 3097 3239 3157 terminus
3293 3090 3381 3156 ad
3421 3094 3747 3156 torrentem
3791 3092 4132 3160 arundinis
4172 3093 4260 3160 ad
4300 3092 4632 3160 meridiem

2677 3178 2890 3258 ipsius
2945 3178 3269 3242 torrentis.-
3323 3176 3598 3242 civitates
3655 3177 3816 3242 istae
3872 3176 4074 3244 tribus
4114 3177 4435 3260 Ephraim
4482 3185 4632 3246 sinit

2676 3264 2749 3329 in
2807 3263 3008 3330 medio
3066 3262 3387 3329 civitatum
3443 3260 3777 3329 Manasse:
3848 3268 3915 3328 at
3964 3265 4268 3330 terminus
4320 3263 4631 3332 Manasse

2676 3354 2766 3416 est
2804 3348 2884 3414 ab
2918 3349 3209 3430 aquilone
3244 3349 3450 3431 ipsius
3485 3347 3796 3426 torrentis,
3833 3354 4095 3431 suntque
4134 3351 4339 3418 exitus
4370 3352 4511 3417 eius
4544 3350 4633 3417 ad

2676 3455 2870 3501 mare.
2962 3434 3063 3500 10.
3122 3434 3234 3501 Ad
3296 3432 3622 3500 mmdiem
3661 3439 3750 3499 est
3787 3435 3997 3517 ipsius
4039 3433 4383 3519 Ephraim,
4446 3443 4503 3503 et
4545 3436 4631 3504 ad

2679 3522 3031 3604 aquilonem
3063 3519 3277 3602 ipsius
3311 3519 3632 3596 Manasse,
3689 3524 3896 3603 estque
3927 3541 4103 3587 mare
4134 3524 4439 3589 terminus
4472 3524 4629 3602 eius,

2678 3608 3050 3759 ezinaaegser
3092 3610 3420 3672 osam-unt
3462 3605 3624 3671 inter
3665 3627 3731 3673 se
3771 3606 3852 3673 ab
3893 3607 4201 3689 aquilone,
4246 3614 4302 3675 et
4344 3609 4418 3675 in
4454 3609 4631 3677 Issa-

2677 3714 2711 3760 ο
2752 3713 2832 3759 ar
2976 3693 3221 3759 oriente.

2850 3862 3055 3930 Redit
3095 3862 3179 3930 ad
3226 3863 3467 3929 tribum
3511 3862 3855 3942 Manasse,
3909 3862 3976 3928 id
4022 3885 4105 3930 ue
4171 3873 4246 3931 ut
4288 3869 4631 3934 confirmet

2681 3948 2849 4035 quod
2916 3957 3110 4015 antea
3176 3948 3458 4016 vidimus
3515 3947 3595 4015 de
3658 3948 3919 4016 filiabus
4033 3950 4366 4034 elophead.
4459 3952 4630 4019 Nam

2681 4057 2880 4121 quum
2926 4057 3032 4102 res
3075 4055 3246 4101 nova
3292 4043 3494 4114 esset,
3537 4035 3818 4101 feminas
3861 4038 4230 4120 promiscue
4284 4038 4632 4106 succedere

2683 4143 2832 4190 cum
2900 4122 3091 4187 viris:
3162 4121 3317 4204 quia
3383 4131 3606 4187 tamen
3675 4123 3962 4206 quinque
4028 4132 4220 4189 erant
4284 4126 4455 4207 patri
4512 4145 4632 4191 suo

2680 4208 3082 4292 superstites,
3126 4208 3488 4291 probarunt
3532 4227 3812 4290 aequum
3857 4229 4031 4287 esse,
4099 4229 4183 4274 ne
4228 4218 4418 4293 pater
4461 4210 4632 4277 orbi-

2681 4295 2843 4361 tatis
2897 4293 3332 4377 ignominiam
3389 4292 3704 4358 innoxius
3762 4293 3979 4371 ferret,
4039 4315 4109 4361 se
4152 4297 4224 4360 in
4269 4295 4632 4379 portionem

2681 4382 2959 4447 admitti.
3050 4379 3158 4445 Ita
3205 4379 3386 4444 Deus
3429 4398 3548 4463 per
3589 4379 3925 4445 oraculum
3974 4380 4145 4447 Mosi
4188 4381 4631 4465 responderat,

2683 4476 2762 4534 ut
2824 4476 3024 4551 caput
3087 4485 3293 4531 unum
3360 4465 3432 4530 in
3498 4465 3909 4531 successione
3974 4465 4330 4533 efficerent.
4441 4467 4632 4535 Nunc

2683 4552 2854 4638 quod
2889 4552 3015 4619 Dei
3061 4571 3173 4617 ore
3208 4549 3647 4617 adiudicatum
3691 4559 3852 4630 erat,
3896 4554 4216 4635 praestari
4249 4552 4377 4620 sibi
4410 4564 4633 4637 postu·

2684 4641 2842 4706 lant.
2934 4636 3126 4719 Quod
3171 4636 3386 4702 adhuc
3428 4637 3739 4703 Manasse
3781 4638 4200 4722 primogeniti
4243 4659 4486 4704 nomen
4530 4661 4631 4706 re—

2682 4727 2871 4803 tinet,
2914 4723 3010 4791 sic
3053 4723 3347 4807 accipere
3380 4724 3706 4801 convenit,
3751 4744 3836 4790 ne
3870 4731 4120 4810 pugnet
4153 4745 4305 4791 cum
4328 4725 4634 4793 vaticinio

2683 4810 2909 4879 Iacob:
2966 4810 3124 4894 quin
3169 4811 3384 4892 potius
3429 4810 3537 4876 hic
3581 4808 4098 4895 primogenitura
4138 4811 4279 4877 eius
4318 4811 4631 4895 quodam·

2688 4897 2881 4963 modo
2945 4895 3290 4980 sepelitur,
3370 4895 3636 4979 eiusque
3700 4894 3988 4982 dignitas
4064 4897 4306 4963 resti-in
4358 4897 4488 4963 ‘tur
4560 4898 4629 4963 in

2690 4982 3116 5068 praeteritum
3159 4990 3450 5066 tempus:
3516 4981 3629 5048 ubi
3672 4981 4035 5049 notandum
4079 4992 4197 5062 est,
4242 5002 4281 5047 a
4327 5003 4404 5049 eo
4446 4992 4630 5049 tena-

2689 5090 2798 5136 ces
2840 5089 2983 5135 esse
3025 5067 3323 5135 homines
3337 5118 3353 5149 ,
3409 5069 3675 5152 suisque
3740 5067 4136 5136 utilitatibus
4180 5067 4502 5151 addictos,
4558 5077 4632 5135 ut

2690 5176 2841 5222 raro
2903 5155 2976 5219 in
3041 5164 3328 5220 mentem
3394 5154 3616 5223 veniat
3675 5154 3782 5221 ius
3846 5175 4041 5221 suum
4105 5154 4251 5219 aliis
4321 5154 4627 5222 tribuere.

2692 5242 2974 5308 Decreto
3009 5239 3274 5305 coelesti
3307 5250 3563 5325 partem
3598 5239 4015 5307 obtinuerant
4049 5240 4221 5307 filiae
4245 5238 4397 5307 Selo
4448 5239 4629 5321 head,

2692 5346 2813 5394 nec
2878 5326 3221 5411 quisquam
3286 5347 3485 5394 ausus
3551 5335 3724 5394 esset
3772 5327 4047 5394 verbum
4105 5332 4335 5394 contra
4465 5346 4627 5394 cere.
