5017 6142
571 471 702 539 279

578 656 781 745 (Psal.
841 657 999 738 116,
1046 656 1183 746 10):
1245 667 1314 723 et
1356 675 1581 722 eorum
1624 674 1857 721 sensus
1898 651 2301 718 illuminavit
2343 650 2529 716 Deus

580 754 936 828 antequam
981 744 1243 830 linguas
1276 750 1556 828 regeret.
1622 738 1911 805 Diversa
1945 745 2167 803 autem
2201 736 2327 802 fuit
2359 735 2528 801 ratio

582 830 894 897 Balaam:
954 832 1063 914 qui
1108 837 1329 896 mente
1373 827 1700 894 alienatus
1741 844 1935 892 voces
1975 824 2076 890 ori
2119 842 2241 888 suo
2282 819 2529 887 inditas

582 915 890 983 reddidit.

759 1003 819 1068 7.
875 1001 1251 1083 Assumpsit
1292 996 1685 1081 parabolam.
1773 995 2031 1062 Nomen
2089 978 2236 1062 &vn
2290 1011 2530 1078 graves

585 1107 815 1154 omnes
849 1094 917 1153 et
950 1084 1405 1151 memorabiles
1447 1082 1806 1150 sententias
1848 1081 2192 1166 significat,
2235 1099 2531 1163 praeser-

587 1175 709 1239 tim
767 1171 880 1239 ubi
935 1171 1184 1238 accedit
1239 1169 1592 1237 verborum
1647 1165 1972 1253 splendor.
2061 1163 2317 1232 Sensus
2371 1183 2530 1248 ergo

587 1267 721 1326 est:
770 1257 1043 1324 Balaam
1085 1257 1433 1343 magnifice
1475 1261 1542 1320 et
1584 1275 1716 1320 non
1751 1251 2010 1337 vulgari
2044 1250 2236 1317 modo
2270 1269 2534 1334 aggres-

588 1365 735 1411 sum
779 1344 980 1410 fuisse
1024 1343 1217 1426 loqui.
1306 1341 1444 1407 Nec
1498 1338 1766 1405 dubium
1827 1347 1928 1403 est
1982 1339 2139 1420 quin
2192 1334 2533 1420 splendido

637 1451 831 1496 enere
885 1426 1145 1494 dicendi
1201 1435 1528 1494 attentum
1592 1422 1951 1491 reddiderit
2008 1421 2212 1488 Balac
2281 1432 2535 1488 secreto

589 1453 718 1581 Dei
759 1513 1108 1582 instinctu:
1154 1523 1232 1580 ut
1276 1513 1473 1579 miser
1512 1510 1626 1577 ille
1670 1518 2052 1595 agnosceret
2079 1507 2353 1573 Balaam
2398 1526 2534 1571 non

591 1602 881 1679 humano
923 1620 1106 1666 more
1146 1601 1278 1665 iam
1323 1597 1531 1681 loqui,
1589 1597 1703 1662 sed
1756 1594 2051 1659 divinum
2112 1591 2353 1677 aliquid
2398 1592 2534 1676 spi-

592 1707 774 1766 rare,
830 1694 909 1752 ut
964 1685 1225 1751 oraculo
1282 1684 1493 1767 magis
1547 1682 2005 1748 vulneraretur
2058 1680 2200 1746 eius
2253 1678 2532 1744 animus.

592 1770 869 1839 Summa
925 1781 1143 1837 autem
1198 1770 1329 1838 huc
1383 1767 1625 1847 tendit,
1683 1789 1814 1833 non
1867 1786 2175 1851 perverse
2228 1762 2418 1830 modo
2470 1773 2538 1829 et

593 1857 793 1923 stulte
835 1857 1041 1923 Balac
1084 1857 1332 1940 cepisse
1389 1852 1729 1921 consilium
1793 1851 1872 1917 de
1928 1849 2375 1918 maledicendo
2418 1869 2535 1932 po-

597 1942 785 2026 pulo,
843 1942 958 2010 sed
1001 1940 1310 2026 quidquid
1355 1940 1640 2006 tentavit
1682 1958 1931 2004 vanum
1986 1939 2125 2003 fore
2168 1946 2236 2002 et
2275 1935 2533 2013 inutile,

596 2029 901 2112 quoniam
959 2029 1104 2095 Deo
1168 2035 1505 2111 repugnet.
1605 2024 1873 2091 Interea
1935 2044 2006 2089 se
2072 2023 2362 2106 potentia
2422 2021 2539 2086 illa

598 2114 874 2194 abdicat,
917 2134 1046 2197 qua
1085 2112 1302 2196 ipsum
1337 2110 1654 2178 excellere
1687 2128 2042 2195 persuasus
2075 2109 2294 2174 :fuerat
2314 2107 2536 2173 Balac.

597 2199 820 2266 Verba
861 2201 1038 2265 enim
1082 2200 1222 2266 eius
1264 2198 1448 2283 prius
1490 2196 1727 2263 retulit
1758 2195 2005 2261 Moses:
2048 2192 2198 2261 Scio
2240 2191 2541 2259 maledic-

599 2298 741 2351 tum
786 2284 927 2351 fore
969 2284 1073 2350 cui
1116 2294 1191 2349 tu
1232 2281 1683 2350 maledixeris:
1728 2303 1804 2348 ac
1838 2281 1898 2347 si
1930 2280 2251 2346 translata
2285 2281 2352 2344 in
2387 2298 2540 2344 eum

602 2380 774 2437 esset
794 2370 924 2436 Dei
966 2370 1195 2449 virtus,
1241 2379 1315 2434 ut
1355 2389 1506 2435 eum
1549 2388 1668 2452 pro
1710 2366 1981 2433 libidine
2022 2366 2151 2433 huc
2193 2364 2349 2431 illuc
2392 2384 2539 2429 ver·

600 2465 794 2523 saret.
880 2455 1057 2539 Quid
1102 2467 1320 2522 autem
1362 2454 1430 2520 id
1491 2452 1669 2519 aliud
1728 2461 1867 2518 erat
1924 2472 2117 2536 quam
2162 2449 2309 2516 Deo
2352 2450 2542 2515 abro-

602 2561 758 2627 gare
802 2562 993 2608 suum
1036 2539 1426 2624 imperium?
1508 2539 1655 2605 Hoc
1698 2538 1904 2622 igitur
1947 2534 2380 2603 abominabile
2421 2536 2543 2619 fig-

601 2636 896 2692 mentum
956 2626 1278 2692 refellitur
1332 2646 1446 2691 ore
1492 2624 1801 2705 Balaam,
1857 2621 2015 2689 dum
2068 2623 2187 2688 uni
2232 2622 2375 2687 Deo
2432 2621 2541 2684 ius

600 2711 1023 2779 benedicendi
1065 2711 1319 2778 asserit.
1407 2709 1769 2792 Quomodo,
1812 2709 2041 2792 inquit,
2084 2705 2541 2773 maledicerem

600 2798 731 2863 nisi
764 2798 1071 2864 mandato
1092 2797 1266 2863 Dei?
1316 2817 1446 2861 non
1482 2795 1654 2878 quod
1689 2815 1948 2879 semper
1969 2795 2154 2860 Deus
2175 2799 2543 2877 compescat

599 2883 854 2968 impios,
898 2905 983 2949 ne
1026 2881 1184 2966 quid
1218 2882 1361 2947 eius
1400 2880 1663 2947 veritati
1696 2881 2049 2948 adversum
2084 2878 2541 2963 pronuncient.

601 2968 865 3036 Scimus
915 2967 1092 3034 enim
1147 2968 1325 3051 ipsos
1388 2987 1583 3050 saepe
1644 2966 1923 3033 futiliter
1983 2966 2265 3052 garrire,
2329 2963 2589 3046 plenis‘

601 3054 820 3122 buccis
854 3073 1155 3120 evomere
1194 3052 1652 3136 blasphemias,
1694 3052 1906 3119 lucem
1941 3050 2371 3117 obtenebrare
2406 3048 2544 3116 suis

601 3138 978 3221 mendaciis,
1021 3149 1089 3205 et
1130 3140 1353 3206 conari
1397 3146 1714 3221 quantum
1756 3138 1830 3204 in
1871 3138 2033 3221 ipsis
2077 3145 2198 3217 est,
2240 3143 2542 3202 evertere

601 3227 727 3291 Dei
771 3225 989 3292 fidem.
1076 3223 1212 3293 Sed
1254 3225 1562 3309 quoniam
1607 3224 1737 3289 alia
1776 3223 1902 3307 ipsi
1946 3223 2222 3289 Balaam
2267 3240 2546 3306 persona

596 3313 908 3396 imposita
950 3321 1125 3390 erat,
1184 3319 1259 3377 ut
1300 3310 1547 3377 scilicet
1590 3310 1926 3375 oraculum
1971 3308 2278 3375 recitaret
2320 3329 2360 3373 a
2402 3307 2546 3373 Deo

602 3397 728 3464 sibi
773 3398 1110 3479 dictatum,
1152 3396 1399 3462 fatetur
1433 3395 1731 3480 linguam
1767 3415 1952 3462 suam
1987 3395 2347 3460 fraenatam
2383 3413 2545 3471 esse,

601 3504 687 3549 ne
751 3483 860 3549 vel
936 3481 1257 3568 syllabam
1329 3501 1534 3548 unam
1610 3480 1997 3566 pronunciet
2062 3479 2190 3546 Dei
2268 3480 2543 3545 iniussu.

601 3569 812 3635 Porro
855 3570 1162 3651 quoniam
1206 3566 1446 3652 Syriae
1489 3568 1568 3632 fit
1610 3567 1872 3646 mentio,
1917 3572 2239 3651 putarunt
2278 3564 2541 3649 quidam

602 3674 640 3719 e
684 3653 1155 3737 Mesopotamia
1198 3652 1473 3718 Balaam
1515 3651 1718 3719 fnisse
1762 3652 2182 3720 accersitum:
2228 3660 2295 3715 et
2336 3650 2545 3717 errori

601 3739 909 3806 inductus
951 3739 1079 3803 fuit
1120 3739 1312 3816 color,
1358 3738 1529 3822 quod
1575 3760 1615 3803 a
1658 3737 2009 3805 Chaldaeis
2052 3760 2160 3804 ars
2203 3735 2545 3802 divinandi

599 3825 884 3892 fluxerit.
948 3823 1200 3890 Verum
1241 3821 1343 3909 (nt
1383 3831 1534 3889 ante
1577 3823 1822 3891 dictum
1865 3822 2017 3911 fuit)
2059 3822 2365 3889 credibile
2408 3842 2545 3887 non

604 3920 702 3977 est
723 3910 969 3977 famam
993 3909 1281 3975 hominis
1316 3916 1453 3974 tam
1488 3908 1679 3995 longe
1713 3931 2010 3995 sparsam
2044 3909 2275 3975 fuisse:
2312 3906 2549 3973 deinde

602 3996 920 4080 quomodo
963 3996 1203 4080 exiguo
1247 4002 1537 4079 tempore
1592 4016 1717 4079 quo
1768 3995 2052 4080 populus
2098 3994 2236 4060 illic
2278 3993 2548 4077 quievit,

603 4082 706 4147 bis
771 4081 972 4147 missa
1035 4081 1267 4146 fuisset
1329 4080 1570 4166 legatio
1647 4082 1718 4146 in
1799 4090 2043 4146 terram
2122 4077 2545 4165 loginquam?

604 4187 757 4232 nam
800 4166 883 4231 ad
940 4165 1290 4232 minimum
1347 4168 1723 4233 circumacti
1778 4167 2057 4233 fuissent
2100 4186 2215 4232 sex
2259 4184 2546 4231 menses.

603 4252 712 4317 Ad
756 4251 919 4317 haec
972 4251 1164 4334 paulo
1218 4262 1367 4336 post
1424 4252 1791 4320 videbimus
1846 4254 2126 4319 occisum
2182 4253 2358 4317 inter
2400 4250 2547 4317 Ma-

606 4337 886 4404 dianitas
950 4337 1170 4403 fuisse.
1280 4337 1549 4423 Optime
1613 4359 1773 4405 vero
1837 4338 2146 4422 quadrat,
2211 4338 2545 4422 regionem

604 4423 790 4489 illam
833 4422 1296 4506 comprehendi
1353 4424 1474 4490 sub
1516 4423 1722 4491 Aram
1738 4476 1756 4504 ‚
1815 4424 1922 4491 vel
1965 4422 2205 4508 Syriae
2260 4423 2547 4503 nomine,

604 4528 801 4593 quam
845 4509 1103 4592 profani
1156 4529 1411 4594 quoque
1454 4512 1804 4594 scriptores
1842 4511 2217 4594 contiguam
2262 4508 2547 4575 Arabiae

606 4595 888 4675 faciunt,
967 4614 1196 4660 versus
1273 4616 1454 4661 mare
1529 4596 1819 4663 rubrum.
1936 4596 2081 4662 Iam
2158 4616 2320 4661 vero
2394 4596 2550 4678 quia

606 4689 908 4765 respectu
950 4686 1168 4745 terrae
1209 4679 1412 4746 Moab
1454 4682 1788 4749 orientalis
1845 4692 1990 4748 erat
2036 4692 2211 4748 terra
2251 4680 2546 4759 Madian,

605 4766 843 4833 deinde
876 4765 1147 4844 excelsa,
1193 4774 1262 4831 et
1297 4777 1660 4844 montuosa,
1705 4776 1882 4834 recte
1919 4767 2199 4847 additur,
2244 4776 2548 4834 vocatum

605 4853 809 4920 fuisse
844 4872 880 4917 e
917 4852 1247 4938 montibus
1282 4853 1581 4919 orientis:
1626 4862 1821 4937 atque
1855 4853 1978 4921 hoc
2011 4853 2204 4919 modo
2247 4852 2550 4938 designat

607 4939 823 5005 locum
868 4937 1174 5003 Moabitis
1215 4939 1548 5021 cognitum
1592 4951 1857 5023 propter
1896 4940 2230 5007 viciniam.

781 5024 843 5089 9.
893 5021 1217 5105 Siquidem
1259 5024 1335 5090 de
1374 5026 1611 5091 vertice.
1700 5025 1953 5091 Sensus
1997 5034 2116 5105 est,
2162 5024 2292 5092 nisi
2332 5024 2549 5105 fallor,

609 5108 912 5192 quamvis
952 5110 1176 5192 procul
1219 5109 1581 5193 inspexerit
1622 5111 1941 5195 pupulum
1957 5161 1974 5189 ,
2019 5123 2094 5177 ut
2136 5112 2277 5178 eius
2319 5120 2550 5195 poten-

610 5194 769 5259 tiam
829 5215 913 5261 ex
972 5195 1306 5280 superiore
1363 5204 1432 5260 et
1487 5206 1622 5261 tam
1681 5204 1932 5263 remoto
1989 5196 2130 5261 loco
2196 5216 2552 5282 agnoscere

610 5299 748 5345 non
790 5290 1028 5364 posset,
1074 5281 1201 5347 sibi
1242 5289 1468 5347 tamen
1512 5282 1813 5367 portendi
1857 5281 2102 5366 aliquid
2139 5302 2447 5366 magnum
2482 5290 2552 5348 et

609 5364 1035 5432 formidabile.
1124 5367 1402 5452 Propior
1456 5367 1738 5435 intuitus
1798 5378 2045 5435 metum
2111 5368 2404 5435 incutere
2445 5390 2550 5435 so-

1944 462 2352 533 REDI'PUS
2397 462 2529 530 AD
2569 461 3114 530 HISTORIAM.

4443 455 4576 525 280

2629 649 2754 716 let:
2799 648 3036 714 deinde
3079 647 3315 734 viginti
3358 646 3700 714 hominum
3742 649 3951 716 millia
3991 649 4212 717 oculos
4253 648 4572 735 perstrin-

2630 742 2823 820 gunt,
2867 754 2945 801 ac
2986 734 3047 800 si
3101 734 3313 800 maior
3370 732 3717 818 quintuplo
3772 756 4090 802 numerus
4131 736 4320 802 foret.
4409 735 4571 801 Pos-

2628 831 2839 887 tremo
2882 821 3057 887 iusta
3099 828 3356 886 statura
3397 818 3551 886 hinc
3584 820 3986 888 aestimatur.
4055 824 4257 905 Atqui
4300 821 4572 888 Balaam

2630 906 3024 992 pronunciat
3080 905 3461 990 prophetico
3516 906 3751 989 spiritu
3804 908 3999 994 longe
4040 908 4191 992 plus
4233 928 4305 974 se
4348 907 4574 975 videre

2629 994 2701 1058 in
2746 992 2984 1077 populo
3027 989 3157 1057 Dei
3199 1012 3394 1075 quam
3452 992 3620 1058 ferat
3671 991 3961 1060 locorum
4018 994 4361 1060 distantia:
4421 995 4575 1077 quia

2632 1087 2707 1145 ut
2749 1088 2892 1144 erat
2932 1079 3003 1143 in
3049 1077 3183 1143 alta
3225 1076 3486 1161 specula
3528 1078 3797 1159 locatus,
3839 1101 3958 1163 pro
4001 1079 4330 1147 communi
4372 1099 4573 1146 sensu

2632 1165 3127 1248 contempsisset
3168 1163 3443 1247 pusillos
3486 1163 3803 1232 homines.
3890 1164 4071 1233 Dicit
4126 1177 4344 1232 autem
4386 1164 4574 1231 habi-

2632 1259 2929 1316 taturum
3005 1269 3149 1316 esse
3224 1249 3436 1315 solum
3453 1299 3470 1330 ‚
3548 1259 3622 1315 ut
3686 1251 3917 1317 alienis
3980 1251 4247 1318 auxiliis
4303 1252 4576 1317 minime

2633 1335 2943 1418 indigeat.
3024 1319 3194 1404 aaz&
3241 1335 3418 1401 enim
3470 1336 3860 1403 tantundem
3920 1337 4097 1404 valet
4137 1358 4214 1404 ac
4271 1337 4575 1415 solitarie,

2635 1420 2744 1487 vel
2786 1442 3096 1489 seorsum.
3184 1419 3447 1488 Dicitur
3490 1442 3645 1506 ergo
3689 1422 3967 1507 populus
4011 1424 4107 1489 ita
4162 1423 4576 1491 habitaturus

2636 1528 2797 1588 esse,
2842 1515 2917 1573 ut
2949 1528 3067 1574 sua
3120 1515 3294 1573 sorte
3339 1515 3683 1573 contentus
3734 1509 3847 1575 sit:
3894 1530 4025 1575 non
4062 1508 4387 1576 desideret
4421 1511 4576 1576 alie·

2638 1614 2756 1659 nas
2799 1613 2955 1678 opes
2972 1644 2987 1672 ,
3034 1612 3244 1676 neque
3287 1602 3578 1659 accersat
3619 1593 3833 1660 aliena
3867 1595 4133 1662 auxilia.
4224 1595 4576 1662 Caeterum

2636 1677 2808 1762 quod
2850 1678 3126 1762 populus
3170 1699 3346 1745 nunc
3390 1678 3473 1744 ad
3513 1681 3613 1744 Ae
3749 1680 3893 1761 tios,
3935 1700 4113 1747 nunc
4149 1679 4232 1746 ad
4266 1682 4578 1767 Assyrios

2638 1785 2710 1831 se
2752 1764 3124 1842 conferens,
3169 1765 3495 1847 perversis
3535 1766 3569 1830 f
3684 1765 3903 1833 eribus
3946 1787 4017 1832 se
4059 1767 4401 1851 implicuit,
4447 1789 4578 1835 non

2639 1860 2894 1935 pugnat
2944 1870 3092 1916 cum
3150 1850 3273 1916 hoc
3326 1850 3670 1929 vaticinio,
3723 1849 3834 1917 ubi
3878 1873 4008 1917 non
4050 1853 4130 1919 de
4172 1854 4420 1921 virtute
4463 1875 4576 1939 po-

2641 1937 2809 2020 puli,
2863 1935 2975 2002 sed
3032 1946 3287 2001 tantum
3333 1934 3416 2000 de
3459 1936 3903 2003 benedictione
3947 1937 4075 2004 Dei
4119 1941 4370 2024 agitur,
4413 1960 4579 2025 quae

2639 2025 2874 2088 iterum
2932 2022 3006 2087 in
3071 2022 3585 2088 Deuteronomio
3641 2023 3834 2106 capit.
3896 2023 4008 2102 33,
4067 2022 4152 2089 28
4209 2025 4578 2093 celebratur

2638 2108 2874 2173 iisdem
2920 2107 3151 2174 verbis.
3240 2106 3435 2190 Quod
3490 2108 3815 2190 sequitur,
3883 2129 4015 2174 non
4073 2119 4450 2194 reputatum
4495 2113 4580 2179 iri

2640 2194 2812 2260 inter
2867 2201 3129 2278 gentes,
3183 2214 3315 2259 non
3361 2192 3549 2260 debet
3590 2194 3875 2280 intelligi
3918 2196 3999 2261 de
4040 2205 4443 2281 contemptu:
4503 2220 4579 2266 ac

2641 2280 2700 2346 si
2743 2277 2993 2345 dictum
3037 2290 3226 2356 esset,
3272 2279 3454 2345 nullo
3496 2280 3632 2345 fore
3668 2281 3806 2346 loco
3849 2281 3953 2347 vel
3999 2281 4242 2362 gradu:
4286 2283 4401 2351 sed
4438 2285 4579 2371 dig-

2640 2365 2846 2430 nitate
2925 2373 2991 2430 et
3072 2366 3478 2448 praestantia
3567 2365 3903 2432 extollitur
3979 2367 4224 2436 electus
4300 2371 4581 2455 populus

2643 2450 2970 2602 ἓὲᾞζέἒ
2977 2469 3488 2620 Οὲοὲῗέᾚὶ-θὲξ
3529 2450 4581 2609 ῗθιᾰὶἓὲἔίζάἓέιᾝὲἳῖιῇἷζ

2640 2623 2915 2687 florente
2936 2640 3189 2706 quoque
3211 2623 3432 2705 populi
3466 2630 3642 2689 statu
3676 2623 3949 2690 fuerunt
3981 2625 4154 2691 aliae
4169 2626 4585 2695 monarchiae

2643 2706 3083 2791 opulentiores
3097 2758 3112 2787 ‚
3171 2717 3237 2772 et
3299 2709 3667 2792 superiores
3720 2718 3857 2775 tam
3915 2709 4254 2777 hominum
4308 2735 4585 2780 numero

2642 2813 2840 2876 quam
2892 2793 3069 2857 omni
3124 2792 3459 2877 copiarum
3516 2814 3786 2880 genere,
3852 2817 3984 2862 non
4050 2805 4271 2864 tamen
4335 2800 4588 2866 destitit

2645 2878 2965 2945 excellere
3007 2879 3232 2962 populi
3284 2879 3602 2946 conditio:
3658 2882 3810 2965 quia
3864 2903 3996 2948 non
4048 2892 4183 2949 tam
4226 2885 4476 2952 divitiis
4519 2894 4586 2953 et

2645 2975 2919 3030 externo
2961 2971 3279 3048 apparatu
3319 2985 3516 3049 quam
3555 2966 3679 3031 Dei
3714 2966 4058 3052 adoptione
4100 2971 4382 3037 eximius
4425 2981 4582 3039 erat.

2646 3049 2858 3117 Sicuti
2898 3070 3087 3116 mons
3130 3048 3298 3117 Sion
3337 3071 3495 3133 prae
3537 3051 3682 3118 aliis
3725 3054 4056 3121 montibus
4106 3055 4345 3123 nobilis
4401 3079 4587 3126 voca-

2646 3145 2790 3216 tur,
2856 3137 3162 3220 quoniam
3215 3135 3352 3203 illic
3408 3134 3530 3201 sibi
3582 3137 3981 3205 domicilium
4038 3139 4326 3227 elegerat
4381 3142 4585 3212 Deus.

2646 3222 2782 3287 Alii
2818 3231 3174 3305 exponunt,
3210 3221 3421 3288 solum
3455 3223 3595 3288 fore
3629 3225 3958 3308 populum,
4004 3237 4079 3291 ut
4113 3229 4419 3311 gentibus
4455 3251 4585 3296 non

2647 3316 3094 3391 comparetur:
3152 3308 3304 3392 quia
3356 3317 3658 3392 separata
3714 3311 3844 3376 erit
3895 3312 4037 3377 eius
4092 3312 4323 3399 religio
4367 3338 4407 3381 a
4451 3326 4586 3382 toto

2646 3394 2831 3471 orbe,
2903 3412 3025 3458 nec
3088 3415 3158 3459 se
3213 3394 3511 3460 miscebit
3572 3396 3862 3478 profanis
3926 3397 4245 3465 sordibus.
4336 3401 4588 3468 Verum

2649 3479 3002 3564 simplicior
3043 3489 3144 3545 est
3186 3498 3264 3544 ea
3305 3500 3503 3565 quam
3545 3480 3791 3547 adduxi
3832 3484 4169 3566 expositio.

2823 3565 2923 3631 10.
2996 3564 3154 3647 Quis
3213 3566 3580 3633 numerabit.
3689 3567 3867 3635 Hinc
3930 3580 4206 3653 apparet
4270 3572 4588 3642 divinitus

2649 3660 3033 3737 suggestum
3074 3652 3276 3718 fuisse
3318 3653 3443 3737 ipsi
3487 3652 3760 3719 Balaam
3818 3655 3973 3739 quid
4031 3665 4206 3722 esset
4261 3657 4588 3728 dicturus:

2649 3738 2805 3820 quia
2845 3735 3048 3804 verba
3088 3736 3325 3803 recitat
3366 3757 3451 3803 ex
3491 3738 3745 3805 solenni
3788 3740 3916 3806 Dei
3960 3743 4393 3825 promissione
4408 3797 4424 3824 ,
4481 3746 4591 3812 ubi

2650 3823 2984 3893 confertur
3024 3842 3249 3888 semen
3290 3822 3596 3890 Abrahae
3636 3832 3853 3891 terrae
3896 3826 4168 3910 pulveri.
4233 3830 4590 3898 Caeterum

2650 3907 3008 3974 tenendum
3075 3916 3177 3974 est
3230 3908 3401 3991 quod
3458 3932 3670 3993 nuper
3726 3912 3947 3996 attigi,
4009 3915 4311 3997 quamvis
4366 3918 4590 4002 populi

2651 3994 2894 4061 scelere
2955 3992 3039 4060 ad
3103 3995 3417 4079 exiguum
3479 4016 3830 4064 numerum
3893 3997 4156 4066 redacta
4217 4002 4417 4069 fuerit
4475 4003 4589 4070 illa

2649 4078 3019 4158 multitudo,
3063 4099 3201 4144 non
3242 4087 3465 4146 tamen
3506 4082 3754 4150 frustra
3794 4084 3920 4151 hoc
3962 4084 4164 4151 fuisse
4206 4090 4591 4171 pronuncia-

2651 4174 2817 4232 tum:
2864 4166 3018 4249 quia
3062 4166 3356 4248 pancitas
3398 4167 3512 4233 illa
3550 4168 3813 4234 tandem
3843 4169 4221 4252 exundavit,
4265 4183 4344 4239 ut
4377 4182 4590 4241 totum

2649 4249 2975 4317 mundum
3017 4251 3316 4335 repleret.
3405 4251 3710 4320 Sobolem
3769 4275 3926 4341 ergo
3984 4256 4402 4341 hyperbolice
4446 4262 4591 4326 infi-

2649 4338 2855 4403 nitam
2919 4337 3060 4404 fore
3125 4336 3317 4403 dicit:
3391 4339 3699 4422 quoniam
3778 4352 4009 4424 quarta
4071 4363 4223 4426 pars
4288 4348 4404 4412 vix
4469 4348 4593 4413 erit

2650 4421 3096 4491 numerabilis.
3183 4423 3433 4490 Votum
3491 4426 3667 4509 quod
3719 4426 3788 4491 in
3832 4430 3966 4493 fine
4021 4430 4323 4513 ponitur,
4381 4434 4592 4519 magis

2650 4509 3093 4594 emphaticam
3135 4517 3237 4577 est
3270 4531 3466 4594 quam
3501 4512 3784 4596 simplex
3818 4513 4169 4581 affirmatio
4204 4516 4286 4582 de
4327 4527 4595 4586 aeterna

2652 4596 2878 4680 populi
2912 4596 3240 4663 felicitate.
3312 4595 3613 4678 Utinam,
3649 4598 3895 4683 inquit,
3934 4599 4213 4666 eundem
4249 4625 4399 4670 cum
4433 4606 4595 4689 ipsis

2653 4681 2893 4749 sortiar
2950 4685 3219 4749 exitum.
3304 4682 3480 4748 Nam
3535 4684 3780 4769 primo,
3845 4686 4118 4770 quisque
4169 4686 4292 4755 sibi
4348 4692 4595 4775 optime

2653 4767 3027 4835 consultum
3061 4769 3272 4853 cupit:
3309 4767 3543 4834 deinde
3575 4770 3821 4836 fatetur
3840 4771 4116 4837 Balaam
4137 4794 4211 4840 se
4245 4775 4593 4862 indignum

2652 4875 2795 4920 esse
2837 4853 2953 4937 qui
2992 4864 3334 4921 censeatur
3375 4855 3447 4919 in
3491 4854 3695 4922 electo
3732 4856 3862 4922 Dei
3905 4858 4162 4942 populo.
4231 4859 4426 4928 Unde
4461 4864 4594 4930 col-

2651 4939 2858 5024 ligere
2899 4950 3277 5024 promptum
3322 4939 3449 5006 fuit
3490 4961 3682 5026 quam
3744 4942 3948 5009 stulte
3991 4944 4348 5012 confideret
4391 4949 4595 5017 Balac

2652 5026 2794 5091 eius
2835 5025 3295 5092 maledictioni.
3361 5026 3574 5094 Porro
3618 5027 3723 5093 his
3765 5028 3982 5096 verbis
4022 5040 4409 5117 perpetuam
4453 5035 4595 5104 feli-

2652 5110 2917 5177 citatem
2968 5122 3186 5177 notat:
3246 5112 3434 5197 quasi
3492 5112 3773 5194 diceret,
3830 5113 4094 5181 beatum
4150 5118 4292 5183 fore
4347 5128 4482 5187 tam
4524 5123 4595 5192 in
4627 5178 4668 5198 ,,
4719 5144 4762 5161 -·

2652 5204 2863 5262 morte
2906 5217 3103 5281 quam
3143 5198 3216 5263 in
3259 5198 3416 5265 vita.
3494 5198 3756 5265 Interea
3795 5200 3984 5268 testis
4026 5209 4128 5268 est
4169 5202 4432 5272 futurae
4474 5209 4595 5273 im·

2652 5282 3105 5350 mortalitatis:
3149 5305 3278 5350 non
3320 5282 3492 5369 quod
3535 5284 3710 5369 apud
3754 5307 3827 5352 se
3860 5286 4213 5355 meditatus
4246 5289 4447 5357 fuerit
4481 5313 4596 5360 cur

2653 5368 2957 5453 optabilis
3020 5379 3194 5438 esset
3258 5391 3436 5437 mors
3497 5378 3858 5437 rectorum:
3924 5373 4039 5441 sed
4097 5375 4280 5442 Deus
4346 5377 4596 5447 homini
