5017 6142
508 425 644 492 187

518 614 631 681 dat
670 610 861 679 nobie.
940 610 1045 677 21.
1107 610 1293 691 Vide,
1351 610 1520 678 dedit
1562 610 1794 678 Iehova
1837 608 2018 676 Deus
2061 614 2464 676 massoram

509 706 578 766 te
630 703 900 778 umam,
951 696 1235 774 amende,
1279 696 1542 779 posside
1595 695 2108 779 quemadmodum
2148 694 2320 762 dixit
2362 694 2463 760 Ie·

512 785 680 851 hova
712 781 893 851 Deus
922 788 1189 865 patrum
1230 786 1479 848 tuor-mn
1512 782 1643 860 tibi,
1688 803 1764 849 ne
1808 781 2065 862 timeas,
2095 801 2287 864 neque
2327 801 2468 847 eon·

511 870 837 938 ameris.
924 869 1027 935 22.
1088 869 1461 935 Accessisbis
1516 873 1724 935 autem
1782 867 1867 933 ad
1923 886 2019 932 me
2075 886 2283 933 omnes
2336 886 2467 945 voe,

514 963 583 1023 ct
647 955 950 1023 dimidie:
1014 952 1351 1020 Mutamus
1402 954 1572 1019 viros
1629 958 1771 1019 ante
1826 972 1938 1019 nos
1991 951 2103 1034 qui
2151 952 2468 1034 edplorent
2508 1016 2514 1055 ⁴

515 1041 700 1108 nobis
740 1046 991 1118 terrem
1028 1045 1084 1105 et
1115 1040 1392 1122 referant
1425 1039 1607 1106 nobis
1638 1060 1793 1119 rem,
1827 1043 1883 1104 et
1923 1039 2096 1104 viam
2119 1058 2243 1120 per
2275 1057 2466 1120 quam

518 1127 961 1205 ascendam,
1018 1130 1074 1192 et
1128 1125 1312 1191 urbes
1351 1126 1439 1192 ad
1495 1145 1657 1208 quas
1698 1125 2042 1191 veniamus.
2132 1123 2234 1188 23.
2289 1122 2466 1206 Quod

508 1213 765 1297 placuit
807 1212 877 1277 ia
934 1211 1133 1278 oeulis
1180 1212 1368 1292 meis,
1427 1215 1483 1276 et
1525 1212 1774 1293 sumpsi
1814 1231 1890 1277 ex
1930 1209 2102 1276 vobis
2142 1208 2467 1276 duodecim

522 1300 713 1377 viro-9,
755 1298 969 1363 virum
1010 1317 1208 1362 unum
1249 1317 1325 1362 ex
1356 1316 1601 1379 quaque
1641 1295 1825 1362 tribu.
1892 1294 1997 1360 24.
2030 1294 2153 1377 Qui
2174 1294 2468 1361 abierunt

524 1392 581 1451 et
605 1383 1013 1451 ascenderunt
1052 1383 1126 1447 in
1167 1387 1448 1459 mutan,
1486 1388 1899 1463 veneruntque
1917 1401 2118 1463 usque
2140 1381 2226 1444 ad
2244 1380 2468 1446 vallem

528 1468 759 1537 Eschol
771 1520 788 1549 ,
851 1473 909 1534 et
961 1466 1442 1550 exploraverunt
1499 1488 1653 1534 eam.
1756 1467 1860 1534 25.
1924 1465 2343 1548 Tulemntquc
2396 1466 2468 1530 in

522 1574 719 1622 manu
771 1574 895 1620 sua
935 1575 969 1619 e
1008 1554 1223 1636 fructu
1276 1558 1477 1619 terrae
1518 1553 1730 1633 illius,
1791 1559 1848 1619 et
1891 1550 2228 1618 mutarunt
2267 1550 2465 1630 nobis,

523 1662 562 1705 r
1022 1637 1198 1704 nobis
1240 1659 1402 1715 rem,
1448 1657 1520 1705 ac
1560 1639 1883 1705 diverunt.-
1929 1636 2119 1703 Bona
2160 1642 2250 1704 est
2295 1641 2468 1704 terra

525 1746 718 1809 quam
762 1725 996 1792 Iekova
1039 1723 1223 1790 Deus
1261 1729 1465 1791 noster
1506 1726 1618 1792 dat
1656 1725 1849 1791 nobis.

701 1896 759 1964 L
826 1894 1150 1978 Profectus
1206 1898 1295 1961 est
1335 1896 1616 1977 populus
1656 1915 1737 1961 ex
1779 1893 2107 1961 Haseroth.
2183 1893 2468 1961 Videtur

525 1983 741 2068 primo
784 1981 1030 2047 intuitu
1073 2002 1296 2048 secum
1340 2001 1635 2064 pugnare
1679 1981 1940 2047 Moses:
1986 1981 2137 2064 quia
2170 1979 2282 2046 hic
2318 2000 2468 2044 nar-

528 2076 634 2134 rat
691 2088 761 2134 se
803 2067 929 2133 Dei
973 2066 1158 2132 iussu
1195 2066 1450 2132 misisse
1495 2066 1973 2150 exploratores:
2019 2066 2307 2133 secundo
2352 2086 2468 2132 au-

527 2161 668 2220 tem
721 2152 865 2218 loco
920 2159 1390 2218 commemorat
1441 2173 1512 2218 se
1556 2152 1624 2218 id
1669 2152 1999 2237 flagitanti
2059 2151 2301 2235 populo
2355 2151 2466 2218 de-

530 2239 738 2305 disse:
783 2236 898 2304 sed
943 2237 1229 2304 alterum
1270 2259 1424 2304 cum
1454 2237 1661 2303 altero
1706 2237 1897 2304 facile
1937 2238 2261 2304 convenit.
2330 2237 2471 2303 Du·

528 2325 713 2392 bium
771 2333 946 2391 certe
1002 2343 1135 2389 non
1195 2334 1296 2389 est
1339 2323 1497 2407 quin
1547 2324 1729 2390 Deus
1774 2323 2143 2389 infirmitati
2186 2333 2252 2388 et
2295 2322 2469 2389 diffi-

531 2410 793 2476 dentiae
846 2409 1069 2493 populi
1110 2409 1535 2476 consuluerit.
1614 2408 1843 2493 Neque
1888 2410 2065 2476 enim
2108 2409 2472 2474 mittuntur

529 2496 979 2579 exploratores
1037 2495 1151 2579 qui
1207 2495 1561 2562 observent
1619 2514 1747 2579 qua
1804 2502 1989 2578 parte
2032 2493 2471 2579 oppugnanda

528 2581 1102 2733 sauss...
1120 2579 1268 2732 ..¹33⁰
1285 2581 1610 2732 ffati—
1668 2588 1862 2732 Ἢ.
1892 2579 2024 2732 2¹33
2062 2580 2471 2751 aasz&

677 2717 685 2727 ¹
895 2716 915 2747 9

530 2772 731 2838 quam
767 2751 1081 2837 populum
1117 2751 1357 2836 alioqui
1394 2752 1676 2818 residem
1713 2751 1820 2820 vel
1856 2751 2120 2818 tardum
2155 2753 2471 2831 animare,

529 2845 611 2906 ut
662 2857 938 2905 excussa
992 2837 1267 2921 ignavia
1319 2836 1550 2921 cupide
1609 2859 1680 2904 se
1723 2836 2161 2923 accingerent.
2250 2837 2473 2903 Huius

531 2922 805 2990 remedii
868 2922 1224 2989 necessitas
1281 2922 1457 2990 clare
1512 2924 1770 2991 detecta
1823 2922 1954 2990 fuit
2018 2921 2175 2989 dum
2241 2943 2471 2989 omnes

529 3009 709 3076 idem
753 3006 1174 3093 postularunt
1220 3030 1259 3073 a
1301 3009 1506 3076 Mose.
1595 3007 1905 3077 Secunda
1937 3008 2149 3095 igitur
2182 3008 2471 3076 narratio

386 3112 395 3117 ·
534 3095 809 3181 plenior,
849 3092 959 3159 ubi
981 3093 1176 3161 altius
1199 3095 1440 3180 repetit
1468 3096 1676 3162 Mosis
1697 3095 1869 3178 qnod
1892 3094 1962 3160 in
1984 3096 2204 3180 priore
2237 3095 2472 3161 omise-

529 3187 661 3247 rat:
722 3200 955 3264 nempe
1014 3179 1267 3246 factum
1325 3201 1469 3247 esse
1544 3181 1894 3247 timiditate
1952 3180 2176 3264 populi
2236 3199 2312 3247 ac
2354 3202 2475 3264 pu-

426 3292 435 3299 ’
531 3266 699 3333 sillis
767 3266 1004 3331 animis
1075 3287 1159 3333 ne
1233 3286 1388 3333 mox
1458 3266 1804 3335 festinaret
1863 3286 1993 3350 quo
2037 3267 2220 3332 Deus
2276 3286 2469 3333 voca-

529 3350 674 3417 bat:
727 3372 884 3417 nam
915 3351 972 3418 si
1008 3353 1131 3418 sim
1179 3352 1392 3420 liciter
1424 3353 1769 3437 obsequuti
1797 3360 2037 3432 essent,
2074 3353 2255 3419 nulla
2288 3372 2475 3419 mora

530 3437 924 3520 interposita
965 3438 1156 3521 potiti
1198 3439 1478 3506 fuissent
1521 3448 1698 3506 terra
1742 3439 2056 3505 hostium:
2104 3460 2334 3506 verum
2370 3439 2475 3503 in-

534 3522 759 3588 ducias
816 3521 942 3590 sibi
991 3522 1130 3589 dari
1181 3524 1616 3606 postularunt.
1704 3525 1884 3608 Ergo
1928 3524 2201 3591 minime
2243 3525 2472 3591 absur-

530 3607 690 3673 dum
727 3616 847 3689 est,
888 3608 1125 3674 Mosen
1166 3608 1395 3676 fecisse
1428 3610 1651 3694 populi
1686 3619 1920 3695 rogatu
1954 3609 2125 3694 quod
2170 3611 2352 3677 Deus
2387 3610 2474 3675 si·

530 3694 671 3760 mul
728 3694 1090 3777 praecepit:
1147 3696 1301 3778 quia
1355 3696 1621 3762 videbat
1677 3696 1801 3763 hoc
1852 3696 2120 3763 stimulo
2178 3696 2473 3847 indigere

533 3779 644 3864 qui
703 3780 873 3864 pigri
925 3779 1163 3863 alioqui
1229 3788 1450 3861 erant,
1509 3782 1613 3848 vel
1674 3783 1897 3849 minus
1936 3781 2016 3846 ad
2063 3803 2312 3867 pergen
2358 3803 2472 3848 um

532 3865 800 3932 alacres.
889 3865 1234 3949 Proposita
1273 3867 1476 3951 igitur
1520 3879 1731 3934 terrae
1776 3866 2121 3935 dulcedine
2162 3889 2331 3951 quae
2370 3868 2473 3952 ip-

532 3971 643 4016 sos
676 3950 985 4030 alliceret,
1031 3950 1242 4018 voluit
1283 3974 1506 4018 eorum
1551 3951 1903 4020 accendere
1946 3953 2167 4019 studia
2203 3953 2287 4020 ad
2322 3974 2473 4037 per-

533 4035 841 4120 gendum.
926 4036 1097 4102 Nam
1134 4039 1192 4103 si
1237 4038 1488 4106 sincere
1532 4038 1744 4106 officio
1782 4038 2069 4106 defuncti
2105 4050 2326 4106 essent
2364 4060 2474 4106 ex-

533 4120 914 4206 ploratores,
954 4121 1272 4190 adductus
1308 4123 1781 4208 quodammodo
1817 4124 2054 4191 fuisset
2088 4126 2365 4208 populus
2401 4125 2472 4191 in

533 4228 674 4272 rem
729 4217 1168 4291 praesentem:
1223 4209 1393 4294 quod
1450 4210 1772 4294 optimum
1828 4220 1974 4276 erat
2016 4210 2473 4294 compendium

535 4292 839 4357 tollendis
872 4292 1173 4360 omnibus
1207 4296 1500 4362 remoris.
1568 4296 1794 4362 Primo
1831 4304 2050 4362 autem
2080 4296 2473 4363 describitur

535 4377 717 4445 locus
756 4377 928 4443 unde
966 4379 1147 4445 missi
1182 4393 1339 4446 sunt
1383 4381 1851 4465 exploratores,
1898 4402 2032 4447 non
2076 4380 2302 4465 procul
2346 4384 2471 4448 sci-

537 4465 692 4529 licet
735 4473 1023 4529 remotus
1058 4485 1097 4529 a
1134 4475 1357 4532 monte
1393 4465 1582 4533 Sinai
1618 4488 1991 4551 quanquam
2025 4468 2125 4534 bis
2168 4466 2301 4533 iam
2337 4488 2469 4535 cas·

537 4550 869 4616 trametati
926 4556 1140 4631 erant,
1216 4563 1289 4617 ut
1358 4551 1473 4618 illa
1529 4561 1699 4619 esset
1759 4553 1954 4618 tertia
2010 4554 2225 4620 statio.
2325 4553 2470 4619 Iam

538 4642 692 4700 ante
748 4634 958 4719 capite
1018 4634 1266 4703 decimo
1318 4636 1562 4704 dictum
1622 4638 1745 4704 fuit
1789 4638 2028 4705 nubem
2076 4639 2471 4723 requievisse

537 4723 607 4785 in
664 4720 923 4786 deserto
990 4721 1243 4787 Paran:
1320 4723 1490 4807 quod
1564 4723 1861 4790 nonnulli
1928 4723 2255 4808 accipiunt
2317 4724 2470 4792 κατὰ

536 4806 865 4893 πρόληψιν,
925 4808 1109 4889 quasi
1155 4807 1426 4875 dixisset
1449 4809 1687 4888 Moses,
1735 4832 1816 4875 ex
1859 4832 1985 4894 quo
2028 4811 2306 4895 populus
2351 4811 2469 4876 mi·

539 4894 759 4976 gravit
814 4913 849 4956 e
904 4903 1125 4960 monte
1184 4893 1404 4972 Sinai,
1460 4915 1594 4961 non
1652 4896 1977 4979 quievisse
2029 4904 2342 4980 tanquam
2398 4896 2471 4961 in

536 4978 875 5044 mansione
917 4982 1166 5057 stabili,
1227 4980 1432 5047 donec
1479 4982 1734 5047 veniret
1778 4979 1861 5047 ad
1908 4981 2238 5047 desertum
2275 4981 2475 5057 istud.

539 5070 733 5148 atquc
768 5066 860 5130 ita
902 5067 1183 5133 tentoria
1225 5087 1346 5132 sua
1388 5068 1639 5150 figeret.
1719 5066 1852 5133 Sed
1892 5068 2049 5134 haec
2082 5069 2303 5152 opinio
2348 5069 2470 5133 mi·-

539 5149 714 5215 nime
743 5158 1212 5219 consentanea:
1258 5152 1412 5236 quia
1454 5154 1522 5218 in
1546 5152 1847 5220 Taberah
1875 5153 2280 5237 aliquamdiu
2315 5154 2467 5220 sub-

538 5235 785 5302 stitisse
841 5247 1126 5305 constat:
1184 5240 1256 5304 in
1311 5238 1625 5322 sepulcris
1692 5261 1847 5305 vero
1905 5240 2471 5322 concupiscentiae

540 5321 701 5387 satis
761 5321 1000 5391 multos
1067 5326 1205 5392 dies
1275 5325 1472 5391 fuisse
1529 5334 1919 5393 transactos:
1990 5325 2141 5409 quia
2195 5325 2328 5393 illic
2379 5325 2463 5392 ad

1932 419 2342 489 REDI'I'US
2388 422 2517 487 AD
2562 420 3113 488 HISTORIAM.

4390 416 4519 486 188

2567 628 2863 675 mensem
2899 629 3107 694 usque
3151 608 3438 694 saginati
3480 611 3750 675 fuerunt
3784 627 3984 675 carne
4018 606 4256 683 avium,
4302 612 4371 673 et
4406 604 4519 673 de-

2569 693 2723 760 inde
2754 704 3055 780 grassata
3097 705 3198 761 est
3239 694 3445 778 pestis
3484 714 3653 778 quae
3697 693 3939 760 multos
3982 715 4020 760 e
4063 691 4280 759 medio
4324 690 4518 759 tolle-

2569 789 2691 860 ret,
2735 781 2968 864 quibus
3012 779 3408 864 sepeliendis
3451 778 3667 846 danda
3709 780 3832 846 fuit
3867 798 4082 864 opera.
4172 777 4316 844 Iam
4361 798 4514 862 pro·

2568 865 2751 932 xima
2815 866 3013 933 statio
3072 866 3332 951 longior
3390 887 3588 949 quam
3644 874 3898 949 septem
3957 863 4235 931 dierum.
4338 862 4515 931 Mihi

2570 972 2727 1036 ergo
2783 952 3113 1036 probabile
3157 960 3262 1019 est
3310 972 3444 1018 non
3489 951 3824 1019 diversum
3865 949 4082 1018 locum
4127 949 4346 1017 notari
4389 949 4514 1017 sub

2571 1058 2728 1104 voce
2763 1038 3025 1104 Paran:
3071 1036 3186 1103 sed
3231 1037 3357 1103 sim
3405 1037 3617 1103 liciter
3651 1035 3953 1120 intelligi,
3996 1037 4091 1102 ita
4125 1035 4326 1103 fnisse
4362 1056 4515 1120 pro·

2571 1143 2849 1274 gliilessog,
2907 1133 3037 1273 ult-¹:i
3047 1132 3279 1289 taern.
3399 1123 3527 1223 huc
3571 1138 3913 1276 mgnerent
3939 1120 4514 1293 gtepmoetissffi

2569 1230 3058 1275 1usese.
3215 1228 3629 1276 uiaemma
3715 1227 3849 1274 una
4126 1228 4248 1274 con

2570 1305 2713 1360 erat
2774 1295 3107 1361 desertum
3154 1294 3378 1360 Paran
3422 1296 3631 1360 monti
3679 1291 3870 1362 Sinai
3894 1227 4060 1361 lideo
4101 1292 4230 1359 hoc
4270 1312 4513 1360 nomen

2571 1379 2747 1447 illius
2789 1381 2932 1447 loco
2978 1379 3307 1446 interdum
3351 1382 3632 1464 ponitur.
3723 1379 3893 1445 Nam
3935 1387 4113 1446 certe
4157 1388 4513 1463 utrumque

2570 1464 2914 1532 confundit
2969 1466 3187 1533 Moses
3248 1465 3433 1532 alibi:
3479 1465 3786 1533 similiter
3819 1475 3887 1532 et
3920 1464 4242 1549 propheta
4283 1464 4511 1531 Haba-

2571 1573 2690 1618 cuc
2734 1550 2961 1703 &Dent
3012 1550 3117 1632 33,
3161 1552 3222 1617 2.
3268 1551 3516 1618 Habac.
3563 1551 3625 1631 3,
3670 1550 3760 1638 3).

2787 1687 2803 1703 .
2865 1636 3166 1722 Sinqulos
3219 1638 3391 1703 viros
3444 1657 3523 1705 ecc
3578 1657 3824 1720 quaque
3877 1635 4065 1703 tn‘bu.
4155 1633 4234 1704 Si
4277 1653 4508 1703 omnes

2570 1744 2654 1788 ex
2676 1743 2810 1789 una
2833 1721 3030 1804 tribu,
3066 1722 3173 1790 vel
3196 1721 3416 1806 aliqua
3450 1743 3676 1789 earum
3713 1731 3901 1807 parte
3934 1723 4213 1789 fuissent
4245 1743 4392 1788 sum
4439 1722 4517 1803 ti,

2568 1815 2828 1892 poterat
2868 1807 3045 1892 apud
3088 1808 3248 1876 alios
3290 1817 3593 1892 suspecta
3640 1829 3783 1876 esse
3839 1828 4065 1875 eorum
4103 1807 4286 1875 fides.
4442 1828 4513 1873 o-

2569 1894 2696 1960 luit
2738 1915 2894 1978 ergo
2936 1892 3118 1961 Deus
3161 1914 3685 1979 unamquamque
3743 1894 3991 1960 tribum
4034 1894 4300 1978 proprio
4343 1901 4514 1960 teste

2571 1980 2975 2059 confirmari,
3031 2000 3159 2063 quo
3203 1980 3443 2046 certior
3494 1989 3667 2047 esset
3731 2001 3959 2047 eorum
4001 1980 4264 2047 relatus.
4354 1978 4513 2045 'I'ol-

2572 2065 2768 2131 lenda
2802 2067 2999 2131 etiam
3033 2066 3160 2131 fuit
3194 2064 3578 2137 aemulatio:
3623 2086 3710 2132 ne
3752 2066 3812 2134 si
3856 2086 3986 2150 qua
4027 2064 4240 2132 tribus
4282 2065 4512 2132 fuisset

2571 2151 2941 2235 praeterita,
2981 2150 3238 2218 nunciis
3276 2150 3670 2219 obtrectaret
3704 2172 3865 2234 quos
3888 2157 4183 2236 putasset
4215 2150 4288 2216 in
4322 2169 4511 2217 suam

2571 2238 3038 2304 contumeliam
3075 2236 3313 2304 electos
3355 2258 3517 2304 esse.
3578 2236 3732 2305 Huc
3776 2257 3934 2323 ergo
3979 2237 4186 2305 valuit
4220 2257 4298 2303 ae
4341 2235 4512 2303 uali-

2527 2336 2528 2339 ’
2573 2332 2676 2389 tas
2692 2374 2709 2401 ‚
2765 2343 2850 2388 ne
2906 2342 3035 2405 qua
3077 2323 3347 2390 sinistra
3390 2322 3672 2406 suspicio
3717 2322 3826 2390 vel
3882 2322 4158 2390 offensio
4211 2329 4324 2388 tur
4444 2328 4513 2389 et

2573 2407 2797 2493 populi
2844 2408 3042 2475 totius
3084 2429 3492 2476 consensum.
3573 2406 3898 2487 Secundo,
3944 2407 4234 2493 dignitas
4276 2407 4510 2475 statui·

2574 2506 2685 2560 tur
2737 2495 2804 2560 in
2859 2494 3185 2579 personis,
3232 2492 3340 2560 ubi
3376 2492 3558 2561 iubet
3601 2492 3786 2560 Deus
3820 2493 3976 2579 eligi
4018 2493 4367 2577 primarios
4410 2493 4510 2559 vi-

2575 2601 2701 2659 ros,
2738 2599 3012 2663 quorum
3035 2578 3410 2647 testimonio
3446 2579 3655 2646 maior
3690 2588 3946 2647 constet
3978 2579 4317 2647 autoritas.
4378 2576 4515 2646 Ob-

2576 2665 2786 2733 scuris
2841 2664 3017 2732 enim
3073 2664 3450 2731 bominibus
3505 2665 3695 2733 facile
3740 2674 3882 2731 erat
3923 2663 4122 2733 fidem
4169 2665 4506 2751 abrogare.

2574 2750 2770 2833 Quod
2814 2773 2972 2817 vero
3013 2766 3325 2818 neutrum
3361 2750 3633 2818 feliciter
3672 2753 4004 2832 successit,
4040 2750 4198 2819 hinc
4241 2756 4516 2836 apparet

2574 2837 2828 2904 nullum
2873 2858 3018 2903 esse
3059 2846 3195 2903 tam
3231 2844 3486 2904 rectum
3528 2857 3605 2904 ac
3637 2837 3897 2905 salubre
3940 2835 4291 2905 consilium
4334 2834 4512 2920 quod

2575 2943 2710 2988 non
2766 2930 3102 3007 pervertat
3158 2922 3497 2989 bominum
3561 2922 3834 2990 malitia.
3912 2922 4020 2989 Ita
4063 2923 4225 2990 baec
4265 2923 4514 3006 optima

2578 3008 2706 3075 Dei
2746 3008 3159 3092 providentia
3200 3009 3516 3093 populum
3549 3008 3764 3097 magis
3804 3007 4317 3076 inexcusabilem
4359 3007 4511 3074 red-

2576 3091 2761 3160 didit.
2881 3092 3097 3160 Simul
3179 3094 3302 3160 boc
3359 3094 3659 3179 exemplo
3716 3094 3919 3162 semel
3981 3115 4099 3162 nos
4170 3093 4516 3161 admonuit

2575 3181 2759 3247 Deus
2815 3188 3021 3248 utcun
3068 3201 3151 3248 ue
3212 3180 3518 3249 vacillent
3589 3202 3665 3248 ac
3733 3181 4056 3261 titubent,
4127 3189 4245 3246 aut
4309 3181 4513 3246 etiam

2576 3286 2846 3351 prorsus
2881 3267 3023 3333 exci
3070 3274 3185 3333 ant
3228 3267 3340 3350 qui
3375 3267 3504 3333 visi
3548 3275 3704 3334 sunt
3736 3288 3879 3334 esse
3923 3266 4112 3351 quasi
4146 3265 4514 3350 columnae,

2577 3351 2706 3418 fide
2764 3353 3016 3419 animos
3075 3373 3217 3419 esse
3261 3351 3622 3420 fulciendos
3662 3372 3748 3419 ne
3789 3352 4140 3420 labascent.
4218 3351 4511 3419 Nomina

2573 3438 2935 3505 recitantur
2969 3437 3050 3504 ad
3086 3446 3471 3523 perpetuam
3513 3438 3908 3524 ignominiae
3951 3438 4349 3519 memoriam,
4393 3459 4511 3505 ex·

2574 3525 2786 3607 ceptis
2843 3524 3095 3592 duobus
3152 3523 3438 3591 Iehosua
3482 3533 3551 3590 et
3594 3524 3816 3592 Galeb.
3896 3524 4065 3592 Nam
4113 3544 4340 3592 eorum
4382 3523 4514 3591 cri·

2574 3630 2725 3676 men
2771 3609 3073 3677 omnibus
3107 3610 3385 3677 saeculis
3428 3609 3682 3677 traduci
3726 3630 4006 3695 aequum
4051 3610 4196 3690 fuit,
4241 3616 4308 3676 et
4345 3610 4512 3676 inta-

2573 3697 2774 3762 miam
2841 3694 3149 3781 perfidiae
3209 3716 3550 3780 nunquam
3607 3695 3842 3764 deleri:
3911 3695 4173 3781 quando
4230 3695 4508 3780 promis·

2572 3781 2825 3848 sionem
2866 3781 2995 3847 Dei
3038 3790 3102 3847 et
3146 3783 3427 3867 gratiam
3471 3790 3789 3866 quantum
3830 3782 3903 3848 in
3954 3804 4026 3850 se
4068 3790 4209 3848 erat
4252 3781 4511 3849 abolere

2573 3868 2789 3935 conati
2846 3876 3022 3933 sunt.
3105 3868 3312 3934 Porro
3365 3887 3602 3934 nomen
3658 3868 3942 3936 Iehosua
3995 3868 4216 3935 Moses
4273 3867 4511 3951 spiritu

2570 3954 2958 4037 prophetico
3006 3954 3317 4037 imposuit
3365 3952 3497 4019 filio
3531 3952 3723 4020 Nun:
3769 3966 3845 4021 ut
3876 3954 4295 4038 praesagium
4338 3963 4513 4021 esset

2571 4040 2850 4105 eximiae
2892 4038 2976 4106 ad
3020 4060 3213 4124 quam
3251 4039 3615 4107 destinatus
3659 4051 3803 4107 erat
3838 4039 4205 4108 functionis.
4272 4038 4368 4108 Ut
4411 4047 4508 4106 te·

2574 4126 2862 4191 meraria
2913 4132 3018 4191 est
3060 4125 3332 4192 ambitio
3347 4176 3364 4203 ‚
3420 4126 3516 4191 ita
3564 4146 3756 4210 saepe
3815 4126 4113 4193 homines
4155 4125 4511 4192 frustratur

2573 4222 2880 4290 eventus,
2937 4209 3098 4277 dum
3149 4210 3545 4278 honorificos
3606 4212 3831 4278 titulos
3876 4233 3959 4279 ex
4003 4211 4266 4296 proprio
4305 4232 4510 4284 sensu

2572 4294 2912 4363 fabricant.
3001 4297 3258 4363 Verum
3317 4297 3540 4363 Moses
3584 4319 3714 4364 non
3759 4318 3949 4366 caeco
3994 4297 4235 4363 amoris
4271 4297 4510 4365 affectu

2573 4382 2700 4448 fuit
2737 4382 3076 4463 adductus,
3117 4394 3190 4448 ut
3230 4391 3516 4449 mutaret
3550 4404 3788 4451 nomen
3823 4380 4048 4450 Hosea
4081 4383 4151 4449 in
4196 4383 4508 4451 Iehosua:

2573 4467 2688 4534 sed
2748 4467 2929 4534 Deus
2986 4468 3278 4553 linguam
3338 4469 3479 4534 eius
3537 4476 3602 4534 et
3658 4478 3946 4535 mentem
3990 4467 4234 4535 direxit
4276 4477 4358 4535 ut
4396 4467 4511 4554 qui

2571 4554 2830 4621 futurus
2874 4560 3016 4619 crat
3058 4552 3288 4620 salutis
3320 4555 3616 4621 minister
3659 4555 3788 4620 iam
3835 4563 3987 4621 ante
4021 4555 4508 4621 commendare·

2575 4648 2683 4704 tur
2742 4639 2864 4704 hoc
2919 4639 3146 4724 elogio.
3237 4640 3631 4724 Quanquam
3693 4641 3846 4708 hinc
3890 4650 4068 4708 certo
4111 4640 4332 4724 colligi
4377 4660 4507 4706 non

2570 4734 2787 4808 potest
2840 4745 2969 4808 quo
3037 4736 3330 4810 tempore
3384 4724 3667 4792 inditum
3713 4726 3912 4792 fuerit
3961 4747 4202 4793 novum
4247 4748 4505 4793 nomen.

2571 4810 2802 4895 Neque
2860 4811 3036 4876 enim
3095 4812 3486 4895 exprimitur
3527 4820 3683 4880 tunc
3725 4830 3929 4896 quum
3972 4812 4210 4878 missus
4255 4821 4356 4877 est
4399 4833 4508 4878 vo-

2571 4906 2791 4962 catum
2848 4895 3050 4963 fuisse
3105 4896 3420 4964 Iehosua:
3477 4897 3612 4962 imo
3655 4897 3988 4982 probabile
4032 4909 4134 4963 est
4174 4898 4306 4962 iam
4352 4906 4507 4963 ante

2571 4982 2770 5048 fuisse
2829 4983 3219 5067 insignitum
3263 4983 3384 5051 bac
3431 4992 3603 5063 nota,
3641 5004 3725 5048 ex
3768 5004 3895 5066 quo
3938 4983 4188 5052 scilicet
4233 4983 4506 5051 adiunc-

2570 5075 2678 5134 tus
2721 5068 2936 5137 fuerat
2972 5069 3148 5135 Mosi
3181 5089 3399 5136 comes
3442 5078 3509 5135 et
3552 5068 3852 5136 minister
3893 5070 3968 5135 in
4010 5070 4318 5136 maximis
4362 5070 4506 5153 qui-

2570 5152 2825 5238 busque
2861 5155 3073 5221 rebus.

2741 5241 2842 5307 19.
2916 5239 3006 5305 Et
3059 5241 3468 5308 consideretis
3566 5241 3723 5307 Huc
3776 5242 4094 5324 spectavit
4160 5240 4507 5307 consilium

2566 5325 2791 5406 Masis,
2837 5332 2911 5393 ut
2952 5335 3370 5412 cognosceret
3410 5327 3688 5413 populus
3731 5347 3927 5412 quam
3971 5324 4283 5412 opulenta
4335 5333 4508 5394 esset
