5017 6142
450 443 577 509 173

449 652 569 716 pro
614 630 719 698 ius
764 631 1155 712 manifestat,
1198 631 1419 698 minus
1461 652 1604 698 esse
1648 630 2086 709 excusabiles,
2141 630 2221 694 si·
2243 648 2385 693 eam

448 719 544 782 ita
607 716 931 783 ‘beraliter
967 716 1255 783 oblatam
1293 717 1777 802 vilipendimus.
1845 716 2035 799 Quod
2072 715 2385 798 sequitur,

450 802 665 870 videri
707 811 929 886 posset
962 823 1095 868 non
1133 824 1374 888 magna
1409 803 1917 887 reprehensione
1951 802 2244 886 dignum,
2279 820 2389 866 eos

453 887 704 955 scilieet
744 889 1003 955 flevisse
1056 908 1273 955 coram
1317 889 1495 955 Deo:
1551 888 1665 955 sed
1723 890 2027 955 continuo
2083 893 2231 970 post
2273 906 2385 950 ex-

451 973 762 1057 primitur
837 973 1102 1040 sceleris
1177 974 1516 1052 atrocitas,
1597 972 1768 1057 quod
1844 993 2036 1056 aegre
2114 970 2389 1036 tulerint

451 1081 649 1126 suum
725 1079 1061 1143 egressum
1126 1080 1208 1124 ex
1273 1062 1620 1145 Aegypto:
1702 1060 1857 1143 quia
1917 1058 1984 1122 id
2051 1066 2192 1122 erat
2256 1077 2388 1122 non

451 1144 644 1210 modo
689 1144 1036 1227 repudiare
1078 1143 1527 1211 liberationem
1570 1166 1768 1229 quam
1813 1150 1999 1209 tanto
2083 1163 2155 1207 re
2203 1150 2387 1225 opta-

451 1236 708 1309 verant,
752 1229 864 1296 sed
909 1251 1057 1296 cum
1079 1228 1225 1296 Deo
1269 1230 1547 1315 litigare,
1592 1229 1765 1313 quod
1808 1249 1978 1295 exau
2026 1229 2118 1292 ito
2160 1248 2387 1292 eorum

453 1315 737 1383 clamore
814 1315 1088 1381 miseros
1165 1321 1230 1381 et
1307 1313 1595 1399 perditos
1674 1314 1994 1381 redimere
2082 1311 2387 1397 dignatus

451 1407 641 1468 esset.
1148 1452 1155 1459 .

622 1486 725 1551 21.
767 1483 1196 1551 Sexcentorum
1228 1484 1517 1551 millium.
1586 1485 1979 1566 Quanquam
2014 1483 2096 1548 ad
2133 1490 2385 1549 rectum

450 1574 645 1637 finem
672 1568 972 1636 tenderet
996 1570 1232 1650 Moses,
1268 1590 1387 1636 sua
1422 1581 1641 1636 tamen
1676 1568 2129 1634 incredulitate
2163 1568 2383 1652 lapsus

450 1665 566 1733 est,
605 1668 797 1739 atque
831 1654 991 1720 adeo
1030 1656 1099 1720 in
1143 1656 1286 1740 ipso
1326 1655 1558 1721 limine
1598 1654 1890 1738 impegit.
1956 1654 2079 1719 Pia
2121 1654 2383 1736 quidem

448 1741 819 1809 sollicitudo
855 1761 1002 1805 eum
1040 1742 1299 1823 impulit
1343 1740 1423 1805 ad
1462 1740 1961 1806 dubitationem:
2009 1740 2158 1821 quia
2194 1740 2380 1804 time·-

446 1828 557 1893 bat
615 1847 700 1892 ne
760 1825 1000 1891 derisui
1064 1833 1134 1889 et
1196 1824 1449 1907 probris
1514 1831 1872 1908 exponeret
1935 1844 2190 1889 sacrum
2252 1822 2381 1889 Dei

447 1933 721 1992 nomen,
783 1912 839 1976 si
882 1912 1110 1976 inanes
1154 1910 1511 1976 dimitteret
1553 1908 1790 1994 quibus
1832 1909 2163 1992 pollicitus
2206 1916 2380 1974 esset

446 1998 682 2063 cibum.
790 1996 993 2079 Atqui
1070 1994 1468 2062 incredibilis
1530 2016 1636 2060 res
1703 1996 1844 2061 visa
1907 2002 2006 2059 est
2069 1992 2376 2060 carnibus

446 2091 698 2149 tantam
737 2080 1222 2147 multitudinem
1256 2079 1495 2164 repleri
1531 2100 1736 2163 posse.
1810 2077 2134 2145 Sexcenta
2166 2078 2375 2144 millia

447 2167 752 2246 dicende,
814 2166 918 2232 vel
960 2187 1090 2231 non
1134 2174 1363 2231 exacte
1409 2185 1633 2231 omnes
1677 2164 1758 2228 ad
1802 2185 2001 2229 unum
2050 2172 2371 2245 numerat,

445 2253 552 2319 vel
596 2252 922 2336 significat
964 2251 1215 2333 aliquos
1258 2250 1341 2316 ab
1384 2271 1682 2335 egressu,
1740 2250 1812 2315 in
1871 2268 1998 2333 quo
2056 2249 2368 2332 populum

443 2349 859 2405 recensuerat
875 2389 890 2418 ,
945 2337 1236 2421 periisse.
1325 2334 1698 2402 Verisimile
1741 2345 1960 2399 tamen
2006 2344 2110 2400 est
2151 2355 2369 2418 respe-

442 2425 619 2489 xisse
661 2423 742 2488 ad
787 2443 1053 2489 censum
1098 2442 1307 2504 nuper
1348 2433 1562 2486 actum
1578 2472 1593 2500 ,
1636 2421 1709 2485 in
1755 2440 1881 2502 quo
1922 2427 2185 2503 reperta
2225 2420 2368 2486 fue-

442 2518 593 2575 rant
634 2517 943 2575 sexcenta
975 2507 1106 2573 tria
1137 2506 1348 2572 millia
1381 2507 1722 2590 quingenti
1759 2514 1827 2570 et
1862 2504 2366 2589 quinquaginta:

441 2594 555 2661 sed
599 2593 938 2660 brevitatis
979 2612 1175 2658 causa
1215 2593 1628 2675 praecipuam
1672 2609 1994 2656 summam
2052 2591 2362 2673 posuisse,

440 2681 629 2748 sicuti
674 2679 825 2745 alibi
862 2679 1139 2744 eundem
1182 2699 1532 2745 numerum
1575 2677 1811 2761 posuit,
1856 2677 2111 2742 omissis
2153 2675 2363 2742 tribus

440 2764 760 2841 millibus,
827 2763 1200 2848 quingentis
1256 2772 1322 2830 et
1366 2763 1843 2845 quinquaginta
1884 2759 2108 2847 (Num.
2158 2763 2214 2843 1,
2256 2762 2361 2827 46.

440 2851 651 2917 Exod.
715 2851 814 2929 12,
867 2848 997 2936 37).
1097 2848 1445 2920 Caeterum
1501 2847 1753 2932 pedites
1805 2846 2127 2926 vocando,
2187 2848 2364 2913 viros

442 2936 773 3022 designat:
838 2942 1030 3019 atque
1093 2935 1189 3000 ita
1243 2934 1550 2999 mulieres
1605 2942 1672 2998 et
1732 2933 2040 3017 parvulos
2105 2933 2362 3018 excipit.

439 3022 636 3088 Certe
671 3022 884 3104 potuit
915 3027 1100 3086 tanta
1132 3018 1483 3085 multitudo
1517 3039 1667 3084 eum
1702 3017 1973 3084 reddere
1996 3020 2363 3099 attonitum,

444 3109 545 3174 vel
594 3107 823 3173 saltem
884 3114 1198 3172 terrorem
1254 3106 1519 3170 iniicere
1535 3155 1550 3182 ,
1606 3112 1683 3170 ut
1739 3103 2149 3187 promissioni
2195 3102 2365 3169 diffi-

444 3193 645 3259 deret.
750 3193 867 3258 Bis
928 3200 1148 3255 tamen
1203 3191 1436 3256 vitiosa
1490 3189 1614 3255 fuit
1668 3188 2017 3255 dubitatio:
2081 3189 2365 3272 primum

442 3279 596 3363 quia
637 3300 769 3344 non
812 3276 1195 3360 simpliciter
1236 3276 1576 3360 acquievit,
1625 3295 1701 3340 ae
1742 3276 1798 3341 si
1845 3295 1971 3341 666
2016 3276 2176 3341 satis
2217 3295 2368 3358 per-

443 3385 678 3430 suasus
723 3370 893 3428 esset
936 3363 1148 3428 Deum
1195 3383 1336 3430 esse
1379 3361 1451 3425 in
1495 3359 1794 3426 omnibus
1838 3361 1976 3426 suis
2021 3360 2210 3428 dictis
2252 3383 2367 3427 ve·

443 3470 691 3516 racem:
745 3447 977 3513 deinde
1034 3448 1189 3532 quia
1244 3440 1787 3513 inaestimabilem
1832 3446 1959 3511 Dei
2010 3447 2368 3530 potentiam

441 3556 637 3602 sensu
672 3555 789 3601 suo
824 3533 1041 3599 metiri
1074 3554 1415 3617 perperam
1450 3532 1523 3597 in
1558 3531 1853 3596 animum
1887 3530 2168 3597 induxit.
2211 3533 2367 3598 Dis-

440 3641 665 3689 eamus
710 3641 865 3704 ergo
883 3671 898 3698 ,
959 3618 1230 3685 simulac
1286 3618 1594 3702 loquutus
1637 3623 1736 3683 est
1780 3616 1965 3683 Deus
1981 3668 1997 3695 ,
2055 3618 2196 3684 sine
2240 3617 2371 3683 dis-

438 3706 807 3791 ceptatione
852 3705 1154 3789 amplecti
1196 3703 1509 3788 quidquid
1545 3726 1631 3768 ex
1672 3703 1811 3768 eius
1856 3723 1968 3767 ore
2010 3704 2369 3786 profectum

438 3802 578 3859 est:
623 3790 858 3877 deinde
901 3810 1022 3855 666
1064 3791 1240 3873 ipsos
1282 3797 1351 3856 et
1382 3798 1637 3855 mentes
1670 3795 1931 3855 nostras
1964 3788 2035 3852 in
2077 3788 2370 3856 ordinem

437 3899 672 3962 eogere
716 3876 960 3959 pariter
1002 3875 1341 3956 discamus,
1387 3897 1462 3940 ac
1503 3876 1754 3942 interea
1787 3873 1915 3940 fide
1949 3894 2150 3957 supra
2183 3895 2373 3940 mun-

441 3964 600 4029 dum
644 3971 713 4026 et
752 3971 1026 4027 naturae
1069 3963 1385 4026 rationem
1421 3961 1882 4027 conscendere:
1927 3968 2004 4025 ut
2039 3959 2221 4025 nulla
2253 3981 2372 4027 666

441 4048 816 4116 absurditas
858 4046 1168 4130 impediat
1208 4067 1400 4131 quam
1446 4047 1630 4113 nobis
1675 4067 1824 4112 caro
1866 4046 2124 4113 obiiciet
2140 4096 2156 4124 ‚
2213 4047 2371 4130 quin

340 4140 347 4147 ’
441 4139 624 4202 certo
667 4141 1030 4199 statuamus
1071 4130 1289 4197 Deum
1328 4153 1448 4198 sua
1489 4132 1778 4214 potentia
1818 4132 2140 4198 facturum
2185 4131 2370 4216 quid·

443 4219 605 4304 quid
663 4219 997 4369 (promisit.
1093 4217 1308 4284 Nimis
1386 4216 1560 4283 enim
1623 4237 1935 4301 perversa
1998 4217 2368 4284 aestimatio

443 4315 576 4384 est,
621 4327 660 4370 a
747 4324 1158 4370 communem
1201 4303 1494 4388 regulam
1538 4304 1800 4387 exigere
1842 4303 1970 4368 Dei
2012 4322 2235 4386 opera:
2294 4325 2369 4370 ao

444 4393 505 4457 si
549 4411 678 4457 non
720 4389 921 4455 latius
973 4396 1225 4472 pateret
1278 4390 1416 4455 eius
1476 4389 1683 4455 virtus
1740 4409 1931 4472 quam
1990 4410 2059 4455 66
2116 4398 2369 4456 mentes

444 4484 709 4543 nostrae
763 4475 1140 4542 extendunt.
1229 4474 1461 4558 Itaque
1517 4474 1864 4559 diligenter
1920 4473 2206 4541 notanda
2268 4482 2370 4541 est

444 4561 839 4645 obiurgatio,
901 4581 1027 4644 qua
1081 4562 1173 4627 sic
1216 4561 1446 4626 Mosen
1475 4561 1671 4626 Deus
1725 4560 1923 4625 semel
1978 4561 2372 4643 compescuit

446 4660 525 4714 ut
565 4646 760 4712 hodie
801 4666 1025 4711 omnes
1068 4645 1467 4711 diffidentiae
1510 4646 1764 4711 morbos
1807 4646 2131 4729 corrigere
2163 4654 2231 4712 et
2264 4667 2369 4713 sa·

448 4755 609 4799 nare
651 4731 900 4798 debeat.
956 4731 1370 4797 Immensitas
1411 4731 1587 4797 enim
1631 4751 1865 4796 manus
1904 4730 2032 4795 Dei
2077 4734 2370 4817 coarguit

448 4819 788 4885 hominum
830 4817 1190 4895 stultitiam,
1236 4817 1345 4899 qui
1389 4837 1532 4881 eam
1569 4816 1834 4881 arbitrio
1867 4836 1986 4882 suo
2021 4826 2087 4881 et
2118 4818 2371 4902 legibus

448 4905 816 4971 subiiciunt.
914 4903 1082 4967 Nam
1148 4910 1223 4967 ut
1291 4921 1558 4966 manum
1628 4921 1816 4967 suam
1872 4922 2004 4966 non
2061 4903 2371 4969 extendat

452 4989 656 5065 Deus,
701 4988 962 5073 pugillo,
1006 5000 1080 5053 ut
1122 4987 1360 5053 dicitur
1401 4986 1570 5070 apud
1605 4986 1844 5052 Isaiam
1883 4986 2012 5074 (40,
2061 4988 2187 5075 12),
2230 5010 2370 5055 coe-

450 5077 593 5141 lum
632 5081 699 5139 et
741 5082 981 5138 terram
1019 5071 1526 5157 comprehendit.
1617 5072 1826 5163 Cuius
1869 5094 2022 5156 ergo
2067 5075 2372 5141 vesaniae

453 5168 555 5227 est
620 5179 888 5224 manum
950 5159 1117 5226 hane
1194 5179 1359 5242 quae
1420 5164 1684 5226 centum
1753 5157 2026 5224 mundos
2088 5167 2371 5244 superat,

452 5244 628 5311 velle
671 5265 868 5311 sensu
911 5253 1130 5310 nostro
1165 5264 1417 5327 capere,
1459 5251 1527 5311 et
1560 5245 1741 5328 quasi
1776 5252 1999 5310 tenere
2032 5245 2371 5312 inclusam:

453 5332 636 5416 Ergo
678 5329 947 5398 simulac
989 5330 1350 5396 diffidentia
1391 5329 1577 5396 nobis
1613 5351 1697 5394 ex
1733 5328 2220 5397 difficultatibus
2263 5331 2375 5397 ob·

1862 408 2271 511 nummus
2315 441 2444 508 AD
2489 441 3034 511 HISTORIAM.

4306 452 4433 518 174

2487 639 2691 715 repet,
2725 631 2947 697 veniat
2980 631 3051 696 in
3089 641 3376 698 mentem
3402 634 3562 700 haec
3584 635 3926 714 sententia,
3964 636 4425 719 promissiones

2486 714 2616 781 Dei
2660 738 2789 782 non
2836 717 3148 785 excedere
3190 719 3459 785 virtutis
3496 720 3780 800 modum,
3825 722 3983 803 quin
4019 742 4214 805 opere
4248 743 4424 790 com-

2486 802 2664 885 pleat
2730 802 3040 886 quidquid
3122 804 3604 895 pronunciarit.
3714 806 3921 871 Porro
3995 807 4427 894 interrogatio

2487 886 2676 954 haec:
2726 889 2830 953 An
2877 909 3114 955 manus
3159 889 3289 955 Dei
3331 890 3417 955 sit
3473 890 3855 970 imminuta,
3914 890 4161 959 duobus
4205 894 4425 961 modis

2488 973 2729 1055 exponi
2764 982 2993 1057 potest.
3053 974 3222 1040 Nam
3261 984 3454 1041 vetus
3487 976 3809 1059 interpres
3844 976 4157 1044 reddidit:
4206 979 4417 1047 Estne

2485 1057 2776 1125 invalida
2839 1060 2967 1125 Dei
3030 1058 3306 1126 manus?
3384 1058 3516 1127 Sed
3581 1060 3845 1127 videtur
3909 1062 4090 1129 Deus
4154 1068 4417 1148 experi-

2489 1152 2712 1208 menta
2754 1145 3043 1227 proferre
3085 1147 3150 1209 in
3196 1143 3513 1227 medium,
3556 1146 3786 1229 quibus
3829 1167 4012 1212 suam
4056 1151 4416 1232 potentiam

2489 1236 2767 1295 testatus
2811 1240 2926 1307 est,
2974 1250 3105 1295 non
3149 1230 3340 1295 modo
3384 1232 3453 1295 in
3497 1231 3657 1297 coeli
3701 1242 3767 1297 et
3809 1243 4023 1299 terrae
4068 1238 4411 1316 creatione,

2487 1313 2602 1378 sed
2645 1314 2709 1379 in
2758 1321 2858 1380 tot
2908 1314 3240 1382 miraculis
3298 1337 3506 1400 nuper
3562 1316 3782 1384 editis:
3845 1338 3919 1384 66
3963 1319 4017 1384 61
4063 1319 4266 1386 Μ6616
4309 1323 4410 1386 in-

2486 1399 2951 1550 gratitudinem
3013 1401 3519 1485 perstringeret,
3582 1404 3690 1486 qui
3754 1405 3823 1469 in
3882 1404 4227 1487 praeclaris
4282 1406 4412 1473 illis

2531 1485 2891 1551 ocumentis
2931 1493 3064 1550 tam
3112 1486 3280 1551 male
3307 1487 3705 1570 profecerat.
3792 1488 3938 1554 Hoc
3994 1491 4165 1555 enim
4214 1512 4409 1557 sensu

2484 1569 2966 1635 idem‘verbum
3005 1580 3278 1654 usurpat
3300 1571 3504 1638 Isaias
3535 1571 3666 1722 gii),
3707 1572 3788 1659 1),
3835 1574 3945 1639 ubi
3990 1574 4176 1641 dicit:
4220 1576 4408 1659 Eece,

2485 1676 2621 1720 666
2663 1666 2765 1720 est
2825 1655 3200 1722 abbreviata
3256 1678 3491 1723 manus
3601 1659 3821 1724 omini.
3909 1660 4202 1725 Dubium
4255 1683 4408 1729 vero

2484 1761 2613 1804 non
2660 1749 2761 1805 est
2801 1741 2957 1823 quin
3000 1741 3405 1825 superiorum
3451 1753 3815 1826 temporum
3870 1745 4180 1812 beneficia
4235 1767 4407 1812 com·

2481 1823 2779 1904 mendet,
2843 1825 2913 1890 in
2969 1826 3201 1908 quibus
3260 1828 3536 1910 populus
3590 1829 3943 1895 salvificam
4004 1831 4130 1895 Dei
4185 1842 4407 1914 poten-

2479 1912 2642 1974 tiam
2676 1921 2988 1995 expertus
3024 1920 3184 1977 erat.
3253 1912 3576 1978 Futurum
3619 1916 3803 1980 verbi
3846 1924 4103 1998 tempus
4145 1918 4404 1998 retinui,

2477 1996 2630 2077 quia
2674 2016 2937 2061 sensum
2982 2018 3109 2061 non
3153 1995 3472 2063 obscurat.
3562 1999 3973 2065 Tantundem
4021 2002 4192 2072 enim
4231 2001 4407 2067 valet

2477 2100 2553 2145 66
2610 2081 2665 2145 61
2723 2079 2967 2147 dictum
3027 2089 3232 2147 esset:
3290 2082 3397 2147 An
3456 2083 3644 2149 solito
3711 2105 3883 2150 nunc
3948 2085 4217 2151 debilior
4279 2089 4407 2153 erit

2476 2166 2602 2231 Dei
2648 2186 2899 2314 mapus,
2968 2188 3051 2232 ne
3096 2167 3403 2233 virtutem
3450 2188 3615 2251 quae
3660 2170 3937 2236 antehac
3980 2173 4238 2255 cognita
4282 2173 4408 2238 fuit

2474 2258 2738 2317 exserat

2995 2587 3127 2656 Ex
3166 2587 3497 2656 EODEM
3537 2590 3883 2659 CAPI'I'E.

2640 2761 2743 2827 24.
2789 2760 3107 2845 Eqresws
3147 2765 3240 2825 est
3277 2765 3485 2826 autem
3528 2758 3772 2844 Moses,
3813 2767 3871 2829 et
3912 2762 4128 2828 retulit
4162 2763 4252 2827 ad
4281 2784 4404 2845 po-

2457 2848 2685 2932 pulum
2718 2847 2904 2912 verba
2940 2844 3235 2911 Iehovae:
3278 2849 3776 2931 conqreqavitque
3809 2849 4201 2932 septuaqinta
4232 2849 4404 2915 viros

2466 2955 2500 3000 e
2533 2931 2883 3000 senioribus
2906 2931 3147 3014 populi,
3176 2951 3331 3014 quos
3358 2935 3576 2999 statuit
3606 2935 3676 2999 in
3708 2935 3976 3002 circuitu
3994 2932 4396 3000 tabernaculi.

2466 3020 2571 3085 25.
2624 3020 2799 3085 Tunc
2848 3017 3156 3084 descendit
3197 3016 3437 3083 Iehova
3492 3019 3563 3083 im
3621 3018 3810 3098 nube,
3868 3024 3929 3085 et
3985 3018 4271 3100 loquutus
4310 3024 4403 3085 est

2468 3106 2554 3171 ad
2596 3125 2769 3170 eum:
2808 3109 2866 3169 et
2903 3122 3180 3169 seorsum
3221 3105 3454 3186 accepit
3492 3105 3568 3169 de
3609 3104 3845 3186 spiritu
3886 3105 3997 3185 qui
4039 3108 4173 3169 erat
4211 3124 4404 3186 super

2469 3210 2609 3257 eum
2622 3240 2638 3269 ,
2692 3189 3024 3272 posuitque
3066 3207 3258 3269 super
3309 3189 3700 3272 septuaqinta
3754 3191 3925 3255 viros
3980 3189 4282 3255 seniores:
4342 3195 4402 3255 et

2465 3277 2591 3360 fuit
2629 3281 2701 3340 ut
2740 3275 3146 3357 requiescente
3201 3273 3272 3338 iu
3328 3274 3422 3338 eis
3474 3275 3710 3357 spiritu
3757 3274 4288 3356 prophetaverint:
4346 3279 4401 3340 et

2468 3382 2594 3428 nou
2635 3360 3025 3426 addiderunt.
3113 3358 3215 3423 26.
3266 3357 3720 3425 Reman-serunt
3759 3364 3966 3425 autem
4006 3359 4129 3425 duo
4167 3359 4298 3424 viri
4328 3359 4401 3425 in

2471 3448 2715 3526 castris,
2749 3465 2969 3512 nomen
3001 3445 3197 3510 unius
3217 3442 3453 3523 Eldad,
3498 3449 3553 3510 et
3584 3464 3803 3511 nomen
3834 3445 4099 3510 alterius
4128 3442 4403 3510 Medad:

2471 3553 2663 3614 cuper
2716 3551 2870 3614 quos
2926 3531 3112 3596 etiam
3166 3530 3464 3612 requievit
3505 3531 3769 3612 spiritus
3810 3528 4015 3616 (eraut
4055 3548 4198 3595 vero
4240 3531 4403 3596 irater

2471 3621 2737 3700 scriptos
2751 3667 2768 3698 ,
2810 3615 2920 3683 sed
2957 3636 3078 3681 non
3118 3615 3349 3700 eqressi
3389 3615 3643 3697 fueraut
3683 3616 3767 3681 ad
3808 3612 4302 3701 tabemaculurn)
4344 3620 4402 3680 et

2463 3704 2833 3787 prophetare
2872 3706 3196 3784 coeperunt
3239 3702 3307 3767 in
3340 3703 3585 3767 castris,
3657 3702 3760 3767 27.
3807 3700 3895 3766 Et
3934 3701 4204 3767 cucurrit
4228 3720 4400 3780 puer

2472 3789 2752 3872 quidam,
2795 3793 2853 3853 et
2882 3786 3201 3854 nunciavit
3243 3786 3431 3858 Mos-i.
3474 3786 3786 3870 dixitque:
3825 3785 4047 3852 Eldad
4087 3790 4142 3850 et
4163 3784 4401 3851 Medad

2460 3874 2836 3957 prophetant
2896 3874 2967 3938 iu
3030 3873 3267 3938 castris.
3366 3872 3469 3938 28.
3533 3872 3707 3939 Tunc
3758 3871 4076 3953 respondit
4129 3869 4400 3935 Iehosua

2468 3960 2645 4044 filius
2670 3961 2826 4026 Nun
2867 3960 3153 4025 minister
3173 3956 3379 4024 Masis
3423 3976 3501 4022 ex
3541 3957 3868 4023 iuvenibus
3909 3956 4065 4031 eius,
4109 3960 4165 4021 et
4204 3955 4400 4021 dixit.-

2471 4046 2744 4114 Domine
2802 4046 2896 4110 mi
2953 4043 3162 4111 Moses
3211 4042 3471 4125 prohibe
3532 4062 3651 4109 eoa.
3738 4043 3841 4110 29.
3902 4040 4024 4105 Oui
4081 4040 4400 4121 respondit

2472 4133 2717 4199 Moses:
2761 4131 3088 4213 Numquid
3122 4128 3462 4195 aemularis
3494 4134 3563 4194 tu
3591 4134 3847 4212 propter
3876 4125 4023 4191 me?
4066 4131 4121 4192 et
4152 4126 4399 4192 utinam

2470 4218 2803 4284 universus
2834 4216 3110 4299 populus
3153 4214 3413 4280 Iehovae
3445 4212 3784 4297 prophetae
3823 4216 4020 4280 esseut
4034 4262 4050 4291 ,
4108 4217 4290 4295 atque
4329 4217 4400 4276 ut

2470 4305 2644 4371 daret
2689 4302 2918 4370 Iehova
2957 4302 3249 4383 spiritum
3290 4318 3477 4366 suum
3518 4319 3705 4381 super
3746 4319 3861 4366 eos,

2642 4475 2747 4540 24.
2813 4469 3123 4557 Eqressus
3187 4474 3278 4536 eet
3337 4475 3544 4536 autem
3586 4469 3816 4536 Moses,
3904 4468 4033 4533 Hic
4097 4466 4394 4533 videmus

2472 4570 2791 4646 quantum
2856 4556 3028 4624 Mosi
3104 4556 3423 4639 profuerit
3502 4555 3718 4621 brevis
3797 4553 4170 4637 castigatio:
4244 4552 4395 4636 quia

2475 4665 2652 4711 nune
2696 4645 2998 4710 alacriter
3039 4642 3210 4725 quod
3255 4641 3632 4707 mandatum
3676 4648 3778 4705 est
3818 4640 4086 4723 peragit.
4152 4638 4393 4702 Remo·

2472 4751 2614 4798 ram
2674 4731 2983 4794 iniecerat
3046 4726 3392 4808 dubitatio,
3464 4734 3542 4792 ut
3605 4725 3984 4792 subsisteret
4046 4724 4115 4811 in
4178 4720 4392 4785 medio

2472 4837 2697 4885 eursu:
2742 4836 2917 4880 nunc
2962 4813 3255 4896 obsequii
3295 4810 3805 4899 promptitudine
3848 4816 4126 4875 testatur
4165 4804 4393 4872 subac-

2472 4913 2606 4969 tam
2651 4921 2795 4967 esse
2837 4899 3282 4964 diffidentiam.
3370 4897 3540 4963 Nam
3596 4898 3766 4964 sieut
3818 4895 4112 4961 homines
4168 4891 4394 4956 exani-

2473 4997 2609 5054 mat
2651 4984 3101 5061 incredulitas,
3160 4992 3234 5048 ut
3292 4984 3513 5069 ignavi
3555 4983 3840 5060 iaceant,
3895 4981 3990 5043 ita
4029 4977 4282 5042 animae
4326 4983 4394 5039 et

2472 5073 2725 5157 corpori
2769 5072 3059 5155 vigorem
3102 5069 3378 5152 inspirat
3407 5069 3583 5145 fides,
3626 5076 3702 5132 ut
3733 5067 3942 5132 officio
3974 5082 4091 5127 suo
4125 5069 4393 5126 strenue

2474 5161 2850 5243 fungantur.
2909 5157 3055 5221 Etsi
3093 5160 3308 5220 autem
3347 5154 3583 5219 diserte
3618 5153 3687 5216 in
3709 5156 4013 5215 contextu
4037 5167 4169 5211 non
4191 5147 4393 5212 refert

2476 5266 2546 5310 se
2610 5243 2690 5307 de
2757 5243 3057 5308 carnibus
3125 5240 3324 5306 verba
3387 5239 3639 5317 fecisse,
3718 5232 4107 5319 generaliter
4169 5243 4387 5297 tamen

2476 5329 2763 5397 ostendit
2817 5349 2887 5393 se
2946 5326 3106 5391 nihil
3166 5323 3691 5408 praetermisisse.
3777 5319 3869 5385 Et
3924 5338 4080 5384 vero
4121 5319 4391 5385 minime
