5017 6142
556 475 681 541 107

552 664 831 730 missum
874 660 1108 739 fuerat,
1153 678 1270 743 per
1312 656 1482 722 hanc
1527 654 1806 739 gratiam
1844 654 2058 738 ipsum
2105 653 2500 721 obtestatur:

554 749 630 816 Si
668 759 898 815 nactus
943 766 1108 824 sum,
1153 744 1381 828 inquit,
1423 745 1703 826 gratiam
1740 760 1959 806 coram
2004 750 2105 817 te,
2152 740 2275 807 hoc
2319 741 2502 806 testi-

553 836 776 901 monio
856 834 1200 900 confirmes
1265 829 1367 893 vel
1432 826 1779 912 approbes,
1845 835 1920 892 ut
1995 846 2225 892 rursus
2296 827 2504 891 nostri

552 942 778 989 curam
859 919 1192 1001 suscipias.
1279 915 1449 979 Nam
1532 934 1650 997 per
1728 913 1900 977 viam
1984 912 2113 977 Dei
2191 911 2530 996 intelligit'

552 1007 740 1072 illam
796 1003 1220 1071 directionem
1263 1022 1391 1084 qua
1440 1008 1715 1064 testatus
1759 997 1976 1063 fuerat
2019 1019 2089 1063 se
2126 1000 2380 1081 praeire
2421 998 2503 1063 ad

553 1091 1058 1159 monstrandum
1099 1088 1246 1152 iter.
1333 1087 1417 1152 In
1463 1105 1753 1164 summa,
1798 1084 1922 1149 hoc
1957 1083 2200 1150 favoris
2241 1084 2505 1169 signum

556 1179 682 1246 sibi
736 1178 880 1242 dari
933 1174 1254 1259 postulat,
1312 1174 1370 1238 si
1418 1171 1729 1254 populum
1789 1169 1974 1235 Deus
2031 1179 2346 1254 perpetuo
2385 1192 2503 1255 gu·

556 1266 802 1331 bernet.
892 1262 1050 1327 Ideo
1117 1259 1306 1325 dicit:
1384 1257 1530 1323 Hoc
1592 1257 1784 1321 modo
1855 1264 1920 1320 te
1984 1275 2059 1320 co
2110 1277 2372 1321 noscam
2438 1263 2505 1321 et

553 1348 891 1434 apparebit
954 1367 1060 1411 me
1138 1345 1256 1411 tibi
1323 1352 1586 1428 gratum
1666 1360 1826 1408 esse.
1916 1278 2209 1406 Tandem
2273 1341 2504 1406 foedus

553 1437 681 1502 Dei
739 1442 1208 1501 commemorat
1264 1452 1412 1496 cum
1472 1438 1609 1494 toto
1665 1427 1934 1513 populo:
1991 1448 2067 1492 ac
2124 1429 2179 1492 si
2225 1426 2501 1491 diceret:

554 1519 879 1603 Quamvis
936 1518 1101 1585 nolit
1156 1518 1343 1583 Deus
1398 1515 1708 1599 privatim
1765 1514 1887 1578 hoc
1951 1512 2066 1578 uni
2129 1510 2502 1592 concedere,

546 1608 746 1672 aliam
790 1626 932 1671 esse
972 1604 1340 1689 graviorem
1386 1621 1682 1677 causam,
1742 1600 1897 1682 quia
1951 1599 2266 1682 populum
2311 1598 2500 1663 illum

547 1691 976 1776 adoptaverit.
1052 1688 1250 1756 Unde
1307 1687 1603 1770 sequitur
1659 1707 1941 1768 aequum
1986 1705 2161 1760 esse,
2205 1699 2279 1750 ut
2322 1707 2362 1750 a
2397 1704 2499 1749 re-

548 1779 749 1862 liquis
783 1777 1094 1861 gentibus
1128 1795 1278 1840 eum
1318 1771 1643 1838 discernat
1677 1771 1960 1854 propriis
2003 1770 2193 1836 notis.

721 1863 822 1929 14.
893 1861 1123 1927 Facies
1184 1880 1323 1926 mea
1375 1857 1720 1942 praecedet.
1811 1857 1917 1922 Ex
1992 1876 2305 1939 responso
2371 1856 2501 1922 col·

551 1951 818 2035 ligimus
875 1946 1031 2031 quid
1083 1946 1211 2013 sibi
1265 1944 1549 2011 voluerit
1602 1943 1841 2009 Moses.
1910 1942 2095 2009 Deus
2137 1944 2315 2006 enim
2359 1943 2504 2007 eius

552 2047 710 2102 voto
772 2054 1105 2113 8888888,
1163 2052 1294 2097 888
1342 2031 1544 2096 verbo
1601 2030 1888 2094 affirmat
1945 2049 2015 2094 88
2072 2028 2500 2113 praeiturum.

553 2130 632 2188 ut
670 2120 950 2187 solebat:
1006 2117 1177 2202 quod
1232 2126 1485 2183 certum
1541 2115 1780 2199 pignus
1836 2114 1961 2179 fuit
2009 2134 2146 2178 non
2205 2111 2505 2197 vulgaris

554 2207 981 2292 praesentiae.
1070 2204 1246 2269 Nam
1301 2202 1603 2286 quamvis
1668 2211 1841 2266 totus
1895 2200 2180 2266 mundus
2238 2209 2504 2284 regatur

556 2295 697 2359 eius
761 2290 1207 2377 providentia,
1274 2309 1409 2354 non
1478 2296 1698 2352 tamen
1763 2286 1930 2362 illic,
1988 2296 2067 2351 ut
2121 2287 2192 2350 in
2260 2284 2505 2351 tuenda

555 2378 868 2447 ecclesiae
912 2378 1127 2443 salute
1147 2425 1162 2453 ,
1222 2375 1570 2456 conspicua
1612 2375 1754 2438 eius
1791 2372 1990 2436 facies
2035 2380 2323 2455 apparet.
2411 2373 2506 2437 Et

556 2486 718 2531 sane
777 2485 980 2547 quum
1038 2462 1212 2526 idem
1258 2460 1532 2543 angelus
1585 2480 1778 2542 quem
1842 2469 1997 2523 ante
2039 2458 2274 2523 castris
2317 2476 2503 2541 prae-

552 2553 814 2626 fecerat,
858 2569 1098 2613 munus
1132 2544 1544 2631 gubernandi
1580 2542 1804 2627 populi
1840 2543 2094 2622 obierit,
2137 2542 2292 2608 inde
2330 2550 2508 2609 certe

554 2636 868 2720 probatur
910 2643 1179 2699 aeterna
1222 2631 1475 2698 Christi
1519 2630 1848 2695 divinitas.
1930 2629 2268 2696 Particula
2313 2628 2506 2695 haec:

553 2722 788 2788 Facies
817 2741 963 2785 mea
990 2717 1353 2802 praecedet,
1389 2715 1779 2781 tantundem
1815 2714 1995 2781 valet
2018 2736 2093 2782 ac
2122 2716 2178 2780 si
2207 2715 2505 2781 dixisset:

555 2807 672 2875 Sic
714 2816 780 2871 te
834 2804 1251 2890 praecedam,
1319 2813 1395 2868 ut
1456 2822 1615 2868 vere
1659 2802 1908 2867 sentias
1971 2822 2080 2866 me
2126 2802 2342 2886 ipsum
2388 2802 2508 2867 tibi

554 2893 814 2959 adesse:
862 2912 938 2956 ac
974 2891 1033 2956 si
1076 2891 1146 2954 in
1187 2888 1452 2972 speculo
1488 2888 1719 2954 faciem
1778 2908 1991 2952 meam
2036 2907 2340 2953 cerneres
2390 2887 2506 2952 tibi

556 2990 713 3045 ante
790 2977 1013 3044 oculos
1070 2976 1372 3059 positam.
1464 2974 1544 3038 Id
1609 2994 1770 3039 vero
1835 2994 2036 3056 quum
2100 2973 2173 3037 in
2239 2972 2507 3039 Christo

554 3065 897 3149 impletum
959 3062 1191 3141 fuerit,
1270 3061 1570 3143 sequitur
1642 3061 1856 3124 Deum
1923 3079 2065 3125 esse
2132 3068 2504 3124 aeternum:

554 3152 740 3218 cuius
783 3149 1009 3232 gloria,
1051 3147 1404 3230 imperium
1448 3154 1515 3211 et
1558 3146 1863 3211 maiestas
1905 3152 2240 3212 creaturas
2282 3166 2510 3211 omnes

556 3237 1016 3320 supereminet.
1104 3233 1394 3315 Requies
1459 3252 1689 3315 quam·
1721 3232 2076 3314 promittit,
2143 3231 2225 3296 ad
2293 3252 2509 3314 perse·

558 3321 924 3388 verantiam
1003 3319 1282 3405 gratiae²
1336 3327 1403 3384 et
1496 3317 1804 3384 ultimum
1897 3318 2091 3382 finem
2185 3320 2507 3400 pertinet:

558 3428 634 3474 ac
692 3410 746 3475 si
815 3406 1063 3472 dictum
1128 3415 1327 3470 esset:
1394 3405 1527 3471 Ubi
1592 3412 1837 3468 terram
1909 3404 2246 3487 ingressus
2313 3403 2512 3469 fuerit

556 3492 869 3577 populus,
925 3492 1047 3557 sub
1107 3491 1232 3555 Dei
1279 3491 1489 3555 tutela
1546 3499 1614 3554 et
1673 3490 2032 3573 patrocinio
2087 3490 2245 3556 fore.
2337 3490 2510 3556 Nam

557 3578 727 3663 quod
773 3577 998 3662 populi
1055 3576 1254 3641 totius
1306 3597 1651 3642 commune
1717 3588 1858 3642 erat
1923 3575 2129 3642 Mosis
2192 3597 2510 3660 personae

558 3663 971 3731 adscribitur.

738 3749 832 3816 15.
905 3748 1061 3814 Nisi
1142 3746 1340 3829 facies
1437 3752 1551 3813 tua
1616 3746 1966 3830 praecedat.
2069 3747 2511 3830 Amplectitur

558 3837 780 3902 Moses
838 3833 1011 3918 quod
1058 3834 1183 3899 sibi
1233 3831 1461 3898 datum
1515 3841 1648 3899 est:
1708 3835 1962 3898 interea
2009 3833 2340 3919 significat
2389 3833 2512 3898 sibi

559 3943 704 3989 esse
767 3922 987 4004 potius
1050 3929 1116 3986 et
1162 3917 1514 4002 optabilius
1577 3919 1647 3983 in
1714 3919 1968 3984 deserto
2034 3921 2250 4004 perire
2313 3940 2509 4002 quam

559 4008 823 4091 longius
898 4025 1019 4091 pro
1103 4004 1207 4069 edi
1287 4005 1530 4087 absque
1596 4004 1842 4070 illustri
1906 4006 2315 4088 praesentiae
2384 4005 2511 4070 Dci

559 4092 954 4159 testimonio.
1009 4027 1204 4172 &uod
1240 4090 1539 4174 proximo
1572 4112 1772 4157 versu
1815 4092 2190 4157 confirmat:
2235 4089 2510 4173 ideoque

560 4180 922 4260 interposui
962 4177 1349 4260 particulam
1392 4177 1824 4259 expletivam,
1862 4177 2088 4242 Certe:
2133 4198 2509 4261 quanquam

560 4273 780 4346 posset
837 4265 1033 4328 etiam
1089 4263 1323 4346 copula
1376 4262 1618 4328 resolvi
1671 4263 1743 4328 in
1803 4262 2184 4329 adverbium
2251 4264 2508 4329 causale

559 4350 752 4416 Nam.
838 4350 1055 4432 Negat
1109 4349 1288 4414 enim
1343 4349 1534 4412 aliter
1575 4350 1876 4433 cognosci
1928 4370 2115 4432 posse
2158 4359 2505 4434 paternum

562 4437 691 4502 Dei
749 4436 1043 4500 favorem
1102 4454 1229 4518 quo
1288 4434 1600 4517 populum
1659 4434 2001 4517 amplexus
2067 4437 2313 4516 fuerat,
2379 4436 2510 4502 nisi

560 4532 826 4588 maneat
858 4519 1032 4602 apud
1076 4521 1269 4601 ipsos.
1326 4520 1682 4585 Falluntur
1717 4533 1936 4586 autem
1981 4522 2091 4605 qui
2128 4523 2512 4588 existimant

563 4608 895 4674 diversum
941 4603 1187 4688 aliquid
1227 4604 1337 4671 hic
1381 4606 1595 4671 notari
1638 4627 1834 4690 quam
1869 4608 2061 4690 paulo
2106 4616 2278 4673 ante.
2338 4608 2509 4673 Nam

560 4715 829 4777 prorsus
887 4690 1113 4757 eodem
1171 4712 1366 4757 sensu
1430 4692 1669 4758 dicitur
1734 4693 2120 4774 praecedere
2188 4693 2399 4768 Deus,
2446 4702 2516 4758 et

563 4781 858 4848 habitare
923 4779 993 4842 in
1055 4774 1267 4843 medio
1325 4777 1576 4861 populi:
1645 4775 1761 4842 sed
1819 4779 2086 4861 respicit
2144 4780 2362 4845 Moses
2429 4778 2514 4843 ad

560 4866 1057 4949 promissionem
1135 4871 1291 4927 ante
1369 4862 1615 4929 datam:
1693 4864 1879 4930 cuius
1944 4865 2313 4948 symbolum
2372 4874 2514 4930 erat

561 4950 1050 5017 tabernaculum
1087 4947 1395 5026 foederis,
1451 4949 1628 5031 quod
1673 4950 1866 5032 paulo
1911 4958 2065 5015 ante
2109 4949 2190 5015 ad
2233 4951 2512 5034 punien-

562 5037 719 5102 dum
788 5036 1009 5120 populi
1074 5034 1287 5101 scelus
1352 5055 1392 5098 a
1448 5035 1742 5119 legitima
1806 5035 2087 5101 statione
2155 5035 2510 5102 abductum

561 5123 793 5188 fuerat.
882 5120 1075 5202 Quod
1131 5119 1203 5186 in
1262 5121 1394 5187 fine
1451 5141 1681 5188 versus
1724 5119 2055 5208 adiungit:
2106 5122 2196 5188 Et
2249 5143 2510 5205 separa-

561 5209 796 5285 bimur,
841 5209 1082 5273 iterum
1117 5207 1358 5273 resolvi
1393 5217 1635 5290 potest:
1679 5207 1775 5273 Ut
1808 5208 1901 5273 ita
1937 5229 2336 5291 separemur,
2376 5209 2509 5275 vel:

561 5292 740 5375 Quia
784 5294 908 5360 hoc
950 5295 1141 5359 modo
1185 5292 1654 5377 separabimur.
1732 5292 1926 5359 Unde
1968 5296 2128 5359 satis
2174 5302 2372 5377 patet,
2418 5296 2514 5359 fa-

561 5400 781 5446 vorem
827 5380 1010 5446 cuius
1051 5379 1131 5444 fit
1171 5379 1449 5459 mentio,
1502 5377 1583 5443 ad
1642 5378 2025 5446 electionem
2069 5380 2176 5445 vel
2222 5380 2512 5464 adoptio-

1974 464 2381 533 REDITUS
2427 466 2556 533 AD
2598 464 3146 535 HISTORIAM.

4436 468 4559 539 108

2610 676 2761 720 nem
2826 655 3185 740 gratuitam
3244 656 3503 737 referri,
3566 677 3836 740 esseque
3891 658 4033 724 eius
4095 658 4384 725 fructum
4450 659 4558 725 vel

2610 741 2938 807 effectum.
3028 741 3396 808 Consilium
3453 742 3630 809 enim
3674 744 3882 809 Mosis
3925 753 4055 822 est,
4112 744 4338 811 foedus
4383 744 4558 829 quod

2611 848 2651 891 a
2691 828 2929 911 populo
2979 828 3296 894 violatum
3341 829 3585 907 fuerat,
3629 830 3904 912 pristino
3948 850 4065 895 suo
4111 831 4176 895 vi
4227 830 4327 897 ori
4369 831 4559 898 resti·

2610 924 2826 978 tuere:
2874 933 2949 979 ac
2984 915 3038 979 si
3084 915 3363 996 populus
3403 915 3473 980 in
3517 914 3704 980 illum
3753 915 4016 980 honoris
4060 936 4178 1000 gra
4226 937 4340 983 um
4385 916 4559 982 unde

2610 997 2947 1065 exciderat
2990 1000 3386 1083 postliminio
3430 1001 3691 1066 rediret.
3783 1002 3872 1066 Et
3915 1009 4090 1065 certe
4149 1000 4312 1066 haec
4353 1002 4560 1068 solida

2612 1083 2873 1150 demum
2946 1096 3172 1151 nostra
3229 1098 3330 1151 est
3394 1087 3668 1153 felicitas
3687 1136 3701 1162 ,
3769 1086 4101 1170 segregari
4170 1109 4210 1152 a
4267 1089 4560 1171 profanis

2657 1169 2915 1235 entibus
2973 1180 3287 1254 tanquam
3348 1170 3477 1236 Dei
3522 1172 3882 1254 peculium:
3941 1172 4135 1239 sicuti
4180 1173 4250 1238 in
4294 1174 4560 1240 Psalmo

2641 1256 2785 1336 106,
2830 1255 2898 1343 4)
2943 1255 3208 1322 dicitur:
3244 1257 3578 1324 Memento
3613 1259 3744 1323 mei
3783 1258 3964 1323 Deus
4001 1260 4067 1323 in
4106 1258 4562 1325 benevolentia

2609 1341 2833 1425 populi
2878 1342 3008 1407 tui:
3058 1343 3254 1409 visita
3297 1365 3402 1408 me
3445 1345 3516 1408 in
3560 1344 3774 1409 salute
3812 1354 3944 1410 tua.

2784 1428 2882 1493 17.
2950 1428 3170 1495 Etiam
3211 1428 3370 1496 hanc
3410 1450 3559 1495 rem.
3648 1429 3833 1494 Nihil
3875 1429 4056 1495 addit
4100 1451 4383 1510 novum,
4445 1429 4560 1498 sed

2612 1513 2785 1597 quod
2832 1536 3042 1599 nuper
3084 1513 3344 1580 dixerat
3388 1514 3776 1597 repetitione
3817 1517 4191 1597 confirmat,
4231 1516 4560 1584 tollendae

2609 1598 3040 1666 dubitationis
3082 1622 3296 1666 causa.
3376 1600 3712 1683 Exprimit
3754 1609 3978 1666 tamen
4016 1602 4215 1668 simul
4260 1623 4397 1669 non
4432 1603 4560 1669 alia

2607 1706 2805 1752 causa
2848 1708 2918 1752 se
2960 1686 3195 1753 abduci
3251 1707 3445 1769 quam
3512 1688 3799 1769 gratuito
3845 1688 4098 1768 favore,
4156 1708 4281 1772 quo
4331 1689 4561 1755 Mosen

2608 1772 2988 1855 complexus
3032 1782 3195 1837 erat.
3274 1772 3459 1838 Haec
3502 1773 3709 1857 igitur
3744 1772 4062 1856 quaedam
4108 1773 4234 1839 fuit
4276 1772 4562 1840 foederis

2608 1859 2965 1931 renovatio,
3010 1858 3166 1923 dum
3202 1871 3619 1924 consecratur
3652 1858 3931 1942 populus
3966 1860 4127 1937 Dee,
4172 1871 4250 1925 ut
4281 1881 4562 1946 reguum

2608 1944 3006 2010 sacerdotale
3051 1943 3131 2009 de
3174 1944 3433 2026 integro
3468 1954 3824 2027 recuperet.

2769 2030 2869 2095 18.
2937 2030 3196 2096 Ostende
3257 2029 3418 2095 mihi
3470 2030 3743 2113 yloriam
3803 2036 3995 2096 taam.
4083 2030 4426 2097 Hactenus
4481 2029 4564 2097 acl

2608 2116 2903 2199 regulam
2949 2115 3304 2181 modestiae
3346 2124 3413 2180 et
3456 2116 3827 2182 sobrietatis
3877 2118 4234 2200 composita
4290 2116 4564 2182 fuerunt

2609 2202 2817 2267 Mosis
2903 2208 3093 2266 vota:
3183 2224 3361 2267 nunc
3440 2222 3592 2267 vero
3654 2212 3843 2267 extra
3920 2211 4130 2268 metas
4193 2201 4560 2287 abripitur:

2610 2287 2766 2368 quia
2836 2287 2985 2372 plus
3050 2288 3301 2371 appetit
3376 2308 3571 2369 quam
3615 2287 3754 2353 -fas
3821 2289 3907 2353 sit
3971 2299 4168 2372 atque
4233 2288 4560 2372 expediat.

2611 2373 2807 2438 Patet
2863 2373 3039 2437 enim
3105 2395 3189 2438 ex
3253 2374 3547 2455 repulsa,
3624 2373 4103 2439 inconsiderate
4182 2374 4563 2459 prolapsum

2612 2458 2815 2523 fuisse
2858 2479 2984 2541 quo
3031 2472 3165 2523 non
3208 2459 3462 2526 licebat.
3554 2458 3771 2524 Deum
3818 2460 3962 2525 vult
4006 2460 4132 2526 sibi
4177 2463 4463 2544 propius,
4497 2471 4568 2526 et

2612 2544 3016 2610 evidentiore
3073 2545 3282 2610 forma
3344 2566 3544 2629 quam
3602 2554 3756 2609 ante
3821 2546 4246 2612 manifestari.
4333 2547 4564 2630 Neque

2614 2638 2832 2696 tamen
2880 2629 3009 2696 huc
3050 2631 3266 2714 ipsum
3300 2631 3584 2714 impellit
3625 2630 3827 2697 stulta
3861 2633 4236 2713 curiositas,
4281 2653 4446 2717 quae
4491 2641 4566 2698 ut

2614 2716 2976 2799 plurimum
3049 2716 3275 2782 titillat
3351 2717 3693 2782 hominum
3754 2727 4040 2794 mentes,
4118 2730 4195 2783 ut
4260 2718 4566 2785 audacter

2612 2812 2958 2886 penetrare
3002 2809 3262 2868 tentent
3294 2823 3501 2884 usque
3536 2802 3619 2867 ad
3654 2802 3889 2867 ultima
3930 2802 4256 2870 coelorum
4303 2826 4560 2871 arcana.

2601 2889 2845 2971 ‚Neque
2900 2888 3078 2955 enim
3135 2889 3312 2953 aliud
3353 2889 3527 2954 Mosi
3583 2887 3712 2954 fuit
3762 2890 4168 2973 propositum
4228 2911 4426 2974 quam
4482 2889 4567 2956 ad

2614 2974 2918 3040 fiduciam
2973 2975 3281 3050 animari,
3341 2996 3465 3057 quo
3524 2985 3745 3058 partes
3801 2995 3953 3040 suas
4011 2976 4291 3042 alacrius
4333 2977 4561 3043 obiret.

2614 3060 2950 3125 Vitiosum
2989 3070 3213 3125 tamen
3257 3060 3460 3126 fuisse
3495 3060 3892 3127 desiderium
3936 3062 4124 3126 ouius
4159 3070 4378 3129 rectus
4419 3071 4564 3128 erat

2613 3146 2787 3227 fluia,
2834 3145 3144 3211 discimus
3187 3168 3271 3211 ex
3314 3167 3625 3230 responso
3678 3147 3837 3223 Dei,
3898 3146 4009 3211 ubi
4052 3146 4244 3214 docet
4285 3149 4564 3215 noxium

2614 3244 2682 3297 et
2721 3231 2985 3297 exitiale
3044 3233 3218 3298 Mosi
3261 3232 3399 3297 fore
3449 3234 3503 3299 si
3541 3232 3831 3297 obtineat
3890 3232 4059 3316 quod
4097 3235 4323 3318 magni
4367 3235 4565 3302 bene-

2615 3319 2745 3384 ficii
2782 3319 2920 3385 loco
2963 3319 3146 3403 petit.
3220 3317 3397 3400 Quid
3443 3338 3601 3404 ergo
3646 3320 3701 3383 si
3746 3339 3867 3384 nos
3910 3317 3994 3384 ad
4037 3320 4564 3405 investigandam

2617 3405 2814 3470 altius
2869 3424 3068 3487 quam
3125 3426 3245 3487 par
3302 3405 3387 3469 sit
3442 3403 3568 3470 Dei
3626 3403 3904 3489 gloriam
3959 3404 4264 3471 sollicitet
4309 3406 4564 3490 ingenii

2617 3490 2828 3557 nostri
2887 3489 3191 3556 vanitas?
3281 3488 3507 3571 Quare
3564 3490 3654 3555 sit
3701 3490 3889 3556 nobis
3948 3491 4055 3557 hic
4109 3491 4290 3558 18888
4355 3494 4566 3559 instar

2615 3578 2821 3642 fraeni
2858 3576 2940 3640 ad
2972 3577 3370 3643 cohibendas
3393 3596 3563 3659 quae
3597 3577 3666 3640 in
3703 3576 3891 3641 nobis
3914 3577 4191 3642 nimium
4228 3579 4566 3645 exsultant

2618 3684 2693 3730 ao
2735 3662 3091 3729 lasciviunt
3125 3663 3623 3745 speculationes,
3666 3659 3823 3727 dum
3867 3663 4035 3729 scire
4067 3664 4366 3747 cupimus
4400 3685 4566 3748 quae

2620 3749 2803 3814 Deus
2847 3748 2990 3814 vult
3032 3749 3217 3814 nobis
3273 3769 3415 3815 esse
3457 3747 3853 3814 abscondita.
3945 3748 4131 3815 Haec
4173 3749 4393 3834 probe,
4440 3752 4566 3817 rite

2618 3845 2684 3899 et
2737 3835 2987 3899 utiliter
3052 3833 3303 3901 sciendi
3369 3836 3568 3915 ratio,
3635 3844 3711 3899 ut
3775 3834 4193 3901 revelationis
4255 3858 4567 3904 mensura

2616 3922 2937 3999 contenti,
2988 3920 3158 4004 quod
3203 3920 3398 3986 altius
3443 3928 3545 3986 est
3591 3919 3874 3985 libenter
3915 3921 4311 4005 ignoremus.
4402 3923 4566 3989 Pro·

2618 4005 2963 4073 {iciendum
3000 4005 3262 4089 quidem
3307 4017 3409 4073 est
3451 4007 3520 4071 in
3579 4006 3953 4091 cognitione
3988 4005 4284 4074 coelestis
4328 4007 4567 4076 doctri-

2616 4112 2771 4158 nae:
2839 4092 2952 4159 sed
3017 4092 3127 4158 via
3190 4091 3510 4173 tenenda,
3572 4105 3650 4157 ut
3708 4093 3927 4158 Deum
3985 4106 4411 4176 praeeuntem
4465 4117 4568 4162 se·

2659 4199 2912 4244 namur.

2616 4200 2655 4262 q
2791 4264 2889 4331 19.
2963 4262 3316 4329 Praeterire
3353 4264 3612 4347 faciam.
3678 4263 3880 4329 Initio
3919 4264 4211 4331 declarat
4244 4284 4567 4350 quatenus

2615 4352 2850 4417 Mosen
2906 4348 3302 4416 exaudierit:
3367 4350 3481 4415 sed
3542 4370 3695 4415 mox
3732 4349 4075 4417 subiicitur
4117 4352 4441 4419 restrictio
4485 4351 4566 4418 ad

2615 4457 2956 4503 excessum
3001 4434 3479 4520 corrigendum.
3538 4435 3646 4501 Ita
3688 4457 3820 4500 non
3864 4457 4138 4520 prorsus
4184 4439 4570 4521 repudiatur

2614 4523 2851 4588 oratio:
2913 4520 3027 4587 sed
3085 4530 3346 4587 tantum
3404 4543 3533 4604 qua
3575 4532 3762 4605 parte
3809 4523 4006 4588 nimis
4050 4522 4282 4607 cupide
4326 4524 4569 4591 fereba-

2618 4616 2729 4672 tur
2763 4608 2844 4675 ad
2892 4608 3317 4692 spectandam
3361 4608 3609 4691 gloriae
3645 4608 4132 4691 perfectionem.
4221 4611 4569 4678 Transitus

2618 4694 2945 4777 significat
2991 4694 3313 4758 visionem
3375 4694 3596 4777 exigui
3650 4694 3990 4777 temporis:
4047 4717 4122 4762 ac
4176 4697 4233 4760 si
4289 4695 4566 4763 diceret:

2623 4778 2925 4846 Sufficiat
2980 4779 3097 4844 tibi
3155 4779 3357 4843 semel
3415 4779 3603 4862 quasi
3668 4780 3752 4844 ad
3815 4796 4223 4846 momentum
4290 4782 4568 4865 gloriam

2620 4886 2834 4930 meam
2903 4863 3181 4942 vidisse,
3262 4885 3462 4947 quum
3528 4873 3682 4929 ante
3748 4865 3967 4931 oculos
4032 4879 4181 4931 tuos
4247 4870 4567 4935 transibit.
4662 4940 4665 4944 Δ

2621 4951 2876 5016 Nomen
2913 4963 3060 5028 mm,
3104 4971 3223 5032 pro
3282 4971 3407 5033 quo
3468 4949 3790 5015 Decorem
3832 4949 4105 5029 reddidi,
4151 4952 4262 5017 alii
4304 4954 4566 5021 Bonum

2621 5045 2924 5101 vertunt:
2982 5034 3129 5100 ideo
3186 5033 3449 5119 quidam
3511 5037 3839 5119 accipiunt
3938 5058 4011 5102 ro
4076 5037 4391 5104 bonitate:
4451 5042 4567 5108 sed

2620 5122 2859 5188 melius
2908 5122 3217 5187 convenit
3288 5142 3529 5187 nomen
3591 5122 3876 5205 pulcritu
3922 5124 4049 5189 inis
4119 5123 4228 5189 vel
4294 5124 4565 5212 decoris,

2621 5229 2747 5290 quo
2783 5228 2985 5274 sensu
3030 5230 3162 5273 non
3208 5209 3411 5274 semel
3455 5207 3713 5290 legitur.
3799 5207 3968 5273 Inde
4011 5208 4255 5275 bonum
4299 5222 4568 5296 aspectu

2624 5294 2864 5360 dicitur
2908 5292 3080 5376 quod
3124 5304 3226 5360 est
3269 5294 3628 5360 iucundum
3672 5314 3748 5359 ac
3790 5291 4190 5361 delectabile.
4263 5295 4569 5365 Clamare

2621 5379 2695 5445 in
2761 5381 3025 5447 nomine
3089 5380 3375 5447 Iehovae
3455 5381 3884 5462 interpretor,
3963 5379 4142 5447 clara
4206 5391 4272 5448 et
4336 5405 4570 5452 sonora
