<?xml version="1.0" encoding="UTF-8"?>
<!DOCTYPE html PUBLIC "-//W3C//DTD XHTML 1.0 Transitional//EN"
    "http://www.w3.org/TR/xhtml1/DTD/xhtml1-transitional.dtd">
<html xmlns="http://www.w3.org/1999/xhtml" xml:lang="en" lang="en">
 <head>
  <title>
</title>
<meta http-equiv="Content-Type" content="text/html;charset=utf-8" />
  <meta name='ocr-system' content='tesseract 3.04.00' />
  <meta name='ocr-capabilities' content='ocr_page ocr_carea ocr_par ocr_line ocrx_word'/>
</head>
<body>
  <div class='ocr_page' id='page_1' title='image "./ioanniscalvinio06unkngoog_0140.png"; bbox 0 0 5017 6142; ppageno 0'>
   <div class='ocr_carea' id='block_1_1' title="bbox 620 415 752 485">
    <p class='ocr_par' dir='ltr' id='par_1_1' title="bbox 620 415 752 485">
     <span class='ocr_line' id='line_1_1' title="bbox 620 415 752 485; baseline 0.023 -3"><span class='ocrx_word' id='word_1_1' title='bbox 620 415 752 485; x_wconf 82' lang='lat'><strong>255</strong></span> 
     </span>
    </p>
   </div>
   <div class='ocr_carea' id='block_1_2' title="bbox 618 600 2578 5400">
    <p class='ocr_par' dir='ltr' id='par_1_2' title="bbox 623 600 2578 841">
     <span class='ocr_line' id='line_1_2' title="bbox 624 600 2578 683; baseline -0.001 -14"><span class='ocrx_word' id='word_1_2' title='bbox 624 606 893 670; x_wconf 86' lang='lat' dir='ltr'><strong>notatur</strong></span> <span class='ocrx_word' id='word_1_3' title='bbox 961 601 1310 669; x_wconf 89' lang='lat' dir='ltr'><strong>discrimen</strong></span> <span class='ocrx_word' id='word_1_4' title='bbox 1380 600 1551 666; x_wconf 89' lang='lat' dir='ltr'><strong>inter</strong></span> <span class='ocrx_word' id='word_1_5' title='bbox 1615 601 1784 667; x_wconf 89' lang='lat' dir='ltr'><strong>filios</strong></span> <span class='ocrx_word' id='word_1_6' title='bbox 1829 602 2009 668; x_wconf 83' lang='lat' dir='ltr'><strong>Esau</strong></span> <span class='ocrx_word' id='word_1_7' title='bbox 2067 611 2133 668; x_wconf 88' lang='lat' dir='ltr'><strong>et</strong></span> <span class='ocrx_word' id='word_1_8' title='bbox 2188 601 2417 683; x_wconf 90' lang='lat' dir='ltr'><strong>Iacob,</strong></span> <span class='ocrx_word' id='word_1_9' title='bbox 2478 602 2578 668; x_wconf 89' lang='lat' dir='ltr'><strong>ita</strong></span> 
     </span>
     <span class='ocr_line' id='line_1_3' title="bbox 623 686 2576 838; baseline -0.001 -83"><span class='ocrx_word' id='word_1_10' title='bbox 623 710 799 756; x_wconf 88' lang='lat' dir='ltr'><strong>nunc</strong></span> <span class='ocrx_word' id='word_1_11' title='bbox 836 688 1057 838; x_wconf 59' lang='lat' dir='ltr'><strong>Moises</strong></span> <span class='ocrx_word' id='word_1_12' title='bbox 1100 686 1377 771; x_wconf 92' lang='lat' dir='ltr'><strong>speciale</strong></span> <span class='ocrx_word' id='word_1_13' title='bbox 1438 707 1596 772; x_wconf 87' lang='lat' dir='ltr'><strong>erga</strong></span> <span class='ocrx_word' id='word_1_14' title='bbox 1655 694 1968 772; x_wconf 91' lang='lat' dir='ltr'><strong>utrosque</strong></span> <span class='ocrx_word' id='word_1_15' title='bbox 2014 689 2138 754; x_wconf 91' lang='lat' dir='ltr'><strong>Dei</strong></span> <span class='ocrx_word' id='word_1_16' title='bbox 2188 688 2576 755; x_wconf 89' lang='lat' dir='ltr'><strong>beneficium</strong></span> 
     </span>
     <span class='ocr_line' id='line_1_4' title="bbox 623 781 1055 841; baseline -0.007 0"><span class='ocrx_word' id='word_1_17' title='bbox 623 795 920 841; x_wconf 91' lang='lat' dir='ltr'><strong>commen</strong></span> <span class='ocrx_word' id='word_1_18' title='bbox 968 781 1055 839; x_wconf 89' lang='lat' dir='ltr'><strong>at.</strong></span> 
     </span>
    </p>

    <p class='ocr_par' dir='ltr' id='par_1_3' title="bbox 618 856 2577 2895">
     <span class='ocr_line' id='line_1_5' title="bbox 798 856 2577 944; baseline -0.001 -19"><span class='ocrx_word' id='word_1_19' title='bbox 798 859 898 926; x_wconf 83' lang='lat'><strong>15.</strong></span> <span class='ocrx_word' id='word_1_20' title='bbox 970 858 1159 925; x_wconf 81' lang='lat' dir='ltr'><strong>Nunc</strong></span> <span class='ocrx_word' id='word_1_21' title='bbox 1200 860 1453 943; x_wconf 67' lang='lat' dir='ltr'><strong>sumite.</strong></span> <span class='ocrx_word' id='word_1_22' title='bbox 1542 858 1743 926; x_wconf 86' lang='lat' dir='ltr'><strong>Nunc</strong></span> <span class='ocrx_word' id='word_1_23' title='bbox 1788 860 2204 944; x_wconf 78' lang='lat' dir='ltr'><strong>prosequitur</strong></span> <span class='ocrx_word' id='word_1_24' title='bbox 2249 857 2423 944; x_wconf 89' lang='lat' dir='ltr'><strong>quod</strong></span> <span class='ocrx_word' id='word_1_25' title='bbox 2476 856 2577 924; x_wconf 89' lang='lat' dir='ltr'><strong>di-</strong></span> 
     </span>
     <span class='ocr_line' id='line_1_6' title="bbox 623 943 2577 1029; baseline 0 -18"><span class='ocrx_word' id='word_1_26' title='bbox 623 966 772 1012; x_wconf 92' lang='lat' dir='ltr'><strong>cere</strong></span> <span class='ocrx_word' id='word_1_27' title='bbox 825 954 1127 1029; x_wconf 88' lang='lat' dir='ltr'><strong>coeperat</strong></span> <span class='ocrx_word' id='word_1_28' title='bbox 1183 964 1377 1010; x_wconf 85' lang='lat' dir='ltr'><strong>versu</strong></span> <span class='ocrx_word' id='word_1_29' title='bbox 1423 965 1625 1024; x_wconf 90' lang='lat' dir='ltr'><strong>nono,</strong></span> <span class='ocrx_word' id='word_1_30' title='bbox 1686 965 1924 1028; x_wconf 80' lang='lat' dir='ltr'><strong>nempe</strong></span> <span class='ocrx_word' id='word_1_31' title='bbox 1966 946 2184 1011; x_wconf 90' lang='lat' dir='ltr'><strong>Deum</strong></span> <span class='ocrx_word' id='word_1_32' title='bbox 2229 943 2577 1011; x_wconf 78' lang='lat' dir='ltr'><strong>mandasse</strong></span> 
     </span>
     <span class='ocr_line' id='line_1_7' title="bbox 623 1028 2576 1130; baseline -0.001 -33"><span class='ocrx_word' id='word_1_33' title='bbox 623 1042 702 1097; x_wconf 92' lang='lat' dir='ltr'><strong>nt</strong></span> <span class='ocrx_word' id='word_1_34' title='bbox 767 1032 1008 1097; x_wconf 90' lang='lat' dir='ltr'><strong>omissa</strong></span> <span class='ocrx_word' id='word_1_35' title='bbox 1071 1030 1340 1130; x_wconf 83' lang='lat' dir='ltr'><strong>regione</strong></span> <span class='ocrx_word' id='word_1_36' title='bbox 1406 1029 1559 1096; x_wconf 78' lang='lat' dir='ltr'><strong>Seir</strong></span> <span class='ocrx_word' id='word_1_37' title='bbox 1634 1038 1988 1116; x_wconf 80' lang='lat' dir='ltr'>pergerent</span> <span class='ocrx_word' id='word_1_38' title='bbox 2051 1028 2133 1096; x_wconf 87' lang='lat' dir='ltr'><strong>ad</strong></span> <span class='ocrx_word' id='word_1_39' title='bbox 2215 1041 2576 1097; x_wconf 90' lang='lat' dir='ltr'><strong>torrentem</strong></span> 
     </span>
     <span class='ocr_line' id='line_1_8' title="bbox 623 1115 2575 1200; baseline -0.001 -17"><span class='ocrx_word' id='word_1_40' title='bbox 623 1116 868 1183; x_wconf 85' lang='lat' dir='ltr'>Zered:</span> <span class='ocrx_word' id='word_1_41' title='bbox 906 1136 980 1182; x_wconf 88' lang='lat' dir='ltr'><strong>ac</strong></span> <span class='ocrx_word' id='word_1_42' title='bbox 1014 1116 1071 1182; x_wconf 89' lang='lat' dir='ltr'><strong>si</strong></span> <span class='ocrx_word' id='word_1_43' title='bbox 1106 1115 1366 1195; x_wconf 82' lang='lat' dir='ltr'><strong>diceret,</strong></span> <span class='ocrx_word' id='word_1_44' title='bbox 1403 1124 1746 1200; x_wconf 89' lang='lat' dir='ltr'><strong>postquam</strong></span> <span class='ocrx_word' id='word_1_45' title='bbox 1781 1115 1970 1182; x_wconf 90' lang='lat' dir='ltr'><strong>malis</strong></span> <span class='ocrx_word' id='word_1_46' title='bbox 2005 1115 2257 1184; x_wconf 78' lang='lat' dir='ltr'><strong>subacti</strong></span> <span class='ocrx_word' id='word_1_47' title='bbox 2291 1116 2575 1196; x_wconf 86' lang='lat' dir='ltr'><strong>fuerant,</strong></span> 
     </span>
     <span class='ocr_line' id='line_1_9' title="bbox 623 1200 2575 1287; baseline -0.001 -17"><span class='ocrx_word' id='word_1_48' title='bbox 623 1201 942 1270; x_wconf 90' lang='lat' dir='ltr'><strong>cohibitos</strong></span> <span class='ocrx_word' id='word_1_49' title='bbox 987 1200 1189 1267; x_wconf 87' lang='lat' dir='ltr'><strong>fuisse</strong></span> <span class='ocrx_word' id='word_1_50' title='bbox 1242 1201 1323 1266; x_wconf 87' lang='lat' dir='ltr'><strong>ab</strong></span> <span class='ocrx_word' id='word_1_51' title='bbox 1378 1201 1692 1268; x_wconf 89' lang='lat' dir='ltr'><strong>ulteriore</strong></span> <span class='ocrx_word' id='word_1_52' title='bbox 1746 1222 2130 1287; x_wconf 87' lang='lat' dir='ltr'><strong>progressu,</strong></span> <span class='ocrx_word' id='word_1_53' title='bbox 2193 1201 2397 1268; x_wconf 89' lang='lat' dir='ltr'><strong>donec</strong></span> <span class='ocrx_word' id='word_1_54' title='bbox 2439 1201 2575 1268; x_wconf 88' lang='lat' dir='ltr'><strong>illis</strong></span> 
     </span>
     <span class='ocr_line' id='line_1_10' title="bbox 625 1286 2575 1372; baseline -0.002 -18"><span class='ocrx_word' id='word_1_55' title='bbox 625 1289 799 1354; x_wconf 86' lang='lat' dir='ltr'><strong>viam</strong></span> <span class='ocrx_word' id='word_1_56' title='bbox 880 1286 1273 1371; x_wconf 77' lang='lat' dir='ltr'><strong>patefaceret</strong></span> <span class='ocrx_word' id='word_1_57' title='bbox 1323 1287 1520 1367; x_wconf 90' lang='lat' dir='ltr'><strong>Deus,</strong></span> <span class='ocrx_word' id='word_1_58' title='bbox 1567 1298 1761 1370; x_wconf 88' lang='lat' dir='ltr'><strong>atque</strong></span> <span class='ocrx_word' id='word_1_59' title='bbox 1807 1288 1902 1353; x_wconf 91' lang='lat' dir='ltr'><strong>ita</strong></span> <span class='ocrx_word' id='word_1_60' title='bbox 1946 1309 2094 1353; x_wconf 89' lang='lat' dir='ltr'><strong>eum</strong></span> <span class='ocrx_word' id='word_1_61' title='bbox 2139 1297 2575 1372; x_wconf 86' lang='lat' dir='ltr'><strong>sequerentur</strong></span> 
     </span>
     <span class='ocr_line' id='line_1_11' title="bbox 625 1372 2570 1458; baseline 0.001 -19"><span class='ocrx_word' id='word_1_62' title='bbox 625 1372 874 1451; x_wconf 89' lang='lat' dir='ltr'><strong>ducem,</strong></span> <span class='ocrx_word' id='word_1_63' title='bbox 920 1394 1039 1439; x_wconf 89' lang='lat' dir='ltr'><strong>nec</strong></span> <span class='ocrx_word' id='word_1_64' title='bbox 1080 1372 1203 1440; x_wconf 90' lang='lat' dir='ltr'><strong>sibi</strong></span> <span class='ocrx_word' id='word_1_65' title='bbox 1249 1373 1598 1439; x_wconf 86' lang='lat' dir='ltr'><strong>transitum</strong></span> <span class='ocrx_word' id='word_1_66' title='bbox 1642 1374 1931 1439; x_wconf 84' lang='lat' dir='ltr'><strong>facerent</strong></span> <span class='ocrx_word' id='word_1_67' title='bbox 1970 1376 2233 1458; x_wconf 90' lang='lat' dir='ltr'><strong>proprio</strong></span> <span class='ocrx_word' id='word_1_68' title='bbox 2278 1373 2570 1440; x_wconf 88' lang='lat' dir='ltr'><strong>arbitrio.</strong></span> 
     </span>
     <span class='ocr_line' id='line_1_12' title="bbox 624 1458 2566 1543; baseline 0 -18"><span class='ocrx_word' id='word_1_69' title='bbox 624 1460 866 1526; x_wconf 86' lang='lat' dir='ltr'><strong>Postea</strong></span> <span class='ocrx_word' id='word_1_70' title='bbox 910 1466 1170 1542; x_wconf 91' lang='lat' dir='ltr'><strong>tempus</strong></span> <span class='ocrx_word' id='word_1_71' title='bbox 1205 1477 1426 1524; x_wconf 91' lang='lat' dir='ltr'><strong>morae</strong></span> <span class='ocrx_word' id='word_1_72' title='bbox 1460 1468 1928 1525; x_wconf 76' lang='lat' dir='ltr'><strong>commemorat</strong></span> <span class='ocrx_word' id='word_1_73' title='bbox 1961 1479 2044 1525; x_wconf 91' lang='lat' dir='ltr'><strong>ex</strong></span> <span class='ocrx_word' id='word_1_74' title='bbox 2081 1480 2208 1543; x_wconf 91' lang='lat' dir='ltr'><strong>quo</strong></span> <span class='ocrx_word' id='word_1_75' title='bbox 2244 1458 2566 1525; x_wconf 86' lang='lat' dir='ltr'><strong>divinitus</strong></span> 
     </span>
     <span class='ocr_line' id='line_1_13' title="bbox 622 1542 2570 1629; baseline -0.001 -18"><span class='ocrx_word' id='word_1_76' title='bbox 622 1546 865 1611; x_wconf 89' lang='lat' dir='ltr'><strong>retenti</strong></span> <span class='ocrx_word' id='word_1_77' title='bbox 920 1544 1189 1611; x_wconf 86' lang='lat' dir='ltr'><strong>fuerunt</strong></span> <span class='ocrx_word' id='word_1_78' title='bbox 1250 1544 1319 1609; x_wconf 90' lang='lat' dir='ltr'><strong>in</strong></span> <span class='ocrx_word' id='word_1_79' title='bbox 1378 1542 1666 1623; x_wconf 92' lang='lat' dir='ltr'><strong>deserto,</strong></span> <span class='ocrx_word' id='word_1_80' title='bbox 1729 1552 2074 1629; x_wconf 88' lang='lat' dir='ltr'><strong>postquam</strong></span> <span class='ocrx_word' id='word_1_81' title='bbox 2134 1544 2335 1610; x_wconf 90' lang='lat' dir='ltr'><strong>semel</strong></span> <span class='ocrx_word' id='word_1_82' title='bbox 2401 1546 2570 1611; x_wconf 90' lang='lat' dir='ltr'><strong>fines</strong></span> 
     </span>
     <span class='ocr_line' id='line_1_14' title="bbox 620 1628 2570 1716; baseline -0.002 -19"><span class='ocrx_word' id='word_1_83' title='bbox 620 1640 837 1697; x_wconf 88' lang='lat' dir='ltr'><strong>terrae</strong></span> <span class='ocrx_word' id='word_1_84' title='bbox 894 1629 1250 1713; x_wconf 86' lang='lat' dir='ltr'><strong>promissae</strong></span> <span class='ocrx_word' id='word_1_85' title='bbox 1304 1630 1676 1715; x_wconf 81' lang='lat' dir='ltr'><strong>attigerant.</strong></span> <span class='ocrx_word' id='word_1_86' title='bbox 1769 1628 1947 1696; x_wconf 81' lang='lat' dir='ltr'><strong>Dicit</strong></span> <span class='ocrx_word' id='word_1_87' title='bbox 2000 1630 2202 1716; x_wconf 88' lang='lat' dir='ltr'><strong>igitur</strong></span> <span class='ocrx_word' id='word_1_88' title='bbox 2253 1638 2405 1714; x_wconf 90' lang='lat' dir='ltr'><strong>post</strong></span> <span class='ocrx_word' id='word_1_89' title='bbox 2455 1630 2570 1694; x_wconf 87' lang='lat' dir='ltr'><strong>tri-</strong></span> 
     </span>
     <span class='ocr_line' id='line_1_15' title="bbox 622 1713 2572 1802; baseline 0 -21"><span class='ocrx_word' id='word_1_90' title='bbox 622 1717 812 1802; x_wconf 83' lang='lat' dir='ltr'><strong>ginta</strong></span> <span class='ocrx_word' id='word_1_91' title='bbox 868 1726 1009 1782; x_wconf 88' lang='lat' dir='ltr'><strong>octo</strong></span> <span class='ocrx_word' id='word_1_92' title='bbox 1056 1736 1263 1781; x_wconf 88' lang='lat' dir='ltr'><strong>annos</strong></span> <span class='ocrx_word' id='word_1_93' title='bbox 1307 1713 1572 1781; x_wconf 90' lang='lat' dir='ltr'><strong>demum</strong></span> <span class='ocrx_word' id='word_1_94' title='bbox 1617 1736 1911 1783; x_wconf 84' lang='lat' dir='ltr'><strong>reversos</strong></span> <span class='ocrx_word' id='word_1_95' title='bbox 1955 1716 2154 1783; x_wconf 85' lang='lat' dir='ltr'><strong>fuisse</strong></span> <span class='ocrx_word' id='word_1_96' title='bbox 2206 1715 2288 1780; x_wconf 88' lang='lat' dir='ltr'><strong>ad</strong></span> <span class='ocrx_word' id='word_1_97' title='bbox 2326 1723 2572 1782; x_wconf 89' lang='lat' dir='ltr'><strong>terram</strong></span> 
     </span>
     <span class='ocr_line' id='line_1_16' title="bbox 621 1799 2572 1869; baseline -0.001 -1"><span class='ocrx_word' id='word_1_98' title='bbox 621 1801 800 1868; x_wconf 90' lang='lat' dir='ltr'><strong>unde</strong></span> <span class='ocrx_word' id='word_1_99' title='bbox 841 1799 1250 1867; x_wconf 86' lang='lat' dir='ltr'><strong>retrocedere</strong></span> <span class='ocrx_word' id='word_1_100' title='bbox 1284 1802 1492 1869; x_wconf 88' lang='lat' dir='ltr'><strong>coacti</strong></span> <span class='ocrx_word' id='word_1_101' title='bbox 1535 1800 1837 1868; x_wconf 89' lang='lat' dir='ltr'><strong>fuerant:</strong></span> <span class='ocrx_word' id='word_1_102' title='bbox 1894 1821 1970 1869; x_wconf 86' lang='lat' dir='ltr'><strong>ac</strong></span> <span class='ocrx_word' id='word_1_103' title='bbox 2015 1802 2302 1868; x_wconf 86' lang='lat' dir='ltr'><strong>breviter</strong></span> <span class='ocrx_word' id='word_1_104' title='bbox 2347 1800 2572 1868; x_wconf 92' lang='lat' dir='ltr'><strong>admo-</strong></span> 
     </span>
     <span class='ocr_line' id='line_1_17' title="bbox 623 1885 2571 1971; baseline 0 -19"><span class='ocrx_word' id='word_1_105' title='bbox 623 1899 768 1967; x_wconf 91' lang='lat' dir='ltr'><strong>net,</strong></span> <span class='ocrx_word' id='word_1_106' title='bbox 836 1908 918 1954; x_wconf 89' lang='lat' dir='ltr'><strong>ex</strong></span> <span class='ocrx_word' id='word_1_107' title='bbox 968 1907 1094 1970; x_wconf 93' lang='lat' dir='ltr'><strong>quo</strong></span> <span class='ocrx_word' id='word_1_108' title='bbox 1147 1885 1402 1953; x_wconf 89' lang='lat' dir='ltr'><strong>exierat</strong></span> <span class='ocrx_word' id='word_1_109' title='bbox 1445 1886 1724 1971; x_wconf 90' lang='lat' dir='ltr'><strong>populus</strong></span> <span class='ocrx_word' id='word_1_110' title='bbox 1782 1885 1865 1952; x_wconf 90' lang='lat' dir='ltr'><strong>ad</strong></span> <span class='ocrx_word' id='word_1_111' title='bbox 1924 1885 2268 1954; x_wconf 86' lang='lat' dir='ltr'><strong>fruendam</strong></span> <span class='ocrx_word' id='word_1_112' title='bbox 2325 1895 2571 1953; x_wconf 90' lang='lat' dir='ltr'><strong>terram</strong></span> 
     </span>
     <span class='ocr_line' id='line_1_18' title="bbox 618 1971 2571 2058; baseline 0 -20"><span class='ocrx_word' id='word_1_113' title='bbox 618 1972 1045 2058; x_wconf 81' lang='lat' dir='ltr'><strong>promissam,</strong></span> <span class='ocrx_word' id='word_1_114' title='bbox 1112 1972 1253 2038; x_wconf 90' lang='lat' dir='ltr'><strong>eius</strong></span> <span class='ocrx_word' id='word_1_115' title='bbox 1319 1971 1512 2055; x_wconf 90' lang='lat' dir='ltr'><strong>culpa</strong></span> <span class='ocrx_word' id='word_1_116' title='bbox 1569 1973 2013 2057; x_wconf 87' lang='lat' dir='ltr'><strong>interruptum</strong></span> <span class='ocrx_word' id='word_1_117' title='bbox 2076 1972 2277 2039; x_wconf 85' lang='lat' dir='ltr'><strong>fuisse</strong></span> <span class='ocrx_word' id='word_1_118' title='bbox 2333 1971 2571 2038; x_wconf 89' lang='lat' dir='ltr'><strong>libera-</strong></span> 
     </span>
     <span class='ocr_line' id='line_1_19' title="bbox 621 2057 2573 2143; baseline 0.001 -19"><span class='ocrx_word' id='word_1_119' title='bbox 621 2058 820 2124; x_wconf 84' lang='lat' dir='ltr'><strong>tionis</strong></span> <span class='ocrx_word' id='word_1_120' title='bbox 855 2078 1137 2124; x_wconf 91' lang='lat' dir='ltr'><strong>cursum.</strong></span> <span class='ocrx_word' id='word_1_121' title='bbox 1224 2057 1423 2125; x_wconf 87' lang='lat' dir='ltr'><strong>Viros</strong></span> <span class='ocrx_word' id='word_1_122' title='bbox 1458 2065 1674 2124; x_wconf 90' lang='lat' dir='ltr'><strong>autem</strong></span> <span class='ocrx_word' id='word_1_123' title='bbox 1709 2058 2072 2143; x_wconf 85' lang='lat' dir='ltr'><strong>bellatores,</strong></span> <span class='ocrx_word' id='word_1_124' title='bbox 2118 2070 2233 2126; x_wconf 87' lang='lat' dir='ltr'><strong>aut</strong></span> <span class='ocrx_word' id='word_1_125' title='bbox 2268 2058 2573 2125; x_wconf 87' lang='lat' dir='ltr'><strong>hebraice</strong></span> 
     </span>
     <span class='ocr_line' id='line_1_20' title="bbox 621 2142 2573 2229; baseline -0.001 -19"><span class='ocrx_word' id='word_1_126' title='bbox 621 2145 804 2211; x_wconf 82' lang='lat' dir='ltr'><strong>viros</strong></span> <span class='ocrx_word' id='word_1_127' title='bbox 869 2143 1023 2211; x_wconf 90' lang='lat' dir='ltr'><strong>belli</strong></span> <span class='ocrx_word' id='word_1_128' title='bbox 1089 2142 1415 2225; x_wconf 91' lang='lat' dir='ltr'><strong>nominat,</strong></span> <span class='ocrx_word' id='word_1_129' title='bbox 1494 2144 1606 2229; x_wconf 93' lang='lat' dir='ltr'><strong>qui</strong></span> <span class='ocrx_word' id='word_1_130' title='bbox 1673 2143 1876 2213; x_wconf 88' lang='lat' dir='ltr'><strong>armis</strong></span> <span class='ocrx_word' id='word_1_131' title='bbox 1940 2142 2276 2229; x_wconf 82' lang='lat' dir='ltr'><strong>gestandis</strong></span> <span class='ocrx_word' id='word_1_132' title='bbox 2356 2142 2573 2210; x_wconf 91' lang='lat' dir='ltr'><strong>idonei</strong></span> 
     </span>
     <span class='ocr_line' id='line_1_21' title="bbox 624 2229 2572 2315; baseline -0.001 -20"><span class='ocrx_word' id='word_1_133' title='bbox 624 2238 814 2296; x_wconf 88' lang='lat' dir='ltr'><strong>erant</strong></span> <span class='ocrx_word' id='word_1_134' title='bbox 868 2250 983 2315; x_wconf 90' lang='lat' dir='ltr'><strong>per</strong></span> <span class='ocrx_word' id='word_1_135' title='bbox 1039 2237 1352 2309; x_wconf 89' lang='lat' dir='ltr'><strong>aetatem,</strong></span> <span class='ocrx_word' id='word_1_136' title='bbox 1421 2251 1655 2314; x_wconf 91' lang='lat' dir='ltr'><strong>nempe</strong></span> <span class='ocrx_word' id='word_1_137' title='bbox 1711 2231 1823 2314; x_wconf 92' lang='lat' dir='ltr'><strong>qui</strong></span> <span class='ocrx_word' id='word_1_138' title='bbox 1882 2229 2265 2297; x_wconf 86' lang='lat' dir='ltr'><strong>vicesimum</strong></span> <span class='ocrx_word' id='word_1_139' title='bbox 2320 2250 2572 2295; x_wconf 89' lang='lat' dir='ltr'><strong>annum</strong></span> 
     </span>
     <span class='ocr_line' id='line_1_22' title="bbox 623 2315 2572 2400; baseline -0.001 -18"><span class='ocrx_word' id='word_1_140' title='bbox 623 2321 1053 2382; x_wconf 84' lang='lat' dir='ltr'><strong>excesserant.</strong></span> <span class='ocrx_word' id='word_1_141' title='bbox 1145 2315 1349 2381; x_wconf 89' lang='lat' dir='ltr'><strong>Porro</strong></span> <span class='ocrx_word' id='word_1_142' title='bbox 1398 2336 1600 2398; x_wconf 91' lang='lat' dir='ltr'><strong>quum</strong></span> <span class='ocrx_word' id='word_1_143' title='bbox 1658 2316 1815 2383; x_wconf 91' lang='lat' dir='ltr'><strong>alibi</strong></span> <span class='ocrx_word' id='word_1_144' title='bbox 1869 2316 2115 2381; x_wconf 91' lang='lat' dir='ltr'><strong>mentio</strong></span> <span class='ocrx_word' id='word_1_145' title='bbox 2171 2317 2248 2381; x_wconf 88' lang='lat' dir='ltr'><strong>fit</strong></span> <span class='ocrx_word' id='word_1_146' title='bbox 2290 2315 2572 2400; x_wconf 88' lang='lat' dir='ltr'><strong>quadra-</strong></span> 
     </span>
     <span class='ocr_line' id='line_1_23' title="bbox 623 2400 2572 2485; baseline -0.001 -19"><span class='ocrx_word' id='word_1_147' title='bbox 623 2402 814 2485; x_wconf 80' lang='lat' dir='ltr'><strong>ginta</strong></span> <span class='ocrx_word' id='word_1_148' title='bbox 859 2420 1213 2482; x_wconf 87' lang='lat' dir='ltr'><strong>annorum,</strong></span> <span class='ocrx_word' id='word_1_149' title='bbox 1278 2400 1475 2466; x_wconf 92' lang='lat' dir='ltr'><strong>simul</strong></span> <span class='ocrx_word' id='word_1_150' title='bbox 1531 2401 1870 2467; x_wconf 89' lang='lat' dir='ltr'><strong>biennium</strong></span> <span class='ocrx_word' id='word_1_151' title='bbox 1925 2400 2088 2467; x_wconf 89' lang='lat' dir='ltr'><strong>illud</strong></span> <span class='ocrx_word' id='word_1_152' title='bbox 2145 2401 2572 2485; x_wconf 91' lang='lat' dir='ltr'><strong>comprehen-</strong></span> 
     </span>
     <span class='ocr_line' id='line_1_24' title="bbox 624 2485 2569 2571; baseline -0.001 -19"><span class='ocrx_word' id='word_1_153' title='bbox 624 2486 836 2571; x_wconf 86' lang='lat' dir='ltr'><strong>ditur,</strong></span> <span class='ocrx_word' id='word_1_154' title='bbox 881 2485 1052 2569; x_wconf 89' lang='lat' dir='ltr'><strong>quod</strong></span> <span class='ocrx_word' id='word_1_155' title='bbox 1096 2495 1496 2553; x_wconf 88' lang='lat' dir='ltr'><strong>transactum</strong></span> <span class='ocrx_word' id='word_1_156' title='bbox 1543 2486 1754 2552; x_wconf 83' lang='lat' dir='ltr'><strong>fuerat</strong></span> <span class='ocrx_word' id='word_1_157' title='bbox 1798 2494 1932 2553; x_wconf 91' lang='lat' dir='ltr'><strong>tam</strong></span> <span class='ocrx_word' id='word_1_158' title='bbox 1976 2486 2048 2553; x_wconf 90' lang='lat' dir='ltr'><strong>in</strong></span> <span class='ocrx_word' id='word_1_159' title='bbox 2094 2496 2315 2553; x_wconf 88' lang='lat' dir='ltr'><strong>monte</strong></span> <span class='ocrx_word' id='word_1_160' title='bbox 2363 2485 2569 2566; x_wconf 83' lang='lat' dir='ltr'><strong>Sinai,</strong></span> 
     </span>
     <span class='ocr_line' id='line_1_25' title="bbox 625 2571 2569 2657; baseline -0.001 -20"><span class='ocrx_word' id='word_1_161' title='bbox 625 2594 822 2656; x_wconf 90' lang='lat' dir='ltr'><strong>quam</strong></span> <span class='ocrx_word' id='word_1_162' title='bbox 865 2573 932 2636; x_wconf 90' lang='lat' dir='ltr'><strong>in</strong></span> <span class='ocrx_word' id='word_1_163' title='bbox 978 2571 1125 2637; x_wconf 91' lang='lat' dir='ltr'><strong>aliis</strong></span> <span class='ocrx_word' id='word_1_164' title='bbox 1168 2572 1346 2639; x_wconf 85' lang='lat' dir='ltr'><strong>locis.</strong></span> <span class='ocrx_word' id='word_1_165' title='bbox 1437 2572 1528 2637; x_wconf 82' lang='lat' dir='ltr'><strong>Et</strong></span> <span class='ocrx_word' id='word_1_166' title='bbox 1575 2572 1833 2638; x_wconf 89' lang='lat' dir='ltr'><strong>merito:</strong></span> <span class='ocrx_word' id='word_1_167' title='bbox 1902 2573 2055 2657; x_wconf 89' lang='lat' dir='ltr'><strong>quia</strong></span> <span class='ocrx_word' id='word_1_168' title='bbox 2111 2581 2268 2640; x_wconf 88' lang='lat' dir='ltr'><strong>tunc</strong></span> <span class='ocrx_word' id='word_1_169' title='bbox 2312 2591 2569 2657; x_wconf 90' lang='lat' dir='ltr'><strong>quoque</strong></span> 
     </span>
     <span class='ocr_line' id='line_1_26' title="bbox 625 2656 2572 2743; baseline -0.001 -19"><span class='ocrx_word' id='word_1_170' title='bbox 625 2656 1033 2725; x_wconf 85' lang='lat' dir='ltr'><strong>obstaculum</strong></span> <span class='ocrx_word' id='word_1_171' title='bbox 1071 2658 1210 2725; x_wconf 90' lang='lat' dir='ltr'><strong>suis</strong></span> <span class='ocrx_word' id='word_1_172' title='bbox 1245 2658 1598 2724; x_wconf 90' lang='lat' dir='ltr'><strong>sceleribus</strong></span> <span class='ocrx_word' id='word_1_173' title='bbox 1634 2667 2007 2742; x_wconf 86' lang='lat' dir='ltr'><strong>posuerant,</strong></span> <span class='ocrx_word' id='word_1_174' title='bbox 2049 2678 2134 2724; x_wconf 92' lang='lat' dir='ltr'><strong>ne</strong></span> <span class='ocrx_word' id='word_1_175' title='bbox 2170 2665 2318 2743; x_wconf 90' lang='lat' dir='ltr'><strong>post</strong></span> <span class='ocrx_word' id='word_1_176' title='bbox 2356 2657 2572 2743; x_wconf 90' lang='lat' dir='ltr'><strong>legem</strong></span> 
     </span>
     <span class='ocr_line' id='line_1_27' title="bbox 622 2742 2570 2829; baseline 0 -20"><span class='ocrx_word' id='word_1_177' title='bbox 622 2743 1106 2829; x_wconf 88' lang='lat' dir='ltr'><strong>promulgatam</strong></span> <span class='ocrx_word' id='word_1_178' title='bbox 1204 2763 1362 2810; x_wconf 86' lang='lat' dir='ltr'><strong>mox</strong></span> <span class='ocrx_word' id='word_1_179' title='bbox 1461 2743 1545 2810; x_wconf 91' lang='lat' dir='ltr'><strong>ad</strong></span> <span class='ocrx_word' id='word_1_180' title='bbox 1630 2744 2013 2828; x_wconf 89' lang='lat' dir='ltr'><strong>potiundam</strong></span> <span class='ocrx_word' id='word_1_181' title='bbox 2101 2742 2570 2811; x_wconf 89' lang='lat' dir='ltr'><strong>haereditatem</strong></span> 
     </span>
     <span class='ocr_line' id='line_1_28' title="bbox 623 2829 1004 2895; baseline -0.003 -1"><span class='ocrx_word' id='word_1_182' title='bbox 623 2829 1004 2895; x_wconf 88' lang='lat' dir='ltr'><strong>transirent.</strong></span> 
     </span>
    </p>

    <p class='ocr_par' dir='ltr' id='par_1_4' title="bbox 623 2912 2573 4371">
     <span class='ocr_line' id='line_1_29' title="bbox 802 2912 2569 2996; baseline 0.001 -17"><span class='ocrx_word' id='word_1_183' title='bbox 802 2915 902 2980; x_wconf 88' lang='lat'><strong>19.</strong></span> <span class='ocrx_word' id='word_1_184' title='bbox 969 2912 1060 2979; x_wconf 74' lang='lat' dir='ltr'><strong>Et</strong></span> <span class='ocrx_word' id='word_1_185' title='bbox 1112 2914 1359 2981; x_wconf 79' lang='lat' dir='ltr'><strong>accedes</strong></span> <span class='ocrx_word' id='word_1_186' title='bbox 1432 2914 1519 2981; x_wconf 79' lang='lat' dir='ltr'><strong>ad</strong></span> <span class='ocrx_word' id='word_1_187' title='bbox 1577 2915 1881 2982; x_wconf 79' lang='lat' dir='ltr'><strong>viciniam</strong></span> <span class='ocrx_word' id='word_1_188' title='bbox 1939 2915 2217 2996; x_wconf 74' lang='lat' dir='ltr'><strong>filiorum</strong></span> <span class='ocrx_word' id='word_1_189' title='bbox 2283 2915 2569 2980; x_wconf 82' lang='lat' dir='ltr'><strong>Ammon.</strong></span> 
     </span>
     <span class='ocr_line' id='line_1_30' title="bbox 624 2999 2573 3085; baseline -0.002 -17"><span class='ocrx_word' id='word_1_190' title='bbox 624 3001 840 3068; x_wconf 81' lang='lat' dir='ltr'><strong>Cavet</strong></span> <span class='ocrx_word' id='word_1_191' title='bbox 883 3020 1059 3066; x_wconf 87' lang='lat' dir='ltr'><strong>nunc</strong></span> <span class='ocrx_word' id='word_1_192' title='bbox 1102 2999 1286 3067; x_wconf 91' lang='lat' dir='ltr'><strong>Deus</strong></span> <span class='ocrx_word' id='word_1_193' title='bbox 1324 3000 1749 3068; x_wconf 87' lang='lat' dir='ltr'><strong>Ammonitis:</strong></span> <span class='ocrx_word' id='word_1_194' title='bbox 1806 3001 2113 3085; x_wconf 89' lang='lat' dir='ltr'><strong>quoniam</strong></span> <span class='ocrx_word' id='word_1_195' title='bbox 2159 3000 2383 3068; x_wconf 87' lang='lat' dir='ltr'><strong>eadem</strong></span> <span class='ocrx_word' id='word_1_196' title='bbox 2431 3007 2573 3066; x_wconf 88' lang='lat' dir='ltr'><strong>erat</strong></span> 
     </span>
     <span class='ocr_line' id='line_1_31' title="bbox 624 3086 2573 3171; baseline -0.001 -18"><span class='ocrx_word' id='word_1_197' title='bbox 624 3086 913 3153; x_wconf 90' lang='lat' dir='ltr'><strong>conditio</strong></span> <span class='ocrx_word' id='word_1_198' title='bbox 957 3106 1123 3168; x_wconf 90' lang='lat' dir='ltr'><strong>quae</strong></span> <span class='ocrx_word' id='word_1_199' title='bbox 1160 3086 1617 3166; x_wconf 84' lang='lat' dir='ltr'><strong>Moabitarum,</strong></span> <span class='ocrx_word' id='word_1_200' title='bbox 1665 3108 1865 3171; x_wconf 91' lang='lat' dir='ltr'><strong>quum</strong></span> <span class='ocrx_word' id='word_1_201' title='bbox 1902 3107 1985 3153; x_wconf 89' lang='lat' dir='ltr'><strong>ex</strong></span> <span class='ocrx_word' id='word_1_202' title='bbox 2022 3086 2272 3153; x_wconf 88' lang='lat' dir='ltr'><strong>duabus</strong></span> <span class='ocrx_word' id='word_1_203' title='bbox 2314 3087 2573 3154; x_wconf 90' lang='lat' dir='ltr'><strong>filiabus</strong></span> 
     </span>
     <span class='ocr_line' id='line_1_32' title="bbox 624 3171 2568 3257; baseline -0.002 -17"><span class='ocrx_word' id='word_1_204' title='bbox 624 3174 759 3240; x_wconf 83' lang='lat' dir='ltr'><strong>Lot</strong></span> <span class='ocrx_word' id='word_1_205' title='bbox 799 3180 1018 3238; x_wconf 88' lang='lat' dir='ltr'><strong>essent</strong></span> <span class='ocrx_word' id='word_1_206' title='bbox 1050 3171 1401 3256; x_wconf 83' lang='lat' dir='ltr'><strong>progeniti.</strong></span> <span class='ocrx_word' id='word_1_207' title='bbox 1490 3172 1735 3238; x_wconf 86' lang='lat' dir='ltr'><strong>Mirum</strong></span> <span class='ocrx_word' id='word_1_208' title='bbox 1781 3172 2042 3257; x_wconf 80' lang='lat' dir='ltr'><strong>quidem</strong></span> <span class='ocrx_word' id='word_1_209' title='bbox 2089 3172 2295 3239; x_wconf 86' lang='lat' dir='ltr'><strong>videri</strong></span> <span class='ocrx_word' id='word_1_210' title='bbox 2330 3180 2568 3256; x_wconf 89' lang='lat' dir='ltr'><strong>posset,</strong></span> 
     </span>
     <span class='ocr_line' id='line_1_33' title="bbox 627 3256 2569 3345; baseline -0.001 -20"><span class='ocrx_word' id='word_1_211' title='bbox 627 3278 833 3343; x_wconf 90' lang='lat' dir='ltr'><strong>quum</strong></span> <span class='ocrx_word' id='word_1_212' title='bbox 881 3256 1280 3324; x_wconf 84' lang='lat' dir='ltr'><strong>detestabilis</strong></span> <span class='ocrx_word' id='word_1_213' title='bbox 1322 3265 1495 3324; x_wconf 89' lang='lat' dir='ltr'><strong>esset</strong></span> <span class='ocrx_word' id='word_1_214' title='bbox 1554 3259 1827 3345; x_wconf 90' lang='lat' dir='ltr'><strong>originis</strong></span> <span class='ocrx_word' id='word_1_215' title='bbox 1885 3259 2228 3337; x_wconf 90' lang='lat' dir='ltr'><strong>memoria,</strong></span> <span class='ocrx_word' id='word_1_216' title='bbox 2279 3259 2374 3324; x_wconf 89' lang='lat' dir='ltr'><strong>ita</strong></span> <span class='ocrx_word' id='word_1_217' title='bbox 2427 3258 2569 3324; x_wconf 90' lang='lat' dir='ltr'><strong>Deo</strong></span> 
     </span>
     <span class='ocr_line' id='line_1_34' title="bbox 623 3342 2567 3430; baseline -0.001 -20"><span class='ocrx_word' id='word_1_218' title='bbox 623 3364 810 3410; x_wconf 90' lang='lat' dir='ltr'><strong>caras</strong></span> <span class='ocrx_word' id='word_1_219' title='bbox 875 3342 1076 3409; x_wconf 88' lang='lat' dir='ltr'><strong>fuisse</strong></span> <span class='ocrx_word' id='word_1_220' title='bbox 1139 3343 1303 3410; x_wconf 86' lang='lat' dir='ltr'><strong>istas</strong></span> <span class='ocrx_word' id='word_1_221' title='bbox 1367 3354 1615 3430; x_wconf 87' lang='lat' dir='ltr'><strong>gentes.</strong></span> <span class='ocrx_word' id='word_1_222' title='bbox 1717 3344 1876 3410; x_wconf 87' lang='lat' dir='ltr'><strong>Nati</strong></span> <span class='ocrx_word' id='word_1_223' title='bbox 1953 3345 2216 3410; x_wconf 87' lang='lat' dir='ltr'><strong>fuerant</strong></span> <span class='ocrx_word' id='word_1_224' title='bbox 2283 3347 2567 3410; x_wconf 90' lang='lat' dir='ltr'><strong>Ammon</strong></span> 
     </span>
     <span class='ocr_line' id='line_1_35' title="bbox 626 3429 2570 3515; baseline -0.001 -20"><span class='ocrx_word' id='word_1_225' title='bbox 626 3438 691 3495; x_wconf 85' lang='lat' dir='ltr'><strong>et</strong></span> <span class='ocrx_word' id='word_1_226' title='bbox 767 3429 964 3495; x_wconf 85' lang='lat' dir='ltr'><strong>Moab</strong></span> <span class='ocrx_word' id='word_1_227' title='bbox 1036 3450 1118 3494; x_wconf 92' lang='lat' dir='ltr'><strong>ex</strong></span> <span class='ocrx_word' id='word_1_228' title='bbox 1198 3429 1447 3497; x_wconf 90' lang='lat' dir='ltr'><strong>incesto</strong></span> <span class='ocrx_word' id='word_1_229' title='bbox 1526 3430 1724 3497; x_wconf 91' lang='lat' dir='ltr'><strong>coitu.</strong></span> <span class='ocrx_word' id='word_1_230' title='bbox 1814 3430 2346 3496; x_wconf 88' lang='lat' dir='ltr'><strong>Consentaneum</strong></span> <span class='ocrx_word' id='word_1_231' title='bbox 2411 3449 2570 3515; x_wconf 88' lang='lat' dir='ltr'><strong>ergo</strong></span> 
     </span>
     <span class='ocr_line' id='line_1_36' title="bbox 626 3514 2570 3599; baseline 0 -18"><span class='ocrx_word' id='word_1_232' title='bbox 626 3523 771 3581; x_wconf 91' lang='lat' dir='ltr'><strong>erat</strong></span> <span class='ocrx_word' id='word_1_233' title='bbox 824 3534 1053 3581; x_wconf 91' lang='lat' dir='ltr'><strong>eorum</strong></span> <span class='ocrx_word' id='word_1_234' title='bbox 1110 3514 1383 3580; x_wconf 89' lang='lat' dir='ltr'><strong>interitu</strong></span> <span class='ocrx_word' id='word_1_235' title='bbox 1440 3515 1701 3598; x_wconf 90' lang='lat' dir='ltr'><strong>sepeliri</strong></span> <span class='ocrx_word' id='word_1_236' title='bbox 1747 3515 2066 3599; x_wconf 86' lang='lat' dir='ltr'><strong>tragicum</strong></span> <span class='ocrx_word' id='word_1_237' title='bbox 2109 3515 2272 3582; x_wconf 88' lang='lat' dir='ltr'><strong>illud</strong></span> <span class='ocrx_word' id='word_1_238' title='bbox 2316 3515 2570 3582; x_wconf 86' lang='lat' dir='ltr'><strong>facinus</strong></span> 
     </span>
     <span class='ocr_line' id='line_1_37' title="bbox 625 3599 2567 3685; baseline 0.001 -20"><span class='ocrx_word' id='word_1_239' title='bbox 625 3600 844 3685; x_wconf 88' lang='lat' dir='ltr'><strong>potius</strong></span> <span class='ocrx_word' id='word_1_240' title='bbox 902 3621 1098 3684; x_wconf 90' lang='lat' dir='ltr'><strong>quam</strong></span> <span class='ocrx_word' id='word_1_241' title='bbox 1135 3599 1264 3666; x_wconf 90' lang='lat' dir='ltr'><strong>Dei</strong></span> <span class='ocrx_word' id='word_1_242' title='bbox 1319 3602 1542 3666; x_wconf 85' lang='lat' dir='ltr'><strong>favore</strong></span> <span class='ocrx_word' id='word_1_243' title='bbox 1585 3602 1784 3666; x_wconf 82' lang='lat' dir='ltr'><strong>eximi</strong></span> <span class='ocrx_word' id='word_1_244' title='bbox 1829 3622 1869 3667; x_wconf 91' lang='lat' dir='ltr'><strong>a</strong></span> <span class='ocrx_word' id='word_1_245' title='bbox 1910 3604 2236 3668; x_wconf 91' lang='lat' dir='ltr'><strong>communi</strong></span> <span class='ocrx_word' id='word_1_246' title='bbox 2290 3601 2567 3667; x_wconf 89' lang='lat' dir='ltr'><strong>aliarum</strong></span> 
     </span>
     <span class='ocr_line' id='line_1_38' title="bbox 627 3686 2570 3771; baseline 0.001 -19"><span class='ocrx_word' id='word_1_247' title='bbox 627 3686 923 3771; x_wconf 89' lang='lat' dir='ltr'><strong>gentium</strong></span> <span class='ocrx_word' id='word_1_248' title='bbox 984 3694 1182 3752; x_wconf 89' lang='lat' dir='ltr'><strong>sorte:</strong></span> <span class='ocrx_word' id='word_1_249' title='bbox 1248 3706 1324 3752; x_wconf 91' lang='lat' dir='ltr'><strong>ac</strong></span> <span class='ocrx_word' id='word_1_250' title='bbox 1379 3686 1435 3751; x_wconf 91' lang='lat' dir='ltr'><strong>si</strong></span> <span class='ocrx_word' id='word_1_251' title='bbox 1491 3706 1611 3751; x_wconf 90' lang='lat' dir='ltr'><strong>sua</strong></span> <span class='ocrx_word' id='word_1_252' title='bbox 1661 3707 1771 3752; x_wconf 91' lang='lat' dir='ltr'><strong>eos</strong></span> <span class='ocrx_word' id='word_1_253' title='bbox 1829 3687 2134 3754; x_wconf 89' lang='lat' dir='ltr'><strong>nobilitas</strong></span> <span class='ocrx_word' id='word_1_254' title='bbox 2191 3687 2336 3753; x_wconf 87' lang='lat' dir='ltr'><strong>aliis</strong></span> <span class='ocrx_word' id='word_1_255' title='bbox 2384 3707 2570 3771; x_wconf 89' lang='lat' dir='ltr'><strong>prae-</strong></span> 
     </span>
     <span class='ocr_line' id='line_1_39' title="bbox 625 3769 2569 3856; baseline -0.002 -17"><span class='ocrx_word' id='word_1_256' title='bbox 625 3774 842 3839; x_wconf 87' lang='lat' dir='ltr'><strong>ferret.</strong></span> <span class='ocrx_word' id='word_1_257' title='bbox 930 3769 1184 3836; x_wconf 85' lang='lat' dir='ltr'><strong>Verum</strong></span> <span class='ocrx_word' id='word_1_258' title='bbox 1264 3770 1420 3837; x_wconf 88' lang='lat' dir='ltr'><strong>hinc</strong></span> <span class='ocrx_word' id='word_1_259' title='bbox 1499 3769 1854 3852; x_wconf 89' lang='lat' dir='ltr'><strong>discamus,</strong></span> <span class='ocrx_word' id='word_1_260' title='bbox 1927 3773 2080 3856; x_wconf 89' lang='lat' dir='ltr'><strong>quia</strong></span> <span class='ocrx_word' id='word_1_261' title='bbox 2138 3771 2378 3839; x_wconf 89' lang='lat' dir='ltr'><strong>iudicia</strong></span> <span class='ocrx_word' id='word_1_262' title='bbox 2441 3773 2569 3838; x_wconf 94' lang='lat' dir='ltr'><strong>Dei</strong></span> 
     </span>
     <span class='ocr_line' id='line_1_40' title="bbox 626 3855 2559 3942; baseline 0.001 -20"><span class='ocrx_word' id='word_1_263' title='bbox 626 3859 837 3923; x_wconf 85' lang='lat' dir='ltr'><strong>instar</strong></span> <span class='ocrx_word' id='word_1_264' title='bbox 893 3855 1255 3941; x_wconf 88' lang='lat' dir='ltr'><strong>profundae</strong></span> <span class='ocrx_word' id='word_1_265' title='bbox 1312 3857 1530 3942; x_wconf 80' lang='lat' dir='ltr'><strong>abyssi</strong></span> <span class='ocrx_word' id='word_1_266' title='bbox 1570 3877 1798 3924; x_wconf 86' lang='lat' dir='ltr'><strong>sensus</strong></span> <span class='ocrx_word' id='word_1_267' title='bbox 1844 3865 2101 3924; x_wconf 87' lang='lat' dir='ltr'><strong>nostros</strong></span> <span class='ocrx_word' id='word_1_268' title='bbox 2138 3859 2414 3942; x_wconf 87' lang='lat' dir='ltr'><strong>fugiunt,</strong></span> <span class='ocrx_word' id='word_1_269' title='bbox 2465 3879 2559 3923; x_wconf 91' lang='lat' dir='ltr'><strong>reÎ‡</strong></span> 
     </span>
     <span class='ocr_line' id='line_1_41' title="bbox 627 3941 2567 4028; baseline -0.001 -18"><span class='ocrx_word' id='word_1_270' title='bbox 627 3951 932 4010; x_wconf 87' lang='lat' dir='ltr'><strong>verenter</strong></span> <span class='ocrx_word' id='word_1_271' title='bbox 967 3941 1378 4024; x_wconf 89' lang='lat' dir='ltr'><strong>suspicienda</strong></span> <span class='ocrx_word' id='word_1_272' title='bbox 1413 3963 1574 4008; x_wconf 90' lang='lat' dir='ltr'><strong>esse.</strong></span> <span class='ocrx_word' id='word_1_273' title='bbox 1641 3943 1774 4009; x_wconf 90' lang='lat' dir='ltr'><strong>Lot</strong></span> <span class='ocrx_word' id='word_1_274' title='bbox 1817 3943 2076 4028; x_wconf 89' lang='lat' dir='ltr'><strong>insigne</strong></span> <span class='ocrx_word' id='word_1_275' title='bbox 2120 3942 2316 4010; x_wconf 90' lang='lat' dir='ltr'><strong>habet</strong></span> <span class='ocrx_word' id='word_1_276' title='bbox 2360 3944 2567 4026; x_wconf 72' lang='lat' dir='ltr'><strong>pieta-,-</strong></span> 
     </span>
     <span class='ocr_line' id='line_1_42' title="bbox 628 4026 2567 4113; baseline -0.001 -19"><span class='ocrx_word' id='word_1_277' title='bbox 628 4029 714 4094; x_wconf 89' lang='lat' dir='ltr'><strong>tis</strong></span> <span class='ocrx_word' id='word_1_278' title='bbox 784 4026 1249 4094; x_wconf 86' lang='lat' dir='ltr'><strong>testimonium.</strong></span> <span class='ocrx_word' id='word_1_279' title='bbox 1357 4027 1718 4113; x_wconf 80' lang='lat' dir='ltr'><strong>Flagitium</strong></span> <span class='ocrx_word' id='word_1_280' title='bbox 1788 4027 1960 4112; x_wconf 87' lang='lat' dir='ltr'><strong>quod</strong></span> <span class='ocrx_word' id='word_1_281' title='bbox 2014 4028 2236 4095; x_wconf 88' lang='lat' dir='ltr'><strong>ebrius</strong></span> <span class='ocrx_word' id='word_1_282' title='bbox 2286 4027 2567 4108; x_wconf 86' lang='lat' dir='ltr'><strong>admisit,</strong></span> 
     </span>
     <span class='ocr_line' id='line_1_43' title="bbox 625 4111 2566 4198; baseline 0 -19"><span class='ocrx_word' id='word_1_283' title='bbox 625 4122 942 4198; x_wconf 92' lang='lat' dir='ltr'><strong>perpetuo</strong></span> <span class='ocrx_word' id='word_1_284' title='bbox 986 4111 1297 4180; x_wconf 88' lang='lat' dir='ltr'><strong>dedecore</strong></span> <span class='ocrx_word' id='word_1_285' title='bbox 1332 4121 1560 4181; x_wconf 91' lang='lat' dir='ltr'><strong>notare</strong></span> <span class='ocrx_word' id='word_1_286' title='bbox 1604 4114 1698 4182; x_wconf 91' lang='lat' dir='ltr'><strong>sic</strong></span> <span class='ocrx_word' id='word_1_287' title='bbox 1733 4113 1982 4198; x_wconf 90' lang='lat' dir='ltr'><strong>placuit</strong></span> <span class='ocrx_word' id='word_1_288' title='bbox 2018 4114 2192 4196; x_wconf 93' lang='lat' dir='ltr'><strong>Deo,</strong></span> <span class='ocrx_word' id='word_1_289' title='bbox 2236 4122 2312 4180; x_wconf 90' lang='lat' dir='ltr'><strong>ut</strong></span> <span class='ocrx_word' id='word_1_290' title='bbox 2346 4124 2566 4181; x_wconf 89' lang='lat' dir='ltr'><strong>tamen</strong></span> 
     </span>
     <span class='ocr_line' id='line_1_44' title="bbox 626 4198 2568 4285; baseline 0.001 -20"><span class='ocrx_word' id='word_1_291' title='bbox 626 4198 977 4283; x_wconf 84' lang='lat' dir='ltr'><strong>asperserit</strong></span> <span class='ocrx_word' id='word_1_292' title='bbox 1010 4199 1272 4284; x_wconf 89' lang='lat' dir='ltr'><strong>signum</strong></span> <span class='ocrx_word' id='word_1_293' title='bbox 1308 4198 1566 4284; x_wconf 84' lang='lat' dir='ltr'><strong>aliquod</strong></span> <span class='ocrx_word' id='word_1_294' title='bbox 1600 4198 2108 4268; x_wconf 84' lang='lat' dir='ltr'><strong>misericordiae:</strong></span> <span class='ocrx_word' id='word_1_295' title='bbox 2143 4199 2312 4285; x_wconf 90' lang='lat' dir='ltr'><strong>quod</strong></span> <span class='ocrx_word' id='word_1_296' title='bbox 2350 4207 2568 4266; x_wconf 89' lang='lat' dir='ltr'><strong>tamen</strong></span> 
     </span>
     <span class='ocr_line' id='line_1_45' title="bbox 627 4284 2570 4371; baseline 0 -21"><span class='ocrx_word' id='word_1_297' title='bbox 627 4286 649 4350; x_wconf 93' lang='lat' dir='ltr'><strong>i</strong></span> <span class='ocrx_word' id='word_1_298' title='bbox 697 4286 753 4351; x_wconf 87' lang='lat' dir='ltr'><strong>si</strong></span> <span class='ocrx_word' id='word_1_299' title='bbox 819 4284 1127 4350; x_wconf 87' lang='lat' dir='ltr'><strong>Abrahae</strong></span> <span class='ocrx_word' id='word_1_300' title='bbox 1212 4287 1561 4371; x_wconf 88' lang='lat' dir='ltr'><strong>praecipue</strong></span> <span class='ocrx_word' id='word_1_301' title='bbox 1647 4287 1871 4352; x_wconf 88' lang='lat' dir='ltr'><strong>datum</strong></span> <span class='ocrx_word' id='word_1_302' title='bbox 1958 4285 2103 4352; x_wconf 87' lang='lat' dir='ltr'><strong>fuit.</strong></span> <span class='ocrx_word' id='word_1_303' title='bbox 2190 4285 2329 4353; x_wconf 89' lang='lat' dir='ltr'><strong>Nec</strong></span> <span class='ocrx_word' id='word_1_304' title='bbox 2414 4305 2570 4350; x_wconf 87' lang='lat' dir='ltr'><strong>vero</strong></span> 
     </span>
    </p>

    <p class='ocr_par' dir='ltr' id='par_1_5' title="bbox 628 4368 2570 5400">
     <span class='ocr_line' id='line_1_46' title="bbox 676 4368 2569 4456; baseline 0 -20"><span class='ocrx_word' id='word_1_305' title='bbox 676 4368 900 4436; x_wconf 90' lang='lat' dir='ltr'><strong>ubium</strong></span> <span class='ocrx_word' id='word_1_306' title='bbox 957 4377 1057 4435; x_wconf 91' lang='lat' dir='ltr'><strong>cst</strong></span> <span class='ocrx_word' id='word_1_307' title='bbox 1119 4372 1275 4455; x_wconf 91' lang='lat' dir='ltr'><strong>quin</strong></span> <span class='ocrx_word' id='word_1_308' title='bbox 1334 4370 1458 4438; x_wconf 91' lang='lat' dir='ltr'><strong>hac</strong></span> <span class='ocrx_word' id='word_1_309' title='bbox 1503 4379 1658 4437; x_wconf 84' lang='lat' dir='ltr'><strong>nota</strong></span> <span class='ocrx_word' id='word_1_310' title='bbox 1715 4379 2006 4456; x_wconf 87' lang='lat' dir='ltr'><strong>posteros</strong></span> <span class='ocrx_word' id='word_1_311' title='bbox 2048 4372 2182 4437; x_wconf 91' lang='lat' dir='ltr'><strong>Lot</strong></span> <span class='ocrx_word' id='word_1_312' title='bbox 2239 4391 2569 4438; x_wconf 88' lang='lat' dir='ltr'><strong>commen-</strong></span> 
     </span>
     <span class='ocr_line' id='line_1_47' title="bbox 628 4453 2569 4525; baseline 0 -3"><span class='ocrx_word' id='word_1_313' title='bbox 628 4456 738 4522; x_wconf 92' lang='lat' dir='ltr'><strong>det</strong></span> <span class='ocrx_word' id='word_1_314' title='bbox 790 4453 976 4521; x_wconf 91' lang='lat' dir='ltr'><strong>Deus</strong></span> <span class='ocrx_word' id='word_1_315' title='bbox 1029 4455 1373 4523; x_wconf 90' lang='lat' dir='ltr'><strong>Israelitis:</strong></span> <span class='ocrx_word' id='word_1_316' title='bbox 1442 4464 1513 4523; x_wconf 92' lang='lat' dir='ltr'><strong>ut</strong></span> <span class='ocrx_word' id='word_1_317' title='bbox 1547 4457 1861 4525; x_wconf 90' lang='lat' dir='ltr'><strong>libentius</strong></span> <span class='ocrx_word' id='word_1_318' title='bbox 1923 4457 2402 4524; x_wconf 89' lang='lat' dir='ltr'><strong>humanitatem</strong></span> <span class='ocrx_word' id='word_1_319' title='bbox 2463 4476 2569 4522; x_wconf 89' lang='lat' dir='ltr'><strong>co-</strong></span> 
     </span>
     <span class='ocr_line' id='line_1_48' title="bbox 628 4539 2569 4627; baseline 0.001 -20"><span class='ocrx_word' id='word_1_320' title='bbox 628 4544 804 4619; x_wconf 89' lang='lat' dir='ltr'><strong>lant,</strong></span> <span class='ocrx_word' id='word_1_321' title='bbox 862 4550 931 4607; x_wconf 91' lang='lat' dir='ltr'><strong>et</strong></span> <span class='ocrx_word' id='word_1_322' title='bbox 963 4539 1087 4606; x_wconf 90' lang='lat' dir='ltr'><strong>sibi</strong></span> <span class='ocrx_word' id='word_1_323' title='bbox 1131 4548 1498 4625; x_wconf 90' lang='lat' dir='ltr'><strong>temperent</strong></span> <span class='ocrx_word' id='word_1_324' title='bbox 1540 4543 1621 4611; x_wconf 90' lang='lat' dir='ltr'><strong>ab</strong></span> <span class='ocrx_word' id='word_1_325' title='bbox 1661 4544 1842 4609; x_wconf 91' lang='lat' dir='ltr'><strong>omni</strong></span> <span class='ocrx_word' id='word_1_326' title='bbox 1884 4544 2152 4622; x_wconf 87' lang='lat' dir='ltr'><strong>iniuria,</strong></span> <span class='ocrx_word' id='word_1_327' title='bbox 2215 4543 2328 4610; x_wconf 91' lang='lat' dir='ltr'><strong>ubi</strong></span> <span class='ocrx_word' id='word_1_328' title='bbox 2371 4564 2569 4627; x_wconf 91' lang='lat' dir='ltr'><strong>nego-</strong></span> 
     </span>
     <span class='ocr_line' id='line_1_49' title="bbox 628 4627 2570 4713; baseline -0.001 -19"><span class='ocrx_word' id='word_1_329' title='bbox 628 4629 797 4694; x_wconf 89' lang='lat' dir='ltr'><strong>tium</strong></span> <span class='ocrx_word' id='word_1_330' title='bbox 874 4633 974 4693; x_wconf 89' lang='lat' dir='ltr'><strong>est</strong></span> <span class='ocrx_word' id='word_1_331' title='bbox 1036 4648 1183 4693; x_wconf 92' lang='lat' dir='ltr'><strong>cum</strong></span> <span class='ocrx_word' id='word_1_332' title='bbox 1248 4627 1499 4696; x_wconf 90' lang='lat' dir='ltr'><strong>duobus</strong></span> <span class='ocrx_word' id='word_1_333' title='bbox 1573 4629 1834 4713; x_wconf 91' lang='lat' dir='ltr'><strong>populis</strong></span> <span class='ocrx_word' id='word_1_334' title='bbox 1897 4649 2059 4713; x_wconf 90' lang='lat' dir='ltr'><strong>quos</strong></span> <span class='ocrx_word' id='word_1_335' title='bbox 2120 4629 2195 4695; x_wconf 90' lang='lat' dir='ltr'><strong>in</strong></span> <span class='ocrx_word' id='word_1_336' title='bbox 2260 4629 2570 4695; x_wconf 91' lang='lat' dir='ltr'><strong>Abrahae</strong></span> 
     </span>
     <span class='ocr_line' id='line_1_50' title="bbox 630 4714 2569 4801; baseline 0.001 -23"><span class='ocrx_word' id='word_1_337' title='bbox 630 4714 913 4799; x_wconf 87' lang='lat' dir='ltr'><strong>gratiam</strong></span> <span class='ocrx_word' id='word_1_338' title='bbox 975 4721 1245 4797; x_wconf 91' lang='lat' dir='ltr'><strong>propter</strong></span> <span class='ocrx_word' id='word_1_339' title='bbox 1302 4734 1646 4780; x_wconf 88' lang='lat' dir='ltr'><strong>commune</strong></span> <span class='ocrx_word' id='word_1_340' title='bbox 1709 4736 1918 4799; x_wconf 86' lang='lat' dir='ltr'><strong>genus</strong></span> <span class='ocrx_word' id='word_1_341' title='bbox 1982 4715 2109 4801; x_wconf 86' lang='lat' dir='ltr'><strong>ipsi</strong></span> <span class='ocrx_word' id='word_1_342' title='bbox 2173 4716 2319 4781; x_wconf 93' lang='lat' dir='ltr'><strong>Deo</strong></span> <span class='ocrx_word' id='word_1_343' title='bbox 2376 4734 2569 4780; x_wconf 88' lang='lat' dir='ltr'><strong>curae</strong></span> 
     </span>
     <span class='ocr_line' id='line_1_51' title="bbox 629 4797 2569 4885; baseline 0 -19"><span class='ocrx_word' id='word_1_344' title='bbox 629 4821 772 4866; x_wconf 91' lang='lat' dir='ltr'><strong>esse</strong></span> <span class='ocrx_word' id='word_1_345' title='bbox 849 4797 1096 4865; x_wconf 87' lang='lat' dir='ltr'><strong>vident.</strong></span> <span class='ocrx_word' id='word_1_346' title='bbox 1185 4800 1393 4866; x_wconf 91' lang='lat' dir='ltr'><strong>Porro</strong></span> <span class='ocrx_word' id='word_1_347' title='bbox 1471 4799 1699 4866; x_wconf 88' lang='lat' dir='ltr'><strong>eodem</strong></span> <span class='ocrx_word' id='word_1_348' title='bbox 1747 4808 2158 4885; x_wconf 70' lang='lat' dir='ltr'><strong>argumento</strong></span> <span class='ocrx_word' id='word_1_349' title='bbox 2222 4822 2349 4885; x_wconf 92' lang='lat' dir='ltr'><strong>quo</strong></span> <span class='ocrx_word' id='word_1_350' title='bbox 2413 4807 2569 4866; x_wconf 89' lang='lat' dir='ltr'><strong>ante</strong></span> 
     </span>
     <span class='ocr_line' id='line_1_52' title="bbox 631 4883 2566 4970; baseline 0.002 -21"><span class='ocrx_word' id='word_1_351' title='bbox 631 4885 934 4969; x_wconf 88' lang='lat' dir='ltr'><strong>probavit</strong></span> <span class='ocrx_word' id='word_1_352' title='bbox 967 4892 1103 4950; x_wconf 87' lang='lat' dir='ltr'><strong>tam</strong></span> <span class='ocrx_word' id='word_1_353' title='bbox 1148 4883 1494 4953; x_wconf 90' lang='lat' dir='ltr'><strong>Idumaeos</strong></span> <span class='ocrx_word' id='word_1_354' title='bbox 1538 4907 1732 4970; x_wconf 88' lang='lat' dir='ltr'><strong>quam</strong></span> <span class='ocrx_word' id='word_1_355' title='bbox 1758 4886 2101 4967; x_wconf 90' lang='lat' dir='ltr'><strong>Moabitas,</strong></span> <span class='ocrx_word' id='word_1_356' title='bbox 2148 4886 2273 4953; x_wconf 91' lang='lat' dir='ltr'><strong>Dei</strong></span> <span class='ocrx_word' id='word_1_357' title='bbox 2319 4886 2566 4953; x_wconf 90' lang='lat' dir='ltr'><strong>auxilio</strong></span> 
     </span>
     <span class='ocr_line' id='line_1_53' title="bbox 631 4970 2566 5057; baseline 0.001 -22"><span class='ocrx_word' id='word_1_358' title='bbox 631 4971 833 5037; x_wconf 84' lang='lat' dir='ltr'><strong>fretos</strong></span> <span class='ocrx_word' id='word_1_359' title='bbox 911 4970 1209 5054; x_wconf 89' lang='lat' dir='ltr'><strong>regiones</strong></span> <span class='ocrx_word' id='word_1_360' title='bbox 1289 4993 1563 5055; x_wconf 90' lang='lat' dir='ltr'><strong>quarum</strong></span> <span class='ocrx_word' id='word_1_361' title='bbox 1630 4970 1875 5038; x_wconf 89' lang='lat' dir='ltr'><strong>domini</strong></span> <span class='ocrx_word' id='word_1_362' title='bbox 1941 4981 2132 5038; x_wconf 89' lang='lat' dir='ltr'><strong>erant</strong></span> <span class='ocrx_word' id='word_1_363' title='bbox 2199 4992 2566 5057; x_wconf 77' lang='lat' dir='ltr'><strong>occupasse,</strong></span> 
     </span>
     <span class='ocr_line' id='line_1_54' title="bbox 632 5057 2567 5142; baseline 0.002 -21"><span class='ocrx_word' id='word_1_364' title='bbox 632 5076 812 5122; x_wconf 91' lang='lat' dir='ltr'><strong>nunc</strong></span> <span class='ocrx_word' id='word_1_365' title='bbox 854 5057 1193 5123; x_wconf 89' lang='lat' dir='ltr'><strong>confirmat</strong></span> <span class='ocrx_word' id='word_1_366' title='bbox 1239 5066 1478 5124; x_wconf 88' lang='lat' dir='ltr'><strong>terram</strong></span> <span class='ocrx_word' id='word_1_367' title='bbox 1522 5077 1716 5141; x_wconf 92' lang='lat' dir='ltr'><strong>quam</strong></span> <span class='ocrx_word' id='word_1_368' title='bbox 1772 5057 2105 5142; x_wconf 92' lang='lat' dir='ltr'><strong>possident</strong></span> <span class='ocrx_word' id='word_1_369' title='bbox 2149 5059 2567 5124; x_wconf 81' lang='lat' dir='ltr'><strong>Ammonitas</strong></span> 
     </span>
     <span class='ocr_line' id='line_1_55' title="bbox 633 5141 2565 5227; baseline 0 -20"><span class='ocrx_word' id='word_1_370' title='bbox 633 5142 952 5209; x_wconf 82' lang='lat' dir='ltr'><strong>divinitus</strong></span> <span class='ocrx_word' id='word_1_371' title='bbox 994 5141 1128 5209; x_wconf 90' lang='lat' dir='ltr'><strong>illis</strong></span> <span class='ocrx_word' id='word_1_372' title='bbox 1160 5143 1360 5210; x_wconf 81' lang='lat' dir='ltr'><strong>fuisse</strong></span> <span class='ocrx_word' id='word_1_373' title='bbox 1392 5164 1782 5221; x_wconf 89' lang='lat' dir='ltr'><strong>concessam,</strong></span> <span class='ocrx_word' id='word_1_374' title='bbox 1827 5164 1976 5209; x_wconf 91' lang='lat' dir='ltr'><strong>nem</strong></span> <span class='ocrx_word' id='word_1_375' title='bbox 2023 5165 2059 5209; x_wconf 93' lang='lat' dir='ltr'><strong>e</strong></span> <span class='ocrx_word' id='word_1_376' title='bbox 2103 5144 2256 5227; x_wconf 88' lang='lat' dir='ltr'><strong>quia</strong></span> <span class='ocrx_word' id='word_1_377' title='bbox 2299 5145 2565 5210; x_wconf 80' lang='lat' dir='ltr'><strong>vincen-</strong></span> 
     </span>
     <span class='ocr_line' id='line_1_56' title="bbox 634 5225 2567 5314; baseline 0.001 -23"><span class='ocrx_word' id='word_1_378' title='bbox 634 5225 736 5293; x_wconf 92' lang='lat' dir='ltr'><strong>dis</strong></span> <span class='ocrx_word' id='word_1_379' title='bbox 793 5247 868 5294; x_wconf 91' lang='lat' dir='ltr'><strong>ac</strong></span> <span class='ocrx_word' id='word_1_380' title='bbox 923 5228 1346 5313; x_wconf 88' lang='lat' dir='ltr'><strong>profligandis</strong></span> <span class='ocrx_word' id='word_1_381' title='bbox 1397 5228 1776 5314; x_wconf 87' lang='lat' dir='ltr'><strong>gigantibus</strong></span> <span class='ocrx_word' id='word_1_382' title='bbox 1843 5248 1949 5293; x_wconf 92' lang='lat' dir='ltr'><strong>mo</strong></span> <span class='ocrx_word' id='word_1_383' title='bbox 1996 5250 2107 5294; x_wconf 89' lang='lat' dir='ltr'><strong>um</strong></span> <span class='ocrx_word' id='word_1_384' title='bbox 2163 5231 2567 5299; x_wconf 82' lang='lat' dir='ltr'><strong>excesserint</strong></span> 
     </span>
     <span class='ocr_line' id='line_1_57' title="bbox 635 5312 2566 5400; baseline 0.001 -22"><span class='ocrx_word' id='word_1_385' title='bbox 635 5312 967 5379; x_wconf 91' lang='lat' dir='ltr'><strong>humanae</strong></span> <span class='ocrx_word' id='word_1_386' title='bbox 1005 5313 1425 5397; x_wconf 86' lang='lat' dir='ltr'><strong>fortitudinis,</strong></span> <span class='ocrx_word' id='word_1_387' title='bbox 1467 5324 1658 5400; x_wconf 89' lang='lat' dir='ltr'><strong>atque</strong></span> <span class='ocrx_word' id='word_1_388' title='bbox 1700 5315 1797 5382; x_wconf 91' lang='lat' dir='ltr'><strong>ita</strong></span> <span class='ocrx_word' id='word_1_389' title='bbox 1829 5313 2013 5382; x_wconf 85' lang='lat' dir='ltr'><strong>Deus</strong></span> <span class='ocrx_word' id='word_1_390' title='bbox 2058 5315 2384 5399; x_wconf 87' lang='lat' dir='ltr'><strong>specimen</strong></span> <span class='ocrx_word' id='word_1_391' title='bbox 2429 5314 2566 5384; x_wconf 88' lang='lat' dir='ltr'><strong>edi-</strong></span> 
     </span>
    </p>
   </div>
   <div class='ocr_carea' id='block_1_3' title="bbox 2050 413 3217 484">
    <p class='ocr_par' dir='ltr' id='par_1_6' title="bbox 2050 413 3217 484">
     <span class='ocr_line' id='line_1_58' title="bbox 2050 413 3217 484; baseline -0.001 -1"><span class='ocrx_word' id='word_1_392' title='bbox 2050 414 2456 484; x_wconf 71' lang='lat' dir='ltr'><strong>REDITUS</strong></span> <span class='ocrx_word' id='word_1_393' title='bbox 2500 416 2628 481; x_wconf 91' lang='lat' dir='ltr'><strong>AD</strong></span> <span class='ocrx_word' id='word_1_394' title='bbox 2676 413 3217 483; x_wconf 79' lang='lat' dir='ltr'><strong>HISTORIAM.</strong></span> 
     </span>
    </p>
   </div>
   <div class='ocr_carea' id='block_1_4' title="bbox 2613 603 2632 5364">
    <p class='ocr_par' dir='ltr' id='par_1_7' title="bbox 2613 603 2632 5364">
     <span class='ocr_line' id='line_1_59' title="bbox 2613 603 2632 5364; baseline 0 0"><span class='ocrx_word' id='word_1_395' title='bbox 2613 603 2632 5364; x_wconf 95' lang='lat' dir='ltr'><strong> </strong></span> 
     </span>
    </p>
   </div>
   <div class='ocr_carea' id='block_1_5' title="bbox 4506 408 4635 478">
    <p class='ocr_par' dir='ltr' id='par_1_8' title="bbox 4506 408 4635 478">
     <span class='ocr_line' id='line_1_60' title="bbox 4506 408 4635 478; baseline 0.008 -1"><span class='ocrx_word' id='word_1_396' title='bbox 4506 408 4635 478; x_wconf 83' lang='lat'><strong>256</strong></span> 
     </span>
    </p>
   </div>
   <div class='ocr_carea' id='block_1_6' title="bbox 2672 599 4628 1870">
    <p class='ocr_par' dir='ltr' id='par_1_9' title="bbox 2672 599 4628 1870">
     <span class='ocr_line' id='line_1_61' title="bbox 2680 599 4628 687; baseline -0.002 -19"><span class='ocrx_word' id='word_1_397' title='bbox 2680 601 2850 671; x_wconf 89' lang='lat' dir='ltr'><strong>derit</strong></span> <span class='ocrx_word' id='word_1_398' title='bbox 2914 603 3047 669; x_wconf 90' lang='lat' dir='ltr'><strong>rari</strong></span> <span class='ocrx_word' id='word_1_399' title='bbox 3103 611 3172 670; x_wconf 89' lang='lat' dir='ltr'><strong>et</strong></span> <span class='ocrx_word' id='word_1_400' title='bbox 3235 603 3479 669; x_wconf 90' lang='lat' dir='ltr'><strong>insoliti</strong></span> <span class='ocrx_word' id='word_1_401' title='bbox 3543 603 3804 670; x_wconf 85' lang='lat' dir='ltr'><strong>favoris.</strong></span> <span class='ocrx_word' id='word_1_402' title='bbox 3894 601 4084 669; x_wconf 89' lang='lat' dir='ltr'><strong>Adde</strong></span> <span class='ocrx_word' id='word_1_403' title='bbox 4160 599 4329 687; x_wconf 90' lang='lat' dir='ltr'><strong>quod</strong></span> <span class='ocrx_word' id='word_1_404' title='bbox 4408 599 4628 686; x_wconf 88' lang='lat' dir='ltr'><strong>gentis</strong></span> 
     </span>
     <span class='ocr_line' id='line_1_62' title="bbox 2677 685 4625 774; baseline -0.001 -20"><span class='ocrx_word' id='word_1_405' title='bbox 2677 690 3055 773; x_wconf 89' lang='lat' dir='ltr'><strong>propagatio</strong></span> <span class='ocrx_word' id='word_1_406' title='bbox 3116 696 3252 755; x_wconf 88' lang='lat' dir='ltr'><strong>tam</strong></span> <span class='ocrx_word' id='word_1_407' title='bbox 3300 689 3538 774; x_wconf 89' lang='lat' dir='ltr'><strong>exiguo</strong></span> <span class='ocrx_word' id='word_1_408' title='bbox 3582 703 3874 773; x_wconf 89' lang='lat' dir='ltr'><strong>tempore</strong></span> <span class='ocrx_word' id='word_1_409' title='bbox 3917 696 4183 774; x_wconf 87' lang='lat' dir='ltr'><strong>propter</strong></span> <span class='ocrx_word' id='word_1_410' title='bbox 4237 685 4625 753; x_wconf 88' lang='lat' dir='ltr'><strong>miraculum</strong></span> 
     </span>
     <span class='ocr_line' id='line_1_63' title="bbox 2677 770 4624 859; baseline -0.002 -18"><span class='ocrx_word' id='word_1_411' title='bbox 2677 774 2957 859; x_wconf 85' lang='lat' dir='ltr'><strong>speciale</strong></span> <span class='ocrx_word' id='word_1_412' title='bbox 3000 774 3125 839; x_wconf 86' lang='lat' dir='ltr'><strong>fuit</strong></span> <span class='ocrx_word' id='word_1_413' title='bbox 3170 774 3619 842; x_wconf 86' lang='lat' dir='ltr'><strong>testimonium</strong></span> <span class='ocrx_word' id='word_1_414' title='bbox 3663 774 3913 859; x_wconf 88' lang='lat' dir='ltr'><strong>gratiae</strong></span> <span class='ocrx_word' id='word_1_415' title='bbox 3956 775 4104 842; x_wconf 90' lang='lat' dir='ltr'><strong>Dei.</strong></span> <span class='ocrx_word' id='word_1_416' title='bbox 4171 773 4402 856; x_wconf 89' lang='lat' dir='ltr'><strong>Neque</strong></span> <span class='ocrx_word' id='word_1_417' title='bbox 4446 770 4624 837; x_wconf 81' lang='lat' dir='ltr'><strong>enim</strong></span> 
     </span>
     <span class='ocr_line' id='line_1_64' title="bbox 2676 857 4627 927; baseline -0.002 -2"><span class='ocrx_word' id='word_1_418' title='bbox 2676 860 2915 927; x_wconf 88' lang='lat' dir='ltr'><strong>usitato</strong></span> <span class='ocrx_word' id='word_1_419' title='bbox 2957 869 3237 927; x_wconf 90' lang='lat' dir='ltr'><strong>naturae</strong></span> <span class='ocrx_word' id='word_1_420' title='bbox 3281 881 3461 926; x_wconf 89' lang='lat' dir='ltr'><strong>more</strong></span> <span class='ocrx_word' id='word_1_421' title='bbox 3505 858 3632 926; x_wconf 89' lang='lat' dir='ltr'><strong>duo</strong></span> <span class='ocrx_word' id='word_1_422' title='bbox 3684 860 3985 927; x_wconf 88' lang='lat' dir='ltr'><strong>homines</strong></span> <span class='ocrx_word' id='word_1_423' title='bbox 4028 862 4100 926; x_wconf 93' lang='lat' dir='ltr'><strong>in</strong></span> <span class='ocrx_word' id='word_1_424' title='bbox 4158 867 4409 927; x_wconf 87' lang='lat' dir='ltr'><strong>tantam</strong></span> <span class='ocrx_word' id='word_1_425' title='bbox 4453 857 4627 922; x_wconf 88' lang='lat' dir='ltr'><strong>mul-</strong></span> 
     </span>
     <span class='ocr_line' id='line_1_65' title="bbox 2675 945 4623 1030; baseline -0.001 -20"><span class='ocrx_word' id='word_1_426' title='bbox 2675 945 3020 1012; x_wconf 90' lang='lat' dir='ltr'><strong>titudinem</strong></span> <span class='ocrx_word' id='word_1_427' title='bbox 3067 966 3355 1013; x_wconf 89' lang='lat' dir='ltr'><strong>crescere</strong></span> <span class='ocrx_word' id='word_1_428' title='bbox 3401 954 3765 1030; x_wconf 84' lang='lat' dir='ltr'><strong>potuerant.</strong></span> <span class='ocrx_word' id='word_1_429' title='bbox 3854 947 4206 1012; x_wconf 80' lang='lat' dir='ltr'><strong>Caeterum</strong></span> <span class='ocrx_word' id='word_1_430' title='bbox 4251 962 4623 1029; x_wconf 89' lang='lat' dir='ltr'><strong>quanquam</strong></span> 
     </span>
     <span class='ocr_line' id='line_1_66' title="bbox 2674 1029 4625 1116; baseline -0.002 -20"><span class='ocrx_word' id='word_1_431' title='bbox 2674 1031 2959 1099; x_wconf 89' lang='lat' dir='ltr'><strong>Hebraei</strong></span> <span class='ocrx_word' id='word_1_432' title='bbox 3020 1030 3453 1115; x_wconf 74' lang='lat' dir='ltr'><strong>caphthorim</strong></span> <span class='ocrx_word' id='word_1_433' title='bbox 3509 1041 3747 1100; x_wconf 82' lang='lat' dir='ltr'><strong>vocant</strong></span> <span class='ocrx_word' id='word_1_434' title='bbox 3810 1029 4232 1116; x_wconf 76' lang='lat' dir='ltr'><strong>Cappadoces</strong></span> <span class='ocrx_word' id='word_1_435' title='bbox 4252 1079 4267 1108; x_wconf 92' lang='lat'><strong>,</strong></span> <span class='ocrx_word' id='word_1_436' title='bbox 4332 1030 4625 1095; x_wconf 87' lang='lat' dir='ltr'><strong>nescitur</strong></span> 
     </span>
     <span class='ocr_line' id='line_1_67' title="bbox 2677 1114 4621 1203; baseline -0.001 -21"><span class='ocrx_word' id='word_1_437' title='bbox 2677 1124 2899 1183; x_wconf 88' lang='lat' dir='ltr'><strong>tamen</strong></span> <span class='ocrx_word' id='word_1_438' title='bbox 2946 1138 3030 1182; x_wconf 91' lang='lat' dir='ltr'><strong>an</strong></span> <span class='ocrx_word' id='word_1_439' title='bbox 3093 1117 3274 1184; x_wconf 91' lang='lat' dir='ltr'><strong>illinc</strong></span> <span class='ocrx_word' id='word_1_440' title='bbox 3329 1116 3589 1184; x_wconf 90' lang='lat' dir='ltr'><strong>oriundi</strong></span> <span class='ocrx_word' id='word_1_441' title='bbox 3640 1118 3771 1185; x_wconf 88' lang='lat' dir='ltr'><strong>sint</strong></span> <span class='ocrx_word' id='word_1_442' title='bbox 3829 1117 4127 1203; x_wconf 89' lang='lat' dir='ltr'><strong>gigantes</strong></span> <span class='ocrx_word' id='word_1_443' title='bbox 4193 1135 4470 1199; x_wconf 90' lang='lat' dir='ltr'><strong>quorum</strong></span> <span class='ocrx_word' id='word_1_444' title='bbox 4541 1114 4621 1181; x_wconf 92' lang='lat' dir='ltr'><strong>ab</strong></span> 
     </span>
     <span class='ocr_line' id='line_1_68' title="bbox 2675 1200 4619 1288; baseline -0.002 -20"><span class='ocrx_word' id='word_1_445' title='bbox 2675 1202 3073 1269; x_wconf 90' lang='lat' dir='ltr'><strong>Ammonitis</strong></span> <span class='ocrx_word' id='word_1_446' title='bbox 3128 1223 3429 1287; x_wconf 88' lang='lat' dir='ltr'><strong>possessa</strong></span> <span class='ocrx_word' id='word_1_447' title='bbox 3484 1203 3608 1269; x_wconf 84' lang='lat' dir='ltr'><strong>fuit</strong></span> <span class='ocrx_word' id='word_1_448' title='bbox 3657 1203 3859 1288; x_wconf 88' lang='lat' dir='ltr'><strong>regio.</strong></span> <span class='ocrx_word' id='word_1_449' title='bbox 3949 1201 4142 1285; x_wconf 79' lang='lat' dir='ltr'><strong>Quod</strong></span> <span class='ocrx_word' id='word_1_450' title='bbox 4189 1204 4244 1267; x_wconf 92' lang='lat' dir='ltr'><strong>si</strong></span> <span class='ocrx_word' id='word_1_451' title='bbox 4287 1200 4619 1284; x_wconf 87' lang='lat' dir='ltr'><strong>recipitur,</strong></span> 
     </span>
     <span class='ocr_line' id='line_1_69' title="bbox 2673 1285 4619 1374; baseline -0.002 -21"><span class='ocrx_word' id='word_1_452' title='bbox 2673 1289 2873 1374; x_wconf 88' lang='lat' dir='ltr'><strong>longa</strong></span> <span class='ocrx_word' id='word_1_453' title='bbox 2916 1288 3063 1369; x_wconf 90' lang='lat' dir='ltr'><strong>illis,</strong></span> <span class='ocrx_word' id='word_1_454' title='bbox 3110 1297 3449 1373; x_wconf 88' lang='lat' dir='ltr'><strong>postquam</strong></span> <span class='ocrx_word' id='word_1_455' title='bbox 3493 1290 3738 1374; x_wconf 87' lang='lat' dir='ltr'><strong>egressi</strong></span> <span class='ocrx_word' id='word_1_456' title='bbox 3782 1296 3939 1357; x_wconf 80' lang='lat' dir='ltr'><strong>sunt</strong></span> <span class='ocrx_word' id='word_1_457' title='bbox 3981 1307 4022 1354; x_wconf 90' lang='lat' dir='ltr'><strong>a</strong></span> <span class='ocrx_word' id='word_1_458' title='bbox 4062 1286 4294 1373; x_wconf 90' lang='lat' dir='ltr'><strong>patria,</strong></span> <span class='ocrx_word' id='word_1_459' title='bbox 4342 1294 4409 1352; x_wconf 93' lang='lat' dir='ltr'><strong>et</strong></span> <span class='ocrx_word' id='word_1_460' title='bbox 4452 1285 4619 1351; x_wconf 90' lang='lat' dir='ltr'><strong>mul-</strong></span> 
     </span>
     <span class='ocr_line' id='line_1_70' title="bbox 2674 1370 4620 1462; baseline -0.002 -22"><span class='ocrx_word' id='word_1_461' title='bbox 2674 1382 2888 1441; x_wconf 90' lang='lat' dir='ltr'><strong>torum</strong></span> <span class='ocrx_word' id='word_1_462' title='bbox 2934 1373 3383 1441; x_wconf 88' lang='lat' dir='ltr'><strong>discriminum</strong></span> <span class='ocrx_word' id='word_1_463' title='bbox 3427 1374 3864 1462; x_wconf 86' lang='lat' dir='ltr'><strong>peregrinatio</strong></span> <span class='ocrx_word' id='word_1_464' title='bbox 3907 1373 4064 1439; x_wconf 80' lang='lat' dir='ltr'><strong>fuit:</strong></span> <span class='ocrx_word' id='word_1_465' title='bbox 4125 1370 4360 1439; x_wconf 90' lang='lat' dir='ltr'><strong>deinde</strong></span> <span class='ocrx_word' id='word_1_466' title='bbox 4418 1391 4620 1455; x_wconf 91' lang='lat' dir='ltr'><strong>quum</strong></span> 
     </span>
     <span class='ocr_line' id='line_1_71' title="bbox 2673 1458 4622 1543; baseline -0.001 -17"><span class='ocrx_word' id='word_1_467' title='bbox 2673 1460 3036 1526; x_wconf 87' lang='lat' dir='ltr'><strong>transirent</strong></span> <span class='ocrx_word' id='word_1_468' title='bbox 3079 1480 3194 1543; x_wconf 92' lang='lat' dir='ltr'><strong>per</strong></span> <span class='ocrx_word' id='word_1_469' title='bbox 3234 1459 3466 1527; x_wconf 87' lang='lat' dir='ltr'><strong>uberes</strong></span> <span class='ocrx_word' id='word_1_470' title='bbox 3510 1468 3577 1526; x_wconf 92' lang='lat' dir='ltr'><strong>et</strong></span> <span class='ocrx_word' id='word_1_471' title='bbox 3610 1480 3916 1527; x_wconf 91' lang='lat' dir='ltr'><strong>amoenas</strong></span> <span class='ocrx_word' id='word_1_472' title='bbox 3959 1467 4188 1539; x_wconf 86' lang='lat' dir='ltr'><strong>terras,</strong></span> <span class='ocrx_word' id='word_1_473' title='bbox 4233 1458 4475 1524; x_wconf 91' lang='lat' dir='ltr'><strong>mirum</strong></span> <span class='ocrx_word' id='word_1_474' title='bbox 4521 1464 4622 1524; x_wconf 81' lang='lat' dir='ltr'><strong>est</strong></span> 
     </span>
     <span class='ocr_line' id='line_1_72' title="bbox 2673 1545 4623 1630; baseline -0.003 -18"><span class='ocrx_word' id='word_1_475' title='bbox 2673 1567 2879 1630; x_wconf 91' lang='lat' dir='ltr'><strong>usque</strong></span> <span class='ocrx_word' id='word_1_476' title='bbox 2902 1545 2984 1612; x_wconf 89' lang='lat' dir='ltr'><strong>ad</strong></span> <span class='ocrx_word' id='word_1_477' title='bbox 3013 1555 3267 1612; x_wconf 90' lang='lat' dir='ltr'><strong>montes</strong></span> <span class='ocrx_word' id='word_1_478' title='bbox 3296 1546 3447 1612; x_wconf 90' lang='lat' dir='ltr'><strong>illos</strong></span> <span class='ocrx_word' id='word_1_479' title='bbox 3479 1555 3874 1630; x_wconf 89' lang='lat' dir='ltr'><strong>penetrasse.</strong></span> <span class='ocrx_word' id='word_1_480' title='bbox 3935 1545 4115 1611; x_wconf 83' lang='lat' dir='ltr'><strong>Fieri</strong></span> <span class='ocrx_word' id='word_1_481' title='bbox 4141 1551 4359 1610; x_wconf 89' lang='lat' dir='ltr'><strong>tamen</strong></span> <span class='ocrx_word' id='word_1_482' title='bbox 4382 1549 4623 1627; x_wconf 89' lang='lat' dir='ltr'><strong>potest,</strong></span> 
     </span>
     <span class='ocr_line' id='line_1_73' title="bbox 2673 1628 4621 1718; baseline -0.002 -21"><span class='ocrx_word' id='word_1_483' title='bbox 2673 1640 2751 1697; x_wconf 92' lang='lat' dir='ltr'><strong>nt</strong></span> <span class='ocrx_word' id='word_1_484' title='bbox 2791 1630 3192 1716; x_wconf 85' lang='lat' dir='ltr'><strong>praedonum</strong></span> <span class='ocrx_word' id='word_1_485' title='bbox 3237 1651 3420 1697; x_wconf 91' lang='lat' dir='ltr'><strong>more</strong></span> <span class='ocrx_word' id='word_1_486' title='bbox 3460 1632 3772 1718; x_wconf 90' lang='lat' dir='ltr'><strong>grassati,</strong></span> <span class='ocrx_word' id='word_1_487' title='bbox 3830 1651 4151 1715; x_wconf 88' lang='lat' dir='ltr'><strong>nusquam</strong></span> <span class='ocrx_word' id='word_1_488' title='bbox 4197 1628 4621 1713; x_wconf 90' lang='lat' dir='ltr'><strong>tranquillam</strong></span> 
     </span>
     <span class='ocr_line' id='line_1_74' title="bbox 2672 1714 4621 1869; baseline -0.001 -85"><span class='ocrx_word' id='word_1_489' title='bbox 2672 1717 3025 1869; x_wconf 51' lang='lat' dir='ltr'><strong>stgtionem</strong></span> <span class='ocrx_word' id='word_1_490' title='bbox 3081 1719 3478 1797; x_wconf 86' lang='lat' dir='ltr'><strong>invenerint,</strong></span> <span class='ocrx_word' id='word_1_491' title='bbox 3538 1716 3744 1786; x_wconf 89' lang='lat' dir='ltr'><strong>donec</strong></span> <span class='ocrx_word' id='word_1_492' title='bbox 3799 1717 3979 1803; x_wconf 85' lang='lat' dir='ltr'><strong>regio</strong></span> <span class='ocrx_word' id='word_1_493' title='bbox 4038 1716 4260 1783; x_wconf 87' lang='lat' dir='ltr'><strong>minus</strong></span> <span class='ocrx_word' id='word_1_494' title='bbox 4317 1714 4494 1782; x_wconf 88' lang='lat' dir='ltr'><strong>culta</strong></span> <span class='ocrx_word' id='word_1_495' title='bbox 4551 1733 4621 1782; x_wconf 91' lang='lat' dir='ltr'><strong>se</strong></span> 
     </span>
     <span class='ocr_line' id='line_1_75' title="bbox 2674 1811 2960 1870; baseline -0.007 0"><span class='ocrx_word' id='word_1_496' title='bbox 2674 1824 2713 1870; x_wconf 95' lang='lat' dir='ltr'><strong>o</strong></span> <span class='ocrx_word' id='word_1_497' title='bbox 2766 1811 2960 1870; x_wconf 88' lang='lat' dir='ltr'><strong>erret.</strong></span> 
     </span>
    </p>
   </div>
   <div class='ocr_carea' id='block_1_7' title="bbox 3138 2178 4152 2248">
    <p class='ocr_par' dir='ltr' id='par_1_10' title="bbox 3138 2178 4152 2248">
     <span class='ocr_line' id='line_1_76' title="bbox 3138 2178 4152 2248; baseline -0.001 -2"><span class='ocrx_word' id='word_1_498' title='bbox 3138 2180 3271 2246; x_wconf 80' lang='lat' dir='ltr'><strong>EX</strong></span> <span class='ocrx_word' id='word_1_499' title='bbox 3314 2180 3666 2248; x_wconf 83' lang='lat' dir='ltr'><strong>NUMER..</strong></span> <span class='ocrx_word' id='word_1_500' title='bbox 3712 2179 3912 2245; x_wconf 86' lang='lat' dir='ltr'><strong>OAP.</strong></span> <span class='ocrx_word' id='word_1_501' title='bbox 3957 2178 4152 2246; x_wconf 87' lang='lat' dir='ltr'><strong>XXI.</strong></span> 
     </span>
    </p>
   </div>
   <div class='ocr_carea' id='block_1_8' title="bbox 2665 2348 4624 4834">
    <p class='ocr_par' dir='ltr' id='par_1_11' title="bbox 2665 2348 4624 4834">
     <span class='ocr_line' id='line_1_77' title="bbox 2840 2348 4620 2436; baseline 0 -19"><span class='ocrx_word' id='word_1_502' title='bbox 2840 2352 2946 2417; x_wconf 83' lang='lat'><strong>21.</strong></span> <span class='ocrx_word' id='word_1_503' title='bbox 3014 2349 3854 2436; x_wconf 65' lang='lat' dir='ltr'><strong>Misitlsraezkyatosad</strong></span> <span class='ocrx_word' id='word_1_504' title='bbox 3913 2348 4620 2434; x_wconf 68' lang='lat' dir='ltr'><strong>SihonreymEmor-</strong></span> 
     </span>
     <span class='ocr_line' id='line_1_78' title="bbox 2669 2437 4624 2518; baseline -0.001 -15"><span class='ocrx_word' id='word_1_505' title='bbox 2669 2437 3033 2515; x_wconf 75' lang='lat' dir='ltr'><strong>rhaeorum,</strong></span> <span class='ocrx_word' id='word_1_506' title='bbox 3068 2438 3354 2503; x_wconf 64' lang='lat' dir='ltr'><strong>dicando.-</strong></span> <span class='ocrx_word' id='word_1_507' title='bbox 3407 2437 3512 2504; x_wconf 89' lang='grc'><strong>22.</strong></span> <span class='ocrx_word' id='word_1_508' title='bbox 3582 2437 3930 2503; x_wconf 75' lang='lat' dir='ltr'><strong>Transeam</strong></span> <span class='ocrx_word' id='word_1_509' title='bbox 3963 2457 4088 2518; x_wconf 75' lang='lat' dir='ltr'><strong>per</strong></span> <span class='ocrx_word' id='word_1_510' title='bbox 4140 2442 4375 2503; x_wconf 78' lang='lat' dir='ltr'><strong>terram</strong></span> <span class='ocrx_word' id='word_1_511' title='bbox 4416 2441 4624 2502; x_wconf 76' lang='lat' dir='ltr'><strong>taam:</strong></span> 
     </span>
     <span class='ocr_line' id='line_1_79' title="bbox 2670 2522 4622 2607; baseline -0.001 -19"><span class='ocrx_word' id='word_1_512' title='bbox 2670 2543 2794 2588; x_wconf 79' lang='lat' dir='ltr'><strong>non</strong></span> <span class='ocrx_word' id='word_1_513' title='bbox 2848 2522 3301 2590; x_wconf 73' lang='lat' dir='ltr'><strong>declinabimus</strong></span> <span class='ocrx_word' id='word_1_514' title='bbox 3339 2544 3460 2604; x_wconf 78' lang='lat' dir='ltr'><strong>per</strong></span> <span class='ocrx_word' id='word_1_515' title='bbox 3512 2541 3723 2607; x_wconf 70' lang='lat' dir='ltr'><strong>ayros,</strong></span> <span class='ocrx_word' id='word_1_516' title='bbox 3778 2543 4120 2605; x_wconf 75' lang='lat' dir='ltr'><strong>nequcper</strong></span> <span class='ocrx_word' id='word_1_517' title='bbox 4172 2523 4454 2588; x_wconf 69' lang='lat' dir='ltr'><strong>vineam.-</strong></span> <span class='ocrx_word' id='word_1_518' title='bbox 4496 2542 4622 2588; x_wconf 71' lang='lat' dir='ltr'><strong>non</strong></span> 
     </span>
     <span class='ocr_line' id='line_1_80' title="bbox 2673 2608 4622 2709; baseline -0.001 -36"><span class='ocrx_word' id='word_1_519' title='bbox 2673 2608 3585 2709; x_wconf 40' lang='lat' dir='ltr'><strong>hibernus-aquaeputcomn,</strong></span> <span class='ocrx_word' id='word_1_520' title='bbox 3641 2609 3752 2675; x_wconf 76' lang='lat' dir='ltr'><strong>via</strong></span> <span class='ocrx_word' id='word_1_521' title='bbox 3804 2610 4378 2692; x_wconf 67' lang='lat' dir='ltr'><strong>reoiaperyemnae,</strong></span> <span class='ocrx_word' id='word_1_522' title='bbox 4434 2608 4622 2708; x_wconf 75' lang='lat' dir='ltr'><strong>donec</strong></span> 
     </span>
     <span class='ocr_line' id='line_1_81' title="bbox 2670 2693 4622 2778; baseline 0.001 -19"><span class='ocrx_word' id='word_1_523' title='bbox 2670 2700 3113 2761; x_wconf 65' lang='lat' dir='ltr'><strong>tranmemmus</strong></span> <span class='ocrx_word' id='word_1_524' title='bbox 3165 2700 3500 2761; x_wconf 70' lang='lat' dir='ltr'><strong>tevmmum</strong></span> <span class='ocrx_word' id='word_1_525' title='bbox 3552 2699 3749 2760; x_wconf 76' lang='lat' dir='ltr'><strong>tuum.</strong></span> <span class='ocrx_word' id='word_1_526' title='bbox 3849 2694 3954 2761; x_wconf 84' lang='lat'><strong>23.</strong></span> <span class='ocrx_word' id='word_1_527' title='bbox 4018 2693 4114 2759; x_wconf 75' lang='lat' dir='ltr'><strong>At</strong></span> <span class='ocrx_word' id='word_1_528' title='bbox 4162 2713 4287 2760; x_wconf 77' lang='lat' dir='ltr'><strong>non</strong></span> <span class='ocrx_word' id='word_1_529' title='bbox 4328 2698 4622 2778; x_wconf 64' lang='lat' dir='ltr'><strong>penne-stt</strong></span> 
     </span>
     <span class='ocr_line' id='line_1_82' title="bbox 2677 2777 4621 2861; baseline 0.001 -16"><span class='ocrx_word' id='word_1_530' title='bbox 2677 2779 2872 2846; x_wconf 75' lang='lat' dir='ltr'><strong>Sihon</strong></span> <span class='ocrx_word' id='word_1_531' title='bbox 2905 2780 3139 2846; x_wconf 73' lang='lat' dir='ltr'><strong>Israeli</strong></span> <span class='ocrx_word' id='word_1_532' title='bbox 3169 2784 3242 2846; x_wconf 76' lang='lat' dir='ltr'><strong>ut</strong></span> <span class='ocrx_word' id='word_1_533' title='bbox 3271 2782 3570 2847; x_wconf 56' lang='lat' dir='ltr'><strong>wan-siret</strong></span> <span class='ocrx_word' id='word_1_534' title='bbox 3592 2799 3714 2860; x_wconf 79' lang='lat' dir='ltr'><strong>per</strong></span> <span class='ocrx_word' id='word_1_535' title='bbox 3752 2781 4085 2846; x_wconf 74' lang='lat' dir='ltr'><strong>termimm</strong></span> <span class='ocrx_word' id='word_1_536' title='bbox 4117 2798 4324 2846; x_wconf 72' lang='lat' dir='ltr'><strong>auum.</strong></span> <span class='ocrx_word' id='word_1_537' title='bbox 4394 2777 4621 2861; x_wconf 75' lang='lat' dir='ltr'><strong>Itaque</strong></span> 
     </span>
     <span class='ocr_line' id='line_1_83' title="bbox 2671 2864 4621 2950; baseline -0.001 -19"><span class='ocrx_word' id='word_1_538' title='bbox 2671 2867 3058 2950; x_wconf 73' lang='lat' dir='ltr'><strong>conyreyavit</strong></span> <span class='ocrx_word' id='word_1_539' title='bbox 3104 2864 3302 2931; x_wconf 75' lang='lat' dir='ltr'><strong>Sihon</strong></span> <span class='ocrx_word' id='word_1_540' title='bbox 3340 2867 3706 2932; x_wconf 75' lang='lat' dir='ltr'><strong>universum</strong></span> <span class='ocrx_word' id='word_1_541' title='bbox 3726 2866 4041 2948; x_wconf 77' lang='lat' dir='ltr'><strong>populum</strong></span> <span class='ocrx_word' id='word_1_542' title='bbox 4080 2884 4288 2942; x_wconf 76' lang='lat' dir='ltr'><strong>suum,</strong></span> <span class='ocrx_word' id='word_1_543' title='bbox 4331 2869 4388 2931; x_wconf 76' lang='lat' dir='ltr'><strong>et</strong></span> <span class='ocrx_word' id='word_1_544' title='bbox 4426 2884 4621 2948; x_wconf 75' lang='lat' dir='ltr'><strong>cyres-</strong></span> 
     </span>
     <span class='ocr_line' id='line_1_84' title="bbox 2671 2949 4620 3032; baseline -0.001 -14"><span class='ocrx_word' id='word_1_545' title='bbox 2671 2972 2789 3017; x_wconf 75' lang='lat' dir='ltr'><strong>eus</strong></span> <span class='ocrx_word' id='word_1_546' title='bbox 2829 2955 2920 3018; x_wconf 78' lang='lat' dir='ltr'><strong>est</strong></span> <span class='ocrx_word' id='word_1_547' title='bbox 2959 2951 3203 3016; x_wconf 71' lang='lat' dir='ltr'><strong>obviam</strong></span> <span class='ocrx_word' id='word_1_548' title='bbox 3246 2950 3484 3018; x_wconf 76' lang='lat' dir='ltr'><strong>Israeli</strong></span> <span class='ocrx_word' id='word_1_549' title='bbox 3515 2952 3585 3015; x_wconf 77' lang='lat' dir='ltr'><strong>in</strong></span> <span class='ocrx_word' id='word_1_550' title='bbox 3627 2951 3948 3030; x_wconf 73' lang='lat' dir='ltr'><strong>desertum,</strong></span> <span class='ocrx_word' id='word_1_551' title='bbox 3992 2952 4273 3032; x_wconf 73' lang='lat' dir='ltr'><strong>venitque</strong></span> <span class='ocrx_word' id='word_1_552' title='bbox 4305 2951 4377 3017; x_wconf 66' lang='lat' dir='ltr'><strong>im</strong></span> <span class='ocrx_word' id='word_1_553' title='bbox 4412 2949 4620 3016; x_wconf 69' lang='lat' dir='ltr'><strong>Iahaa</strong></span> 
     </span>
     <span class='ocr_line' id='line_1_85' title="bbox 2671 3035 4621 3120; baseline -0.001 -17"><span class='ocrx_word' id='word_1_554' title='bbox 2671 3043 2729 3104; x_wconf 78' lang='lat' dir='ltr'><strong>et</strong></span> <span class='ocrx_word' id='word_1_555' title='bbox 2763 3037 3071 3120; x_wconf 74' lang='lat' dir='ltr'><strong>puqnavit</strong></span> <span class='ocrx_word' id='word_1_556' title='bbox 3108 3056 3250 3102; x_wconf 81' lang='lat' dir='ltr'><strong>cum</strong></span> <span class='ocrx_word' id='word_1_557' title='bbox 3292 3037 3550 3103; x_wconf 76' lang='lat' dir='ltr'><strong>Israele.</strong></span> <span class='ocrx_word' id='word_1_558' title='bbox 3614 3037 3718 3102; x_wconf 91' lang='grc'><strong>24.</strong></span> <span class='ocrx_word' id='word_1_559' title='bbox 3764 3035 3855 3102; x_wconf 76' lang='lat' dir='ltr'><strong>Et</strong></span> <span class='ocrx_word' id='word_1_560' title='bbox 3885 3037 4197 3120; x_wconf 71' lang='lat' dir='ltr'><strong>percussit</strong></span> <span class='ocrx_word' id='word_1_561' title='bbox 4233 3057 4374 3102; x_wconf 80' lang='lat' dir='ltr'><strong>eum</strong></span> <span class='ocrx_word' id='word_1_562' title='bbox 4411 3035 4621 3101; x_wconf 75' lang='lat' dir='ltr'><strong>Israel</strong></span> 
     </span>
     <span class='ocr_line' id='line_1_86' title="bbox 2670 3121 4620 3290; baseline -0.001 -16"><span class='ocrx_word' id='word_1_563' title='bbox 2670 3125 2901 3275; x_wconf 61' lang='lat' dir='ltr'><strong>m:</strong></span> <span class='ocrx_word' id='word_1_564' title='bbox 2932 3122 3151 3290; x_wconf 66' lang='grc' dir='ltr'><strong>3á½³á½²á¼á½²</strong></span> <span class='ocrx_word' id='word_1_565' title='bbox 3162 3121 3773 3289; x_wconf 40' lang='lat' dir='ltr'><strong>:firmam</strong></span> <span class='ocrx_word' id='word_1_566' title='bbox 3789 3126 4023 3274; x_wconf 54' lang='lat' dir='ltr'><strong>W..</strong></span> <span class='ocrx_word' id='word_1_567' title='bbox 3921 3121 4620 3290; x_wconf 47' lang='lat' dir='ltr'><strong>stimma&amp;</strong></span> 
     </span>
     <span class='ocr_line' id='line_1_87' title="bbox 2669 3291 4622 3377; baseline -0.001 -17"><span class='ocrx_word' id='word_1_568' title='bbox 2669 3295 2954 3360; x_wconf 65' lang='lat' dir='ltr'><strong>munitus</strong></span> <span class='ocrx_word' id='word_1_569' title='bbox 2979 3298 3115 3360; x_wconf 84' lang='lat' dir='ltr'><strong>erat</strong></span> <span class='ocrx_word' id='word_1_570' title='bbox 3131 3295 3435 3359; x_wconf 67' lang='lat' dir='ltr'><strong>ternanus</strong></span> <span class='ocrx_word' id='word_1_571' title='bbox 3463 3294 3744 3375; x_wconf 72' lang='lat' dir='ltr'><strong>filiorum</strong></span> <span class='ocrx_word' id='word_1_572' title='bbox 3777 3293 4065 3360; x_wconf 80' lang='lat' dir='ltr'><strong>Ammon.</strong></span> <span class='ocrx_word' id='word_1_573' title='bbox 4120 3292 4223 3359; x_wconf 83' lang='grc'><strong>25.</strong></span> <span class='ocrx_word' id='word_1_574' title='bbox 4268 3291 4358 3358; x_wconf 76' lang='lat' dir='ltr'><strong>Et</strong></span> <span class='ocrx_word' id='word_1_575' title='bbox 4388 3294 4622 3377; x_wconf 72' lang='lat' dir='ltr'><strong>accepit</strong></span> 
     </span>
     <span class='ocr_line' id='line_1_88' title="bbox 2672 3378 4618 3457; baseline 0 -11"><span class='ocrx_word' id='word_1_576' title='bbox 2672 3379 2878 3446; x_wconf 73' lang='lat' dir='ltr'><strong>Israel</strong></span> <span class='ocrx_word' id='word_1_577' title='bbox 2911 3378 3952 3457; x_wconf 68' lang='lat' dir='ltr'><strong>mumistasurbes,ethabitavit</strong></span> <span class='ocrx_word' id='word_1_578' title='bbox 3985 3378 4196 3445; x_wconf 78' lang='lat' dir='ltr'><strong>Israel</strong></span> <span class='ocrx_word' id='word_1_579' title='bbox 4228 3380 4302 3444; x_wconf 74' lang='lat' dir='ltr'><strong>in</strong></span> <span class='ocrx_word' id='word_1_580' title='bbox 4334 3379 4618 3446; x_wconf 63' lang='lat' dir='ltr'><strong>mnibus</strong></span> 
     </span>
     <span class='ocr_line' id='line_1_89' title="bbox 2669 3463 4616 3546; baseline -0.001 -15"><span class='ocrx_word' id='word_1_581' title='bbox 2669 3464 2930 3531; x_wconf 71' lang='lat' dir='ltr'><strong>urbibus</strong></span> <span class='ocrx_word' id='word_1_582' title='bbox 2962 3464 3398 3544; x_wconf 76' lang='lat' dir='ltr'><strong>AEmorrhaei,</strong></span> <span class='ocrx_word' id='word_1_583' title='bbox 3430 3466 3501 3530; x_wconf 82' lang='lat' dir='ltr'><strong>in</strong></span> <span class='ocrx_word' id='word_1_584' title='bbox 3541 3463 3809 3540; x_wconf 71' lang='lat' dir='ltr'><strong>Heebon,</strong></span> <span class='ocrx_word' id='word_1_585' title='bbox 3850 3469 3910 3531; x_wconf 78' lang='lat' dir='ltr'><strong>ct</strong></span> <span class='ocrx_word' id='word_1_586' title='bbox 3941 3464 4012 3530; x_wconf 75' lang='lat' dir='ltr'><strong>in</strong></span> <span class='ocrx_word' id='word_1_587' title='bbox 4044 3464 4328 3530; x_wconf 72' lang='lat' dir='ltr'><strong>omnibus</strong></span> <span class='ocrx_word' id='word_1_588' title='bbox 4364 3464 4616 3546; x_wconf 75' lang='lat' dir='ltr'><strong>oppidis</strong></span> 
     </span>
     <span class='ocr_line' id='line_1_90' title="bbox 2667 3549 4616 3618; baseline -0.002 -1"><span class='ocrx_word' id='word_1_589' title='bbox 2667 3553 2822 3618; x_wconf 77' lang='lat' dir='ltr'><strong>ciue.</strong></span> <span class='ocrx_word' id='word_1_590' title='bbox 2909 3550 3013 3616; x_wconf 89' lang='grc'><strong>26.</strong></span> <span class='ocrx_word' id='word_1_591' title='bbox 3077 3549 3329 3616; x_wconf 77' lang='lat' dir='ltr'><strong>Hesbon</strong></span> <span class='ocrx_word' id='word_1_592' title='bbox 3368 3556 3502 3616; x_wconf 72' lang='lat' dir='ltr'><strong>erat</strong></span> <span class='ocrx_word' id='word_1_593' title='bbox 3540 3550 3691 3616; x_wconf 76' lang='lat' dir='ltr'><strong>urbs</strong></span> <span class='ocrx_word' id='word_1_594' title='bbox 3733 3549 3932 3616; x_wconf 73' lang='lat' dir='ltr'><strong>Sihon</strong></span> <span class='ocrx_word' id='word_1_595' title='bbox 3970 3571 4009 3615; x_wconf 84' lang='lat' dir='ltr'><strong>r</strong></span> <span class='ocrx_word' id='word_1_596' title='bbox 4093 3551 4107 3564; x_wconf 85' lang='lat'><strong><em>&#39;</em></strong></span> <span class='ocrx_word' id='word_1_597' title='bbox 4180 3549 4616 3616; x_wconf 70' lang='lat' dir='ltr'><strong>AEmorrhaei.</strong></span> 
     </span>
     <span class='ocr_line' id='line_1_91' title="bbox 2672 3637 4618 3720; baseline -0.001 -17"><span class='ocrx_word' id='word_1_598' title='bbox 2672 3638 2847 3703; x_wconf 88' lang='lat' dir='ltr'><strong>Nam</strong></span> <span class='ocrx_word' id='word_1_599' title='bbox 2880 3639 3019 3719; x_wconf 78' lang='lat' dir='ltr'><strong>ipse</strong></span> <span class='ocrx_word' id='word_1_600' title='bbox 3049 3641 3443 3720; x_wconf 75' lang='lat' dir='ltr'><strong>puynaverat</strong></span> <span class='ocrx_word' id='word_1_601' title='bbox 3482 3641 3693 3701; x_wconf 79' lang='lat' dir='ltr'><strong>contra</strong></span> <span class='ocrx_word' id='word_1_602' title='bbox 3734 3655 3935 3720; x_wconf 75' lang='lat' dir='ltr'><strong>reyem</strong></span> <span class='ocrx_word' id='word_1_603' title='bbox 4200 3637 4517 3716; x_wconf 77' lang='lat' dir='ltr'><strong>primum,</strong></span> <span class='ocrx_word' id='word_1_604' title='bbox 4559 3642 4618 3701; x_wconf 71' lang='lat' dir='ltr'><strong>et</strong></span> 
     </span>
     <span class='ocr_line' id='line_1_92' title="bbox 2669 3721 4613 3805; baseline -0.003 -15"><span class='ocrx_word' id='word_1_605' title='bbox 2669 3726 2980 3805; x_wconf 78' lang='lat' dir='ltr'><strong>acceperat</strong></span> <span class='ocrx_word' id='word_1_606' title='bbox 3013 3741 3250 3788; x_wconf 77' lang='lat' dir='ltr'><strong>omnem</strong></span> <span class='ocrx_word' id='word_1_607' title='bbox 3282 3726 3515 3788; x_wconf 78' lang='lat' dir='ltr'><strong>terram</strong></span> <span class='ocrx_word' id='word_1_608' title='bbox 3547 3722 3683 3786; x_wconf 70' lang='lat' dir='ltr'><strong>eius</strong></span> <span class='ocrx_word' id='word_1_609' title='bbox 3716 3741 3750 3787; x_wconf 85' lang='lat' dir='ltr'><strong>c</strong></span> <span class='ocrx_word' id='word_1_610' title='bbox 3781 3741 3981 3788; x_wconf 76' lang='lat' dir='ltr'><strong>mana</strong></span> <span class='ocrx_word' id='word_1_611' title='bbox 4019 3741 4217 3804; x_wconf 77' lang='lat' dir='ltr'><strong>usquc</strong></span> <span class='ocrx_word' id='word_1_612' title='bbox 4249 3721 4337 3787; x_wconf 77' lang='lat' dir='ltr'><strong>ad</strong></span> <span class='ocrx_word' id='word_1_613' title='bbox 4371 3722 4613 3787; x_wconf 77' lang='lat' dir='ltr'><strong>Arnon.</strong></span> 
     </span>
     <span class='ocr_line' id='line_1_93' title="bbox 2669 3806 4615 3889; baseline -0.001 -16"><span class='ocrx_word' id='word_1_614' title='bbox 2669 3809 2774 3873; x_wconf 83' lang='lat'><strong>27.</strong></span> <span class='ocrx_word' id='word_1_615' title='bbox 2837 3808 3084 3874; x_wconf 79' lang='lat' dir='ltr'><strong>Idcirco</strong></span> <span class='ocrx_word' id='word_1_616' title='bbox 3158 3807 3377 3873; x_wconf 80' lang='lat' dir='ltr'><strong>dicunt</strong></span> <span class='ocrx_word' id='word_1_617' title='bbox 3420 3806 3777 3889; x_wconf 73' lang='lat' dir='ltr'><strong>parabobioe</strong></span> <span class='ocrx_word' id='word_1_618' title='bbox 3838 3807 4179 3889; x_wconf 75' lang='lat' dir='ltr'><strong>loquentes.-</strong></span> <span class='ocrx_word' id='word_1_619' title='bbox 4273 3807 4483 3874; x_wconf 70' lang='lat' dir='ltr'><strong>Venite</strong></span> <span class='ocrx_word' id='word_1_620' title='bbox 4543 3807 4615 3872; x_wconf 70' lang='lat' dir='ltr'><strong>ia</strong></span> 
     </span>
     <span class='ocr_line' id='line_1_94' title="bbox 2669 3890 4614 3974; baseline -0.001 -15"><span class='ocrx_word' id='word_1_621' title='bbox 2669 3893 2947 3970; x_wconf 76' lang='lat' dir='ltr'><strong>Hesbon,</strong></span> <span class='ocrx_word' id='word_1_622' title='bbox 3012 3890 3372 3973; x_wconf 72' lang='lat' dir='ltr'><strong>aedificetur</strong></span> <span class='ocrx_word' id='word_1_623' title='bbox 3428 3897 3486 3957; x_wconf 80' lang='lat' dir='ltr'><strong>et</strong></span> <span class='ocrx_word' id='word_1_624' title='bbox 3535 3893 3925 3958; x_wconf 74' lang='lat' dir='ltr'><strong>instauretur</strong></span> <span class='ocrx_word' id='word_1_625' title='bbox 3984 3892 4138 3957; x_wconf 74' lang='lat' dir='ltr'><strong>urbs</strong></span> <span class='ocrx_word' id='word_1_626' title='bbox 4186 3892 4321 3974; x_wconf 73' lang='lat' dir='ltr'><strong>ipsi</strong></span> <span class='ocrx_word' id='word_1_627' title='bbox 4384 3891 4614 3959; x_wconf 62' lang='lat' dir='ltr'><strong>Sinon.-</strong></span> 
     </span>
     <span class='ocr_line' id='line_1_95' title="bbox 2667 3978 4616 4062; baseline -0.001 -17"><span class='ocrx_word' id='word_1_628' title='bbox 2667 3980 2771 4045; x_wconf 90' lang='grc'><strong>28.</strong></span> <span class='ocrx_word' id='word_1_629' title='bbox 2845 3978 3014 4060; x_wconf 78' lang='lat' dir='ltr'><strong>Quia</strong></span> <span class='ocrx_word' id='word_1_630' title='bbox 3071 3979 3242 4062; x_wconf 73' lang='lat' dir='ltr'><strong>iynis</strong></span> <span class='ocrx_word' id='word_1_631' title='bbox 3294 3997 3577 4061; x_wconf 69' lang='lat' dir='ltr'><strong>cyressus</strong></span> <span class='ocrx_word' id='word_1_632' title='bbox 3628 3984 3719 4044; x_wconf 77' lang='lat' dir='ltr'><strong>est</strong></span> <span class='ocrx_word' id='word_1_633' title='bbox 3773 3978 3850 4044; x_wconf 81' lang='lat' dir='ltr'><strong>de</strong></span> <span class='ocrx_word' id='word_1_634' title='bbox 3902 3978 4183 4057; x_wconf 73' lang='lat' dir='ltr'><strong>Hesbon,</strong></span> <span class='ocrx_word' id='word_1_635' title='bbox 4246 3983 4303 4043; x_wconf 81' lang='lat' dir='ltr'><strong>et</strong></span> <span class='ocrx_word' id='word_1_636' title='bbox 4353 3979 4616 4057; x_wconf 80' lang='lat' dir='ltr'><strong>flamma</strong></span> 
     </span>
     <span class='ocr_line' id='line_1_96' title="bbox 2667 4062 4612 4146; baseline -0.001 -16"><span class='ocrx_word' id='word_1_637' title='bbox 2667 4062 4612 4146; x_wconf 64' lang='lat' dir='ltr'><strong>exurbeSilaonconsumpsitArMoabctdmninosaoezÎ‡</strong></span> 
     </span>
     <span class='ocr_line' id='line_1_97' title="bbox 2666 4148 4614 4232; baseline 0 -17"><span class='ocrx_word' id='word_1_638' title='bbox 2666 4170 2881 4216; x_wconf 79' lang='lat' dir='ltr'><strong>sorum</strong></span> <span class='ocrx_word' id='word_1_639' title='bbox 2937 4150 3181 4215; x_wconf 80' lang='lat' dir='ltr'><strong>Arnon.</strong></span> <span class='ocrx_word' id='word_1_640' title='bbox 3268 4149 3373 4215; x_wconf 89' lang='grc'><strong>29.</strong></span> <span class='ocrx_word' id='word_1_641' title='bbox 3461 4149 3586 4216; x_wconf 79' lang='lat' dir='ltr'><strong>Vae</strong></span> <span class='ocrx_word' id='word_1_642' title='bbox 3637 4149 3755 4216; x_wconf 70' lang='lat' dir='ltr'><strong>tibi</strong></span> <span class='ocrx_word' id='word_1_643' title='bbox 3810 4148 4033 4230; x_wconf 82' lang='lat' dir='ltr'><strong>Moab,</strong></span> <span class='ocrx_word' id='word_1_644' title='bbox 4075 4150 4336 4232; x_wconf 62' lang='lat' dir='ltr'><strong>periisti</strong></span> <span class='ocrx_word' id='word_1_645' title='bbox 4378 4149 4614 4232; x_wconf 77' lang='lat' dir='ltr'><strong>popule</strong></span> 
     </span>
     <span class='ocr_line' id='line_1_98' title="bbox 2673 4234 4613 4319; baseline -0.001 -17"><span class='ocrx_word' id='word_1_646' title='bbox 2673 4234 2960 4314; x_wconf 68' lang='lat' dir='ltr'><strong>chamos,</strong></span> <span class='ocrx_word' id='word_1_647' title='bbox 3016 4235 3187 4302; x_wconf 77' lang='lat' dir='ltr'><strong>dedit</strong></span> <span class='ocrx_word' id='word_1_648' title='bbox 3221 4235 3391 4316; x_wconf 72' lang='lat' dir='ltr'><strong>filios</strong></span> <span class='ocrx_word' id='word_1_649' title='bbox 3430 4255 3578 4302; x_wconf 72' lang='lat' dir='ltr'><strong>suos</strong></span> <span class='ocrx_word' id='word_1_650' title='bbox 3617 4236 3691 4301; x_wconf 75' lang='lat' dir='ltr'><strong>in</strong></span> <span class='ocrx_word' id='word_1_651' title='bbox 3728 4235 3982 4319; x_wconf 63' lang='lat' dir='ltr'><strong>swam,</strong></span> <span class='ocrx_word' id='word_1_652' title='bbox 4035 4240 4092 4300; x_wconf 75' lang='lat' dir='ltr'><strong>ct</strong></span> <span class='ocrx_word' id='word_1_653' title='bbox 4127 4235 4303 4316; x_wconf 75' lang='lat' dir='ltr'><strong>filias</strong></span> <span class='ocrx_word' id='word_1_654' title='bbox 4342 4254 4500 4300; x_wconf 72' lang='lat' dir='ltr'><strong>suas</strong></span> <span class='ocrx_word' id='word_1_655' title='bbox 4541 4235 4613 4300; x_wconf 75' lang='lat' dir='ltr'><strong>in</strong></span> 
     </span>
     <span class='ocr_line' id='line_1_99' title="bbox 2665 4318 4614 4404; baseline -0.002 -15"><span class='ocrx_word' id='word_1_656' title='bbox 2665 4320 3083 4403; x_wconf 77' lang='lat' dir='ltr'><strong>captivitatem</strong></span> <span class='ocrx_word' id='word_1_657' title='bbox 3133 4321 3300 4404; x_wconf 73' lang='lat' dir='ltr'><strong>rcqis</strong></span> <span class='ocrx_word' id='word_1_658' title='bbox 3341 4320 3754 4387; x_wconf 69' lang='lat' dir='ltr'><strong>AEnorrhaei</strong></span> <span class='ocrx_word' id='word_1_659' title='bbox 3791 4319 4005 4387; x_wconf 72' lang='lat' dir='ltr'><strong>Sihon.</strong></span> <span class='ocrx_word' id='word_1_660' title='bbox 4087 4320 4192 4386; x_wconf 84' lang='lat'><strong>30.</strong></span> <span class='ocrx_word' id='word_1_661' title='bbox 4238 4318 4326 4385; x_wconf 62' lang='lat' dir='ltr'><strong>Et</strong></span> <span class='ocrx_word' id='word_1_662' title='bbox 4358 4321 4614 4387; x_wconf 73' lang='lat' dir='ltr'><strong>lucerna</strong></span> 
     </span>
     <span class='ocr_line' id='line_1_100' title="bbox 2667 4404 4613 4489; baseline -0.001 -16"><span class='ocrx_word' id='word_1_663' title='bbox 2667 4406 3216 4489; x_wconf 63' lang='lat' dir='ltr'><strong>corumpemitab</strong></span> <span class='ocrx_word' id='word_1_664' title='bbox 3258 4405 3859 4488; x_wconf 70' lang='lat' dir='ltr'><strong>Hesbonusquead</strong></span> <span class='ocrx_word' id='word_1_665' title='bbox 3898 4404 4139 4486; x_wconf 74' lang='lat' dir='ltr'><strong>Dibon,</strong></span> <span class='ocrx_word' id='word_1_666' title='bbox 4176 4411 4236 4472; x_wconf 77' lang='lat' dir='ltr'><strong>et</strong></span> <span class='ocrx_word' id='word_1_667' title='bbox 4273 4405 4613 4472; x_wconf 61' lang='lat' dir='ltr'><strong>delevimus</strong></span> 
     </span>
     <span class='ocr_line' id='line_1_101' title="bbox 2667 4486 4612 4574; baseline 0 -17"><span class='ocrx_word' id='word_1_668' title='bbox 2667 4512 2864 4574; x_wconf 74' lang='lat' dir='ltr'><strong>usque</strong></span> <span class='ocrx_word' id='word_1_669' title='bbox 2905 4492 2992 4557; x_wconf 77' lang='lat' dir='ltr'><strong>ad</strong></span> <span class='ocrx_word' id='word_1_670' title='bbox 3036 4491 3323 4572; x_wconf 75' lang='lat' dir='ltr'><strong>Nophah,</strong></span> <span class='ocrx_word' id='word_1_671' title='bbox 3366 4513 3526 4574; x_wconf 77' lang='lat' dir='ltr'><strong>quae</strong></span> <span class='ocrx_word' id='word_1_672' title='bbox 3568 4497 3661 4558; x_wconf 77' lang='lat' dir='ltr'><strong>est</strong></span> <span class='ocrx_word' id='word_1_673' title='bbox 3699 4493 3787 4558; x_wconf 81' lang='lat' dir='ltr'><strong>ad</strong></span> <span class='ocrx_word' id='word_1_674' title='bbox 3829 4490 4151 4558; x_wconf 73' lang='lat' dir='ltr'><strong>Medebah.</strong></span> <span class='ocrx_word' id='word_1_675' title='bbox 4235 4490 4340 4556; x_wconf 83' lang='lat'><strong>31.</strong></span> <span class='ocrx_word' id='word_1_676' title='bbox 4408 4486 4612 4557; x_wconf 75' lang='lat' dir='ltr'><strong>Habiâ€”</strong></span> 
     </span>
     <span class='ocr_line' id='line_1_102' title="bbox 2668 4574 4611 4659; baseline -0.001 -15"><span class='ocrx_word' id='word_1_677' title='bbox 2668 4578 2824 4645; x_wconf 80' lang='lat' dir='ltr'><strong>tam&#39;t</strong></span> <span class='ocrx_word' id='word_1_678' title='bbox 2872 4577 3083 4659; x_wconf 76' lang='lat' dir='ltr'><strong>itaque</strong></span> <span class='ocrx_word' id='word_1_679' title='bbox 3097 4576 3331 4653; x_wconf 43' lang='lat' dir='ltr'><strong>,lsrael</strong></span> <span class='ocrx_word' id='word_1_680' title='bbox 3379 4578 3451 4644; x_wconf 65' lang='lat' dir='ltr'><strong>im</strong></span> <span class='ocrx_word' id='word_1_681' title='bbox 3507 4582 3679 4643; x_wconf 77' lang='lat' dir='ltr'><strong>terra</strong></span> <span class='ocrx_word' id='word_1_682' title='bbox 3721 4575 4186 4644; x_wconf 70' lang='lat' dir='ltr'><strong>AEmorrhaei.</strong></span> <span class='ocrx_word' id='word_1_683' title='bbox 4272 4576 4376 4643; x_wconf 87' lang='grc'><strong>32.</strong></span> <span class='ocrx_word' id='word_1_684' title='bbox 4427 4574 4611 4643; x_wconf 64' lang='lat' dir='ltr'><strong>Mea</strong></span> 
     </span>
     <span class='ocr_line' id='line_1_103' title="bbox 2668 4662 4614 4745; baseline -0.001 -15"><span class='ocrx_word' id='word_1_685' title='bbox 2668 4663 2889 4730; x_wconf 78' lang='lat' dir='ltr'><strong>deinde</strong></span> <span class='ocrx_word' id='word_1_686' title='bbox 2953 4662 3164 4729; x_wconf 75' lang='lat' dir='ltr'><strong>Moses</strong></span> <span class='ocrx_word' id='word_1_687' title='bbox 3242 4663 3329 4727; x_wconf 82' lang='lat' dir='ltr'><strong>ad</strong></span> <span class='ocrx_word' id='word_1_688' title='bbox 3670 4663 3825 4730; x_wconf 78' lang='lat' dir='ltr'><strong>dum</strong></span> <span class='ocrx_word' id='word_1_689' title='bbox 3881 4662 4146 4741; x_wconf 70' lang='lat' dir='ltr'><strong>Iaaecr,</strong></span> <span class='ocrx_word' id='word_1_690' title='bbox 4210 4669 4268 4728; x_wconf 77' lang='lat' dir='ltr'><strong>ct</strong></span> <span class='ocrx_word' id='word_1_691' title='bbox 4329 4667 4614 4745; x_wconf 58' lang='lat' dir='ltr'><strong>copem&amp;</strong></span> 
     </span>
     <span class='ocr_line' id='line_1_104' title="bbox 2668 4748 4484 4834; baseline 0 -20"><span class='ocrx_word' id='word_1_692' title='bbox 2668 4748 3100 4834; x_wconf 70' lang='lat' dir='ltr'><strong>oppidaciuS,</strong></span> <span class='ocrx_word' id='word_1_693' title='bbox 3146 4748 4484 4832; x_wconf 61' lang='lat' dir='ltr'><strong>etexpulaOEmov-rhaeumquioratibi.</strong></span> 
     </span>
    </p>
   </div>
   <div class='ocr_carea' id='block_1_9' title="bbox 4936 1142 4944 1947">
    <p class='ocr_par' dir='ltr' id='par_1_12' title="bbox 4936 1142 4944 1947">
     <span class='ocr_line' id='line_1_105' title="bbox 4936 1142 4944 1947; baseline 0 0"><span class='ocrx_word' id='word_1_694' title='bbox 4936 1142 4944 1947; x_wconf 95' lang='lat' dir='ltr'><strong> </strong></span> 
     </span>
    </p>
   </div>
  </div>
 </body>
</html>
