5017 6142
401 462 526 530 557

406 651 845 736 pronunciant
885 658 1098 718 totum
1155 651 1466 737 populum
1525 652 1663 720 fore
1703 660 1973 736 testem,
2032 675 2108 721 ac
2157 654 2216 721 si
2259 653 2360 719 di-

406 745 664 823 cerent,
719 758 794 804 re
837 738 982 822 ipsa
1038 735 1258 820 palam
1310 737 1452 805 fore
1495 738 1620 805 sibi
1663 761 2000 824 nunquam
2046 740 2245 807 fuisse
2288 739 2360 804 in

409 825 627 890 animo
649 824 1052 891 comminisci
1076 844 1325 889 novum
1347 824 1479 890 Dei
1513 825 1792 891 cultum:
1839 837 1905 891 et
1940 832 2118 892 recte
2153 826 2356 891 inter·

408 916 758 994 pretantur
815 907 1132 992 quomodo
1189 907 1397 976 altare
1451 910 1686 978 fuisset
1728 910 2029 977 illicitum
2049 960 2065 990 ,
2125 932 2360 994 nempe

407 995 464 1061 si
522 995 657 1061 illic
713 994 1155 1061 instituissent
1213 1003 1501 1062 mactare
1545 1018 1665 1064 sua
1707 997 2040 1064 sacrificia.
2120 997 2357 1080 Neque

408 1081 586 1147 enim
655 1081 763 1147 lex
831 1080 1214 1165 simpliciter
1287 1101 1554 1148 acervos
1627 1082 1917 1166 lapidum
1985 1081 2357 1148 damnavit:

408 1166 522 1233 sed
578 1166 790 1233 voluit
845 1187 979 1233 uno
1035 1175 1294 1233 tantum
1349 1168 1417 1230 in
1462 1165 1603 1233 loco
1647 1168 1966 1234 sacrificia
2007 1167 2231 1234 offerri
2273 1164 2357 1232 ad

408 1250 823 1319 retinendum
882 1253 952 1317 in
1009 1273 1145 1317 una
1198 1251 1327 1318 fide
1362 1253 1674 1336 populum
1692 1305 1708 1333 ,
1753 1275 1836 1318 ne
1880 1253 2357 1337 discerperetur

408 1337 675 1424 religio,
731 1359 817 1403 ne
862 1337 1131 1403 daretur
1173 1336 1440 1404 licentia
1481 1337 1820 1404 hominum
1867 1340 2243 1418 temeritati,
2289 1347 2357 1403 et

408 1426 505 1488 ita
554 1423 827 1508 quisque
867 1431 1014 1507 post
1056 1444 1177 1488 sua
1220 1432 1590 1489 commenta
1631 1422 1973 1491 difflueret.
2020 1424 2128 1490 Ita
2170 1423 2354 1490 vide·

409 1530 557 1574 mus
613 1509 926 1592 qualitate
982 1509 1138 1575 facti
1196 1517 1588 1589 monstrata,
1650 1509 2152 1576 detestationem
2211 1509 2355 1576 tolli

455 1615 609 1660 uam
686 1595 907 1660 decem
967 1594 1178 1661 tribus
1233 1604 1683 1678 conceperant.
1786 1595 2152 1681 Improprie
2210 1595 2352 1679 qui-

452 1701 577 1759 em,
616 1679 728 1746 sed
751 1690 901 1764 apte
923 1700 1041 1764 pro
1079 1679 1364 1746 ruditate
1400 1700 1631 1746 sensus
1666 1682 1874 1747 nostri
1902 1683 2082 1748 Deus
2117 1681 2353 1747 statui-

408 1776 519 1831 tur
574 1787 776 1851 supra
827 1787 1056 1833 omnes
1115 1764 1286 1832 deos.
1367 1765 1432 1830 N
1512 1788 1594 1833 ue
1652 1768 1826 1832 enim
1885 1767 2031 1833 aliis
2073 1767 2353 1834 conferri

407 1860 630 1937 posset
684 1852 812 1918 nisi
864 1852 1088 1937 plures
1131 1859 1364 1919 essent.
1494 1860 1687 1937 taque
1731 1852 2078 1939 fugiendae
2124 1854 2352 1919 absur-

410 1938 632 2004 ditatis
707 1959 938 2017 causa,
1020 1937 1218 2022 aliqui
1301 1938 1380 2005 de
1437 1939 1690 2024 angelis
1749 1947 2121 2023 exponunt,
2180 1939 2351 2023 quod

411 2023 676 2090 tametsi
732 2022 967 2089 alicubi
1022 2022 1188 2089 bene
1241 2023 1562 2107 quadrare
1619 2025 1859 2104 fateor,
1918 2046 2088 2110 nego
2132 2032 2352 2090 tamen

410 2130 553 2175 esse
588 2118 996 2193 perpetuum.
1057 2108 1193 2176 Nec
1229 2130 1383 2175 vero
1418 2109 1656 2176 durum
1691 2110 1901 2176 videri
1946 2112 2157 2192 debet,
2201 2132 2352 2175 eum

411 2196 523 2280 qui
549 2196 780 2261 unicus
801 2204 903 2261 est
945 2216 1020 2261 ac
1063 2195 1257 2275 solus,
1302 2197 1523 2262 vocari
1568 2208 1789 2263 tamen
1813 2198 2033 2263 Deum
2080 2196 2349 2262 deorum

410 2282 567 2366 quia
603 2300 823 2365 parem
865 2301 998 2345 non
1044 2278 1311 2346 habeat:
1357 2279 1470 2346 sed
1516 2283 1799 2347 emineat
1843 2303 2045 2367 supra
2086 2300 2350 2348 omnem

412 2366 899 2445 celsitudinem,
971 2365 1258 2450 adeoque
1315 2387 1434 2431 sua
1490 2367 1700 2452 gloria
1757 2366 2091 2449 obscuret,
2150 2389 2223 2433 ac
2279 2367 2352 2432 in

414 2452 695 2518 nihilum
762 2451 1017 2536 redigat
1087 2452 1307 2517 omnia
1371 2450 1632 2519 deitatis
1692 2456 1992 2532 nomina,
2052 2474 2216 2538 quae
2280 2453 2349 2517 in

413 2537 658 2604 mundo
699 2535 1130 2605 celebrantur.
1197 2536 1300 2603 Ita
1347 2537 1507 2604 haec
1548 2538 1843 2622 loquutio
1887 2538 2116 2605 referri
2163 2537 2352 2605 debet

414 2624 497 2689 ad
540 2644 951 2691 communem
999 2623 1183 2707 vulgi
1228 2644 1510 2690 sensum.

586 2709 689 2775 26.
790 2708 878 2774 Et
948 2709 1250 2775 diximus.
1382 2709 1619 2777 Crassa
1689 2708 1950 2794 quidem
2021 2710 2349 2795 impietas,

414 2794 600 2861 cuius
626 2795 723 2860 rei
746 2796 873 2861 acti
896 2794 1174 2871 fuerant,
1218 2793 1417 2877 probe
1451 2797 1735 2862 refutata
1768 2795 1924 2861 fuit:
1950 2817 2082 2861 non
2127 2807 2349 2862 tamen

414 2880 730 2947 videntur
785 2880 964 2946 omni
1022 2901 1106 2946 ex
1148 2889 1334 2964 parte
1375 2880 1578 2948 fuisse
1621 2892 1805 2947 extra
1850 2880 2112 2965 culpam
2131 2933 2145 2962 ,
2199 2882 2351 2965 quia

413 2966 522 3032 lex
545 2974 728 3032 vetat
750 2966 1075 3049 quaslibet
1096 2974 1347 3033 statuas
1383 2968 1632 3053 erigere
1654 2967 1891 3055 (Exod.
1916 2968 2020 3048 20,
2045 2968 2103 3033 4.
2128 2968 2345 3033 Levit.

414 3053 518 3131 26,
548 3053 605 3118 1.
644 3052 842 3119 Dent.
890 3051 949 3133 5,
986 3051 1071 3139 8).
1118 3053 1373 3118 Verum
1416 3054 1748 3121 excusatio
1793 3054 2003 3120 facilis
2047 3060 2166 3133 est,
2212 3073 2348 3118 non

416 3140 580 3205 alias
636 3146 886 3204 statuas
933 3136 1257 3217 damnari,
1313 3139 1439 3204 nisi
1483 3159 1648 3222 quae
1692 3138 1773 3204 ad
1820 3140 2037 3205 Deum
2081 3159 2348 3222 reprae-

416 3224 808 3291 sentandum
883 3231 1202 3306 spectant.
1294 3223 1560 3290 Interea
1621 3225 1989 3310 congeriem
2056 3223 2348 3308 lapidum

417 3312 668 3396 erigere
718 3308 1017 3393 trophaei
1058 3308 1199 3375 loco
1215 3360 1231 3388 ,
1275 3310 1384 3375 vel
1425 3311 1497 3374 in
1541 3310 1985 3377 testimonium
2033 3309 2349 3389 miraculi,

416 3396 520 3463 vel
564 3396 634 3461 in
679 3395 1060 3462 memoriam
1103 3395 1381 3479 insignis
1416 3396 1546 3461 Dei
1580 3396 1830 3481 gratiae
1872 3417 1998 3462 nus
2044 3415 2196 3462 uam
2240 3396 2350 3460 lex

414 3482 779 3566 prohibuit:
816 3481 1057 3566 alioqui
1095 3487 1162 3546 et
1181 3482 1393 3560 Iosue,
1441 3489 1508 3547 et
1542 3492 1691 3565 post
1728 3502 1877 3547 eum
1912 3504 2025 3547 mu
2053 3482 2102 3546 ti
2138 3481 2352 3547 sancti

413 3568 662 3635 iudices
718 3589 794 3634 ac
852 3587 1039 3652 reges
1098 3587 1169 3632 se
1270 3567 1498 3631 rofana
1541 3567 1831 3632 novitate
1873 3568 2346 3652 inquinassent.

413 3654 672 3719 Verum
731 3653 899 3718 nihil
957 3652 1135 3719 aliud
1264 3673 1339 3718 eo
1397 3650 1759 3737 displicuit,
1824 3655 1948 3719 nisi
2007 3654 2348 3718 hominum

413 3749 668 3805 mentes
724 3739 1027 3805 deorsum
1086 3738 1296 3817 trahi,
1357 3747 1429 3803 ut
1486 3760 1701 3806 crasso
1744 3747 1811 3805 et
1856 3747 2115 3805 terreno
2160 3736 2350 3804 modo

413 3825 754 3892 coleretur.
844 3823 1024 3892 Satis
1068 3845 1224 3909 ergo
1269 3845 1591 3909 superque
1636 3845 1675 3888 a
1719 3846 1891 3891 noxa
1936 3846 2006 3892 se
2050 3824 2353 3890 eximunt

412 3911 536 3978 filii
577 3910 835 3986 Ruben,
883 3909 1051 3986 Gad,
1096 3920 1163 3975 et
1205 3910 1545 3991 Manasse‚
1590 3910 1742 3976 dum
1789 3913 2178 3995 profitentur
2222 3931 2352 3974 non

414 3997 617 4062 alium
655 3997 793 4061 fore
827 4017 1019 4061 usum
1065 3995 1310 4075 altaris,
1399 4017 1552 4061 uam
1595 4007 1670 4062 ut
1711 3997 2049 4063 vinculum
2093 3998 2180 4060 sit
2221 3997 2351 4061 fra-

414 4093 644 4148 ternae
687 4081 1193 4157 coniunctionis,
1251 4092 1319 4147 et
1358 4091 1603 4148 iustam
1647 4082 1972 4148 rationem
2017 4079 2352 4147 adferunt:

414 4169 568 4252 quia
616 4167 976 4250 periculum
1035 4175 1179 4233 erat
1237 4188 1322 4231 ne
1377 4168 1575 4253 longo
1628 4169 1946 4252 temporis
2006 4188 2122 4252 pro
2169 4187 2355 4233 ressu

416 4254 639 4322 decem
710 4252 921 4320 tribus
991 4253 1151 4318 alias
1216 4252 1645 4319 excluderent
1714 4265 2030 4339 tanquam
2089 4273 2128 4318 a
2154 4254 2355 4333 ienas,

415 4338 584 4425 quod
659 4360 789 4404 non
861 4337 1134 4405 eandem
1193 4346 1438 4405 terram
1488 4340 1866 4405 incolerent.
1964 4339 2135 4406 Nam
2201 4339 2356 4422 quia

414 4426 597 4510 regio
635 4432 820 4490 trans
848 4423 1197 4490 Iordanem
1234 4446 1365 4489 non
1402 4424 1618 4491 fuerat
1653 4426 1841 4492 initio
1882 4425 2355 4509 comprehensa

411 4514 485 4578 in
542 4510 833 4588 foedere,
893 4519 1147 4594 poterat
1201 4509 1462 4576 diversa
1505 4509 1820 4577 habitatio
1864 4533 2129 4577 movere
2170 4511 2352 4576 litem

413 4597 685 4664 dissidii.
774 4597 1063 4663 Posteris
1120 4598 1337 4679 itaque
1379 4597 1513 4662 suis
1558 4597 1943 4681 tempestive
1989 4596 2353 4675 consulunt,

411 4692 489 4749 ut
524 4683 737 4764 altari,
773 4684 954 4766 quasi
996 4681 1270 4767 publicis
1316 4681 1576 4760 tabulis,
1621 4683 1722 4749 ius
1767 4704 1960 4749 suum
2006 4682 2177 4749 tueri
2199 4703 2356 4766 que-

412 4782 558 4836 ant:
622 4776 695 4834 nt
749 4769 843 4833 ita
883 4769 991 4835 alii
1034 4769 1198 4834 alios
1243 4777 1468 4833 mutuo
1514 4778 1904 4853 agnoscant,
1955 4777 2023 4835 et
2065 4789 2358 4835 commu-

410 4856 587 4921 niter
632 4856 924 4922 serviant
967 4855 1080 4919 uni
1124 4854 1285 4919 Deo.

588 4939 691 5006 30.
763 4940 964 5006 Porro
1006 4960 1197 5024 quum
1239 4940 1537 5005 audisset.
1596 4939 1803 5007 Recte
1846 4939 1983 5005 zelo
2030 4961 2149 5006 suo
2194 4950 2358 5006 tem-

409 5037 649 5113 perant
693 5026 980 5092 Phinees
1024 5037 1091 5092 et
1133 5026 1361 5111 legati,
1409 5024 1566 5091 dum
1619 5027 1942 5092 morosius
1988 5046 2120 5091 non
2165 5028 2360 5092 insis-

410 5124 603 5191 tunt,
662 5132 782 5178 nec
832 5120 1074 5196 urgent
1115 5122 1502 5195 conceptum
1548 5112 2051 5195 praeiudicium,
2097 5111 2209 5178 sed
2254 5134 2364 5177 ex·

410 5200 815 5268 cusationem
883 5196 1117 5265 blande
1176 5208 1241 5262 et
1293 5196 1577 5264 libenter
1637 5197 2010 5264 admittunt.
2112 5198 2360 5264 Multos

411 5287 629 5363 enim,
688 5285 743 5350 si
800 5305 929 5368 qua
974 5305 1044 5349 re
1090 5284 1319 5349 offensi
1367 5285 1504 5349 sint
1548 5292 1615 5348 et
1658 5285 2052 5368 exasperati,
2096 5285 2359 5369 placare

412 5371 600 5438 nulla
656 5369 946 5437 defensio
994 5378 1242 5453 potest,
1300 5370 1456 5453 quin
1508 5391 1765 5454 semper
1810 5373 2142 5455 reperiant
2185 5369 2356 5455 quod

1524 463 2266 533 COMMENTARIUS
2308 464 2408 531 IN
2450 463 2730 533 IOSUE
2775 464 2975 530 GAP.
3019 462 3290 532 XXIII.

4276 468 4404 535 558

2463 651 2749 737 maligne
2773 658 2839 716 et
2860 651 3078 736 inique
3101 662 3373 737 carpant
3395 655 3611 738 potius
3647 676 3839 739 quam
3886 656 4124 722 rationi
4170 657 4401 724 cedere

2461 737 2828 803 videantur.
2885 742 3101 821 Atque
3139 738 3262 805 hoc
3306 741 3679 825 exemplum
3726 741 4076 808 observatu
4123 742 4398 828 dignum

2460 835 2578 904 est,
2623 832 2696 888 ut
2720 823 3056 907 siquando
3091 845 3164 889 re
3199 845 3333 890 non
3369 828 3528 892 satis
3574 828 3836 912 cognita
3875 850 4103 894 sumus
4147 829 4399 910 offensi,

2460 929 2498 972 a
2556 910 2918 992 pertinacia
2972 929 3352 976 caveamus:
3413 912 3524 977 sed
3563 914 3780 996 potius
3822 914 4047 980 statim
4093 913 4396 981 deflecta-

2460 1015 2607 1060 mus
2630 992 2711 1059 ad
2736 997 3148 1078 aequitatem.
3199 996 3406 1062 Porro
3430 997 3600 1080 quod
3625 999 3773 1082 puri
3796 1019 3836 1063 a
3870 1000 4112 1066 scelere
4155 1002 4398 1087 roperti

2460 1081 2594 1144 sint
2639 1080 2757 1145 filii
2802 1079 3069 1159 Ruben,
3141 1080 3325 1162 Gad,
3370 1092 3440 1147 et
3481 1084 3818 1166 Manasse,
3863 1085 3929 1150 id
3978 1087 4101 1152 Dei
4146 1087 4397 1171 gratiae

2461 1163 2843 1231 adscribunt
2886 1165 3171 1233 Phinees
3215 1175 3281 1232 et
3324 1167 3537 1250 legati.
3605 1169 3666 1235 N
3673 1191 3778 1235 am
3824 1170 3928 1238 his
3977 1171 4221 1240 verbis:
4269 1172 4402 1239 No-

2456 1251 2666 1316 vimus
2722 1253 2883 1334 quod
2937 1252 3165 1318 Iehova
3219 1255 3305 1319 sit
3355 1256 3427 1319 in
3478 1255 3678 1321 medio
3732 1258 3959 1338 nostri,
4022 1258 4401 1342 significant

2457 1336 2679 1402 Deum
2717 1336 2842 1402 sibi
2880 1336 3076 1403 fuisse
3158 1360 3230 1403 ro
3279 1339 3485 1421 itium,
3528 1349 3593 1405 et
3641 1364 3864 1408 curam
3903 1346 4180 1428 gessisse
4224 1345 4397 1429 ipso-

2456 1441 2607 1486 rum
2630 1421 2883 1488 salutis.
2943 1360 3156 1504 Quod)
3173 1423 3234 1488 di
3266 1425 3519 1509 igenter
3554 1426 4035 1495 observandum
4073 1439 4208 1496 est:
4243 1431 4399 1514 quia

2456 1506 2610 1572 inde
2634 1529 2897 1574 rursum
2921 1508 3267 1593 colligitur,
3311 1532 3431 1578 nos
3476 1533 3515 1576 a
3538 1512 3679 1579 Deo
3724 1536 4058 1598 nunquam
4104 1516 4396 1596 deficere,

2454 1591 2565 1658 vel
2588 1592 2670 1658 ad
2707 1594 3104 1677 impietatem
3142 1595 3409 1678 prolabi,
3456 1597 3580 1663 nisi
3621 1620 3737 1664 nos
3784 1600 4056 1683 deserat,
4100 1610 4167 1667 et
4212 1600 4394 1667 dere-

2455 1677 2643 1746 lictos
2703 1680 3004 1746 coniiciat
3057 1681 3121 1745 in
3181 1702 3443 1747 sensum
3504 1684 3871 1767 reprobum.
3956 1687 4135 1772 Ergo
4185 1689 4397 1754 omnis

2455 1763 2824 1830 idololatria
2846 1765 3130 1832 ostendit
3163 1767 3297 1831 iam
3333 1783 3487 1832 ante
3530 1770 3884 1837 alineatum
3930 1772 4133 1838 fuisse
4155 1772 4396 1853 Deum,

2455 1858 2532 1915 ut
2553 1871 2796 1934 poenas
2841 1851 3158 1919 scelerum
3203 1853 3377 1918 iusta
3415 1856 3870 1923 excaecatione
3914 1859 4225 1943 exigeret.
4282 1858 4398 1924 In-

2455 1943 2635 2001 terea
2678 1936 3071 2014 tenendum,
3118 1959 3246 2003 non
3286 1938 3476 2004 aliter
3517 1962 3637 2006 nos
3679 1953 3973 2026 perstare
4017 1946 4087 2009 in
4134 1947 4398 2028 pietate,

2457 2021 2583 2087 nisi
2621 2023 2934 2106 quamdiu
2972 2022 3155 2089 Deus
3202 2033 3461 2108 praesto
3500 2026 3701 2103 adest,
3748 2038 4006 2112 nosque'
4036 2051 4238 2096 manu
4281 2050 4400 2096 sua

2455 2109 2753 2189 sustinet,
2799 2129 2873 2175 ac
2910 2110 3181 2194 spiritus
3226 2110 3326 2175 sui
3374 2111 3620 2178 virtute
3664 2116 4006 2180 confirmat
4050 2115 4131 2182 ad
4178 2136 4397 2200 perse-

2458 2194 2844 2259 verantiam.
2904 2195 3157 2262 Dicunt
3190 2195 3473 2263 Phinees
3508 2207 3576 2262 et
3616 2197 3676 2262 le
3724 2200 3835 2280 ati,
3879 2222 3948 2265 se
3992 2201 4193 2268 fuisse
4242 2201 4397 2269 libe-

2455 2286 2633 2344 ratos
2693 2300 2731 2344 a
2788 2280 2938 2346 filiis
2989 2280 3260 2360 Ruben‚
3313 2280 3493 2359 Grati,
3552 2291 3620 2349 et
3735 2305 3998 2352 anasse:
4057 2289 4209 2371 quia
4264 2289 4398 2354 iam

2455 2363 2740 2447 amplius
2776 2387 2908 2430 non
2945 2366 3030 2432 sit
3065 2367 3415 2434 metuenda
3449 2369 3574 2434 Dei
3621 2368 3915 2438 vindicta
3959 2373 4068 2438 ubi
4114 2384 4398 2458 purgata

2455 2457 2557 2516 est
2598 2451 2812 2516 omnis
2857 2451 3118 2519 sceleris
3162 2454 3462 2536 suspicio.
3545 2454 3797 2522 Similis
3841 2458 4107 2523 tandem
4149 2459 4220 2524 in
4265 2468 4400 2526 toto

2454 2536 2695 2621 populo
2750 2538 3044 2621 aequitas
3102 2546 3168 2604 et
3225 2539 3600 2606 humanitas
3658 2562 3728 2606 se
3771 2543 4037 2626 profert,
4090 2545 4244 2627 quia
4288 2545 4399 2613 de-

2452 2622 2812 2688 fensionem
2850 2643 3116 2689 suorum
3154 2625 3439 2708 amplexi
3480 2627 3728 2711 gratias
3772 2637 3975 2713 agunt
4020 2627 4183 2709 Deo,
4229 2631 4396 2714 quod

2452 2707 2772 2792 populum
2829 2731 3024 2776 suum
3073 2710 3431 2776 immunem
3478 2734 3515 2777 a
3559 2712 3813 2796 piaculo
3856 2717 4238 2781 servaverit.
4307 2717 4399 2782 Et

2454 2794 2755 2877 quamvis
2827 2795 3041 2862 subito
3116 2796 3524 2863 incaluerant
3582 2797 3824 2866 sedatis
3884 2808 4104 2866 tamen
4160 2801 4399 2869 animis

2455 2877 2817 2945 discedunt.
2911 2879 3234 2948 Similiter
3291 2882 3454 2948 duae
3499 2882 3708 2951 tribus
3753 2894 3821 2950 et
3865 2885 4135 2952 dimidia
4175 2887 4399 2954 sedulo

2453 2965 2536 3030 ad
2572 2966 3033 3049 praestandum
3070 2967 3358 3034 officium
3404 2970 3810 3051 incumbunt,
3858 2971 3967 3037 ubi
4010 2993 4252 3039 nomen
4277 2975 4399 3039 im-

2452 3060 2711 3134 ponunt
2754 3053 2974 3131 altari,
3036 3053 3206 3137 quod
3252 3063 3504 3121 rectum
3548 3056 3689 3122 eius
3732 3079 3924 3124 usum
3970 3055 4258 3126 docendo
4317 3059 4398 3125 ab

2453 3137 2634 3201 omni
2679 3140 3142 3220 superstitione
3187 3140 3499 3225 populum
3546 3143 3858 3209 retrahat.

3121 3478 3426 3548 CAPUT
3468 3479 3738 3548 XXIII.

2630 3653 2686 3717 1.
2736 3650 2892 3717 Fuit
2911 3655 3117 3717 autem
3125 3655 3271 3732 post
3312 3650 3448 3718 dies
3490 3653 3721 3719 multos
3742 3657 4082 3736 postquam
4123 3657 4399 3739 requiem

2452 3738 2624 3805 dedit
2646 3736 2878 3803 1ehova
2902 3735 3140 3803 Israeli
3164 3738 3241 3802 ab
3274 3737 3558 3803 omnibus
3593 3739 3874 3805 inimicis
3907 3759 4122 3806 eorum
4164 3742 4237 3807 in
4278 3744 4400 3810 eir·

2451 3826 2647 3903 cuitu,
2695 3822 2883 3889 Iosue
2924 3823 3158 3903 senuit,
3218 3827 3274 3887 et
3312 3825 3480 3889 venit
3515 3825 3584 3889 in
3624 3825 3794 3890 dies.-
3834 3825 3893 3889 2.
3947 3826 4124 3895 Tune
4165 3829 4402 3894 vocavit

2455 3909 2646 3976 Iosue
2686 3927 2926 3975 omnem
2969 3907 3209 3990 Israel,
3253 3909 3529 3975 seniores
3570 3909 3733 3988 eiu-3,
3794 3915 3851 3975 et
3892 3912 4102 3994 capita
4145 3915 4299 3986 eius.
4344 3919 4400 3980 et

2454 3997 2694 4063 iudices
2736 3997 2874 4061 eius
2889 4047 2904 4073 ,
2950 3999 3004 4060 et
3033 3995 3385 4078 praefectos
3426 3995 3563 4061 eius
3578 4046 3593 4074 ,
3637 3996 3918 4078 dixitque
3961 3998 4049 4064 ad
4088 4020 4218 4065 eos.-
4259 3999 4398 4084 qu

2455 4084 2655 4160 senui,
2700 4087 2757 4147 et
2798 4083 2941 4147 veni
2983 4082 3052 4147 in
3095 4081 3265 4147 dies:
3308 4080 3367 4145 3.
3424 4080 3663 4163 Vosque
3696 4082 3949 4148 vidistis
3983 4087 4198 4151 omnia
4240 4106 4400 4168 quae

2454 4168 2671 4251 fecerit
2716 4167 2947 4233 Iehova
2991 4168 3170 4234 Deus
3221 4171 3415 4232 vester
3470 4166 3755 4233 omnibus
3804 4168 4091 4252 qentibus
4141 4171 4286 4236 istis
4327 4171 4400 4236 in

2455 4258 2775 4339 conspectu
2829 4259 3058 4333 vestm,
3115 4254 3276 4335 quod
3318 4251 3544 4318 Iehova
3579 4250 3761 4318 Deus
3801 4260 3996 4320 vester
4029 4257 4404 4340 puqnaverit
4495 4256 4498 4257 ⁷

2447 4360 2572 4421 pro
2612 4341 2800 4405 vobis.
2854 4338 2917 4404 4.
2979 4338 3205 4415 Videte,
3250 4342 3411 4404 sorte
3444 4338 3743 4405 distribui
3782 4339 3955 4406 vobis
3990 4346 4197 4425 qentes
4239 4343 4401 4409 istas

2453 4426 2749 4492 residuas
2779 4426 2853 4490 in
2886 4423 3323 4491 haereditatem
3335 4444 3456 4507 per
3497 4424 3696 4491 tribus
3736 4430 3993 4506 vestras,
4037 4447 4080 4493 a
4104 4427 4399 4506 Iordane,

2457 4516 2639 4593 atque
2690 4530 2896 4576 omnes
2949 4514 3156 4594 qentes
3209 4529 3372 4590 quas
3425 4510 3779 4592 disperdidi
3834 4531 4029 4594 usque
4084 4513 4172 4579 ad
4225 4532 4403 4578 mare

2456 4616 2754 4680 maqnum
2834 4595 2914 4662 ab
2972 4615 3194 4662 occasu
3263 4594 3433 4661 solis.
3544 4594 3604 4661 5.
3678 4596 3909 4664 Iehova
3971 4602 4173 4664 autem
4221 4596 4403 4665 Deus

2456 4687 2657 4749 vester
2710 4683 2844 4764 ipse
2879 4681 3281 4764 propulsabit
3334 4701 3442 4747 eas
3499 4703 3540 4747 a
3587 4682 3752 4766 faeie
3788 4687 4009 4764 vestra,
4053 4689 4108 4749 et
4147 4683 4404 4765 expellet

2460 4791 2498 4835 α
2559 4772 2878 4850 conspeetu
2934 4773 3132 4834 vestro
3147 4817 3164 4847 ,
3227 4772 3283 4833 et
3338 4767 3476 4832 iwre
3530 4767 3951 4835 haereditario
3996 4768 4401 4850 possidebitis

2458 4860 2696 4921 terram
2766 4873 2984 4920 earum
2998 4906 3012 4932 ,
3087 4853 3601 4937 quemadmodum
3668 4853 3955 4937 loquutus
4025 4860 4112 4920 est
4171 4854 4400 4921 Iehova

2461 4940 2642 5008 Deus
2697 4945 2894 5005 vester
2944 4940 3126 5005 vobis.
3219 4939 3278 5005 6.
3329 4939 3633 5007 Roborate
3690 4940 3888 5024 iqitur
3934 4961 4041 5006 vos
4091 4941 4288 5017 valde,
4331 4944 4402 5006 ut

2461 5027 2827 5093 custodiatis
2841 5077 2857 5105 ,
2914 5031 2972 5092 et
3007 5026 3267 5109 faciatis
3306 5028 3615 5109 quidquid
3656 5026 3958 5107 seriptum
4000 5030 4089 5091 est
4130 5026 4199 5091 iu
4241 5024 4402 5092 libro

2463 5113 2615 5196 leqis
2650 5111 2875 5190 MosiS,
2911 5118 2983 5177 ut
3017 5133 3144 5178 non
3181 5112 3482 5178 recedatis
3519 5111 3596 5176 ab
3630 5132 3695 5177 eo
3729 5131 3925 5193 neque
3966 5111 4052 5176 ad
4094 5113 4399 5191 dextram,

2461 5219 2657 5281 neque
2710 5200 2795 5264 ad
2851 5199 3197 5265 sinistram.
3288 5198 3326 5262 7
3334 5248 3347 5262 .
3399 5198 3613 5278 Neque
3654 5197 4175 5263 commisceamini
4211 5197 4404 5282 qenti-

2463 5284 2578 5350 bus
2637 5285 2779 5349 istis
2832 5304 2993 5365 quae
3046 5289 3367 5350 remanent
3419 5282 3744 5362 vobiscum,
3787 5286 3843 5348 et
3884 5302 4104 5349 nomen
4146 5283 4403 5350 deorum

2463 5389 2682 5436 earum
2715 5389 2792 5435 ne
2826 5371 3325 5449 commemorem,
3369 5389 3476 5435 nec
3509 5368 3830 5448 adiuretis,
3876 5390 4069 5452 neque
4108 5367 4405 5436 serviatis
