5017 6142
466 443 546 509 17
1434 437 2018 507 SANCTIONES
2063 440 2126 506 A
2171 438 2963 508 PROMJSSIONIBUS
3007 440 3127 509 ET
3171 439 3458 507 MINIS.
4379 438 4462 505 18

462 637 728 697 terrena
774 627 1102 704 beneficia,
1147 629 1336 712 quasi
1381 628 1624 695 diceret
1668 630 1905 707 Moses,
1952 652 2035 694 ex
2079 628 2210 694 illis
2254 651 2402 713 per·

463 716 759 799 spicuum
817 715 953 780 fore
1007 714 1135 780 Dei
1183 734 1471 780 amorem
1530 736 1566 781 e
1730 716 2006 781 electum
2054 715 2402 799 populum:

463 801 663 867 altius
732 810 953 865 tamen
1018 800 1402 867 conscendit
1456 807 1529 867 ut
1655 800 1928 867 raelitae
1982 822 2101 884 per
2155 800 2403 884 gradus

466 886 746 963 deducti,
812 885 1022 951 solum
1078 885 1297 951 Deum
1340 886 1707 971 amplexari
1754 886 2037 953 discant:
2084 888 2152 952 in
2191 907 2267 952 eo
2303 908 2406 952 ac-

462 973 795 1057 quiescere
817 1023 831 1047 ,
874 971 1234 1051 secundum
1278 971 1505 1038 foedus
1551 971 1721 1055 quod
1767 973 1951 1038 Deus
1996 991 2145 1038 cum
2194 971 2404 1039 Abra-

465 1059 618 1125 ham
664 1060 1032 1142 pepigerat:
1070 1058 1217 1141 Ego
1262 1078 1507 1124 merces
1551 1068 1665 1123 tua
1700 1078 1943 1142 magna
1986 1057 2197 1125 valde.
2271 1058 2406 1124 Ne-

465 1166 592 1229 que
636 1145 815 1209 enim
850 1146 923 1208 in
961 1144 1136 1209 hunc
1173 1143 1366 1208 modo
1401 1145 1600 1210 finem
1638 1148 1961 1229 segregati
1997 1158 2156 1211 sunt
2191 1145 2404 1210 Abra-

466 1233 594 1297 hae
643 1229 802 1310 filii,
862 1239 930 1295 et
986 1229 1175 1296 electi
1216 1230 1284 1295 in
1337 1230 1646 1314 populum
1694 1242 2028 1309 sanctum,
2097 1238 2174 1295 ut
2241 1231 2405 1296 bene

468 1318 709 1396 saturi,
768 1328 1129 1400 ventreque
1172 1314 1444 1392 referto,
1492 1316 1657 1381 nihil
1703 1318 1832 1382 nisi
1877 1324 2212 1382 terrenum
2271 1316 2404 1399 spi-

466 1413 727 1469 rarent:
792 1401 906 1468 sed
965 1411 1041 1469 ut
1102 1411 1279 1468 certo
1344 1402 1638 1485 persuasi
1698 1412 1948 1479 essent,
2015 1423 2086 1471 se
2145 1412 2279 1466 tam
2334 1403 2404 1465 in

466 1497 680 1555 morte
737 1509 932 1573 quam
988 1489 1055 1553 in
1102 1489 1241 1555 vita
1286 1487 1508 1553 beatos
1551 1509 1715 1554 esse.
1802 1489 1951 1554 Etsi
1997 1490 2217 1552 autem
2260 1507 2409 1570 gra-

467 1574 639 1641 tuita
694 1573 821 1639 fuit
876 1572 1101 1658 populi
1158 1571 1454 1656 adoptio:
1512 1574 1667 1657 quia
1727 1583 1947 1640 tamen
2004 1574 2085 1638 ad
2144 1573 2404 1639 mundi-

469 1662 626 1727 tiem
687 1660 897 1726 vocati
946 1669 1166 1737 erant,
1218 1681 1351 1724 non
1397 1659 1513 1727 abs
1556 1680 1627 1725 re
1673 1660 2000 1744 promittit
2044 1660 2227 1725 Deus
2271 1669 2405 1725 sta-

467 1747 598 1813 bile
640 1748 777 1812 fore
821 1745 992 1829 quod
1034 1746 1454 1829 promiserat,
1522 1746 1576 1810 si
1623 1746 1831 1832 legem
1870 1745 2211 1825 servando,
2257 1766 2403 1830 per-

472 1842 648 1900 stent
692 1833 821 1916 ipsi
855 1832 1196 1898 Israelitae
1239 1831 1309 1896 in
1354 1831 1644 1897 foedere:
1689 1834 1876 1915 quasi
1921 1832 2183 1912 diceret,
2220 1851 2405 1898 sanc-

471 1917 899 1986 tificationem
957 1938 1182 1983 eorum
1241 1918 1502 1982 firmam
1562 1925 1630 1982 et
1684 1925 2067 2002 perpetuam
2124 1919 2283 1998 fore,
2348 1917 2443 1983 si·

470 2005 809 2071 ambulent
866 2005 934 2069 in
991 2004 1357 2088 praeceptis
1400 2003 1584 2087 legis.
1674 2002 1868 2085 Quod
1915 2004 2128 2081 addit,
2189 2004 2404 2087 palam

469 2091 607 2158 fore
664 2090 970 2156 omnibus
1016 2087 1281 2175 'populis
1324 2089 1616 2155 invocari
1660 2111 1857 2173 super
1897 2089 2074 2174 ipsos
2118 2090 2243 2155 Dei
2289 2111 2408 2155 no-

470 2199 642 2257 men,
686 2176 1074 2242 tantundem
1113 2175 1294 2242 valet
1327 2186 1523 2259 atque
1564 2174 1747 2259 ipsos
1791 2198 1932 2242 esse
1977 2174 2097 2241 sub
2141 2176 2267 2241 Dei
2304 2185 2410 2241 tu·

472 2263 606 2328 tela
640 2271 709 2329 et
742 2262 1125 2345 patrocinio,
1171 2273 1367 2345 atque
1401 2263 1497 2327 ita
1532 2261 1674 2329 eius
1715 2263 2117 2347 protentione
2152 2282 2411 2346 semper

470 2350 607 2415 fore
650 2349 1009 2414 incolumes
1053 2356 1119 2413 et
1163 2355 1362 2413 tutos.
1642 2422 1653 2436 ,

646 2435 744 2500 12.
780 2434 1043 2516 Aperiat
1079 2432 1330 2500 Iehova.
1373 2432 1623 2500 Iterum
1653 2435 1906 2517 repetit,
1941 2431 2407 2499 multiformem

472 2520 602 2586 Dei
667 2519 1168 2586 beneficentiam
1229 2519 1449 2585 lucere
1501 2521 1570 2583 in
1631 2520 1773 2585 vita
1826 2520 2200 2584 hominum:
2258 2519 2411 2603 quia

474 2628 607 2673 non
653 2613 912 2671 tantum
971 2625 1211 2688 panem
1268 2604 1644 2689 suppeditat
1699 2624 1830 2688 quo
1887 2615 2259 2684 vescantur,
2295 2604 2408 2671 sed

473 2694 857 2777 deprompta
913 2713 950 2757 e
992 2689 1173 2758 coelo
1217 2690 1443 2774 pluvia
1484 2704 1726 2756 terram
1772 2690 2030 2774 irrigat:
2079 2702 2276 2775 atque
2318 2691 2412 2756 ita

472 2789 784 2863 tanquam
856 2798 939 2843 ex
1008 2777 1266 2860 copioso
1331 2798 1509 2862 penu
1569 2778 1675 2844 vel
1733 2777 2040 2843 thesauro
2096 2776 2410 2861 quidquid

472 2886 635 2950 opus
696 2871 796 2930 est
852 2863 934 2928 ad
993 2866 1244 2930 victum
1302 2864 1567 2947 profert.
1658 2863 2009 2929 Discamus
2066 2883 2223 2947 ergo
2267 2883 2409 2928 sur-

473 2972 620 3018 sum
678 2958 747 3016 et
801 2948 1104 3016 deorsum
1121 2999 1138 3029 ,
1200 2956 1338 3015 tam
1380 2950 1453 3013 in
1498 2949 1826 3015 coelorum
1871 2951 2205 3033 temperie,
2252 2948 2413 3015 vivi-

474 3039 594 3103 fico
638 3036 853 3104 calore
897 3035 1084 3115 solis,
1128 3035 1373 3118 pluvia,
1419 3035 1694 3119 aliisque
1736 3034 2171 3113 adminiculis,
2215 3053 2413 3118 quam

472 3123 548 3189 in
588 3130 804 3189 terrae
838 3121 1290 3202 foecunditate,
1334 3122 1742 3188 considerare
1782 3120 2210 3204 multiplicem
2255 3141 2414 3204 opu-

475 3210 746 3275 lentiam
794 3229 991 3292 quam
1046 3208 1230 3273 Deus
1286 3230 1323 3274 e
1365 3209 1695 3274 thesauris
1735 3208 1870 3274 suis
1915 3206 2231 3291 producit.
2320 3208 2414 3272 Et

473 3316 675 3378 quum
731 3314 801 3361 se
858 3293 1067 3361 labori
1111 3313 1422 3360 manuum
1465 3293 1961 3361 benedicturum
2006 3292 2415 3376 pronunciat,

474 3380 631 3447 hinc
690 3401 944 3463 quoque
992 3378 1353 3464 discamus,
1417 3378 1582 3445 nihil
1625 3378 1955 3445 industria
2000 3390 2064 3443 et
2103 3378 2414 3445 maximis

472 3465 808 3532 laboribus
851 3486 970 3532 nos
1013 3485 1206 3550 posse
1240 3466 1565 3549 consequi,
1610 3466 1736 3531 nisi
1779 3473 2108 3549 quatenus
2152 3485 2417 3549 prospe·
2521 3464 2536 3478 ‘

474 3573 626 3618 rum
692 3571 1064 3618 successum
1136 3550 1320 3618 Deus
1382 3551 1693 3635 inspirat,
1740 3566 2097 3636 omnesque
2154 3560 2416 3617 nostros

472 3647 751 3707 conatus
807 3638 1049 3722 absque
1101 3658 1342 3703 arcana
1383 3639 1526 3704 eius
1569 3637 2021 3705 benedictione
2066 3659 2314 3703 meram
2350 3645 2417 3702 et

471 3725 737 3791 irritam
795 3744 939 3790 esse
995 3722 1467 3808 fatigationem.
1555 3722 1730 3789 Nam
1797 3722 1969 3807 quod
2030 3723 2281 3791 Paulus
2330 3724 2411 3788 ad

474 3810 880 3895 spiritualem
947 3809 1269 3874 culturam
1345 3809 1649 3875 ecclesiae
1716 3810 2061 3889 transfert,
2127 3808 2209 3874 ab
2271 3810 2417 3893 ipsa

474 3905 716 3963 natura
772 3918 919 3962 sum
967 3904 1106 3961 tum
1152 3906 1284 3975 est,
1344 3894 1483 3977 Qui
1526 3894 1786 3980 plantat
1828 3906 1896 3960 et
1937 3895 2050 3978 qui
2095 3896 2265 3979 rigat
2310 3894 2413 3960 ni·

474 3982 573 4047 hil
607 3995 726 4060 est,
762 3981 878 4047 sed
981 4003 1096 4047 eus
1130 3983 1241 4065 qui
1279 3980 1388 4047 dat
1422 3982 1904 4047 incrementum
1938 3979 2026 4067 (1.
2068 3980 2215 4048 Gor.
2241 3980 2302 4060 3,
2324 3978 2412 4067 6).

472 4067 622 4134 Non
684 4068 830 4133 vult
885 4066 1143 4150 quidem
1191 4067 1374 4133 Deus
1417 4089 1534 4133 nos
1579 4067 1791 4134 iacere
1833 4070 2097 4148 inertes,
2139 4067 2413 4151 ideoque

476 4155 684 4239 exigit
739 4151 1027 4219 laborem
1073 4174 1422 4233 manuum,
1484 4152 1599 4219 sed
1658 4152 1899 4219 laboris
1932 4154 2222 4219 fructum
2269 4154 2413 4220 vult

475 4240 597 4306 sibi
633 4248 971 4323 acceptum
1007 4238 1256 4305 referri.
1323 4240 1680 4322 Postquam
1718 4248 1936 4305 autem
1975 4239 2054 4305 de
2098 4240 2242 4324 lege
2278 4247 2415 4305 tota

475 4325 785 4409 loquutus
843 4336 943 4391 est
1001 4347 1076 4391 ac
1136 4325 1342 4392 vetuit
1402 4324 1745 4392 deflectere
1801 4325 1885 4389 ad
1922 4324 2257 4391 dexteram
2303 4324 2414 4392 vel

474 4412 830 4490 sinistram,
860 4411 1287 4495 praecipuum
1316 4420 1515 4496 caput
1550 4411 1951 4495 perstringit,
1988 4432 2075 4477 ne
2109 4411 2415 4479 deficiant

474 4509 620 4581 post
655 4497 808 4564 deos
841 4496 1108 4563 alienos.
1173 4496 1396 4579 Quare
1438 4518 1698 4562 summa
1741 4498 1871 4564 huc
1912 4496 2102 4575 redit,
2148 4506 2223 4562 ut
2263 4518 2411 4581 pro-

480 4594 793 4667 sequatur
852 4583 1037 4648 Deus
1091 4603 1286 4667 quam
1342 4605 1503 4668 erga
1544 4604 1663 4650 nos
1705 4584 1917 4666 eoepit
1952 4584 2253 4669 gratiam,
2300 4583 2408 4649 de·

473 4669 631 4736 bere
688 4691 810 4737 nos
850 4669 1140 4736 vicissim
1187 4671 1326 4734 eius
1368 4670 1641 4753 imperio
1687 4690 1951 4753 prorsus
2006 4691 2148 4736 esse
2190 4667 2410 4734 addic-

475 4766 596 4824 tos.
662 4755 742 4822 Id
788 4754 1049 4839 quidem
1084 4753 1287 4821 verbo
1331 4776 1371 4820 a
1413 4755 1600 4821 nobis
1642 4756 1919 4842 flagitat,
1964 4754 2077 4821 sed
2112 4764 2188 4819 ut
2228 4774 2414 4838 prae-

473 4850 720 4908 stemus
756 4842 1026 4925 spiritus
1061 4842 1164 4907 sui
1201 4843 1445 4908 virtute
1480 4841 1712 4906 efficit:
1760 4862 1887 4906 non
1929 4840 2192 4924 quidem
2229 4848 2304 4905 ut
2337 4840 2408 4905 in

474 4927 753 4993 solidum
791 4928 1265 4994 satisfaciamus
1307 4926 1536 5007 officio,
1579 4924 1694 4991 sed
1737 4936 1814 4991 ut
1858 4926 1940 4991 ad
1983 4934 2226 4992 metam
2271 4926 2408 4990 eni-

475 5024 727 5079 tamur:
793 5035 993 5097 quum
1054 5025 1270 5080 autem
1327 5013 1523 5097 longe
1579 5033 1619 5077 a
1661 5013 2056 5096 perfectione
2101 5012 2408 5091 absimus,

473 5099 886 5183 indulgentia
930 5122 1049 5165 sua
1094 5099 1336 5165 sufficit
1379 5097 1551 5183 quod
1606 5098 1794 5163 nobis
1849 5096 2048 5164 deest.
2134 5099 2264 5164 Hic
2312 5107 2409 5162 ta-

476 5205 627 5250 men
672 5193 974 5254 movetur
1016 5185 1299 5251 difficilis
1335 5184 1646 5269 quaestio,
1693 5184 1746 5248 si
1794 5205 1874 5249 ex
1922 5185 2231 5268 peculiari
2274 5183 2406 5248 Dei

476 5269 927 5336 benedictione
984 5291 1109 5353 qua
1166 5292 1321 5336 suos
1379 5271 1662 5337 cultores
1706 5269 2035 5355 dignatur,
2077 5271 2226 5337 fluit
2268 5292 2407 5336 om-

474 5357 583 5420 nis
617 5357 1030 5441 prosperitas,
1070 5357 1245 5422 unde
1281 5357 1506 5423 multis
1540 5357 1681 5423 eius
1714 5358 2268 5441 contemptoribus
2302 5377 2404 5422 so·

615 5454 840 5514 Οαῑυόοκ·
864 5471 1052 5528 opera.
1133 5458 1250 5514 Vol.
1279 5456 1475 5514 XXV.

2508 628 2705 707 boles,
2737 629 2984 693 laetum
3014 629 3235 707 otium,
3261 627 3531 713 frugum
3559 628 3980 707 abundantia,
4019 630 4197 696 vitae
4233 649 4466 696 amoe-

2508 715 2717 794 nitas,
2763 725 2828 780 et
2884 713 3163 792 delitiae,
3208 713 3489 780 honores
3532 723 3600 779 et
3635 714 3971 798 potentia?
4040 715 4457 800 RespondeO,

2504 801 2761 867 felicem
2809 822 3001 885 quem
3045 801 3254 865 servis
3287 801 3424 865 suis
3469 802 3760 886 assignat
3801 802 3970 867 vitae
4005 810 4270 879 statum,
4317 824 4452 867 non

2505 888 2770 954 obstare
2807 887 3152 971 quominus
3190 907 3371 951 suam
3412 887 3781 970 largitatem
3807 888 4177 972 promiscue
4214 884 4455 953 diffun-

2507 973 2618 1037 dat
2676 975 2743 1038 in
2803 982 3009 1038 totum
3071 973 3433 1038 humanum
3493 994 3719 1057 genus.
3818 974 3996 1039 Vere
4055 973 4126 1038 in
4186 973 4451 1040 Psalmo

2506 1057 2650 1145 (36,
2716 1057 2782 1145 7)
2839 1066 3109 1124 vocatur
3169 1059 3508 1123 hominum
3570 1070 3637 1123 et
3676 1060 4019 1125 brutorum
4068 1060 4450 1126 animalium

2508 1157 2831 1211 servator:
2880 1166 3036 1210 vere
3065 1144 3222 1209 alibi
3255 1141 3396 1230 (Ps.
3423 1143 3566 1221 145,
3592 1144 3940 1231 9)·dicitur,
3986 1166 4183 1228 super
4226 1166 4453 1213 omnes

2507 1242 2844 1297 creaturas
2880 1230 3148 1295 extendi
3184 1230 3322 1295 eius
3357 1230 3902 1296 misericordiam:
3941 1252 4095 1296 vere
4141 1231 4452 1299 Christus

2507 1317 2901 1383 immensam
2954 1317 3093 1381 eius
3144 1316 3505 1381 bonitatem
3547 1316 3981 1396 commendat,
4028 1318 4197 1401 quod
4245 1319 4452 1384 solem

2507 1423 2701 1468 suum
2740 1402 2899 1467 oriri
2933 1402 3083 1467 facit
3118 1422 3319 1485 super
3362 1403 3561 1468 bonos
3606 1413 3670 1468 et
3713 1404 3918 1469 malos
3953 1400 4174 1489 (Matt.
4212 1404 4273 1482 5,
4318 1401 4455 1490 45).

2509 1486 2647 1554 Sed
2672 1487 3060 1553 exclamatio
3086 1488 3446 1571 prophetae
3481 1509 3807 1572 peraeque
3852 1512 4010 1556 vera
4053 1503 4183 1554 est:
4230 1490 4451 1570 Quam

2506 1594 2753 1657 magna
2786 1573 3141 1639 multitudo
3179 1574 3491 1639 bonitatis
3527 1584 3677 1640 tuae
3713 1597 3750 1639 o
3787 1573 3986 1655 Deus,
4024 1578 4186 1657 quae
4222 1598 4450 1643 recon-

2509 1660 2646 1725 dita
2701 1670 2801 1726 est
2846 1659 3226 1725 timentibus
3280 1670 3343 1725 te
3410 1658 3546 1745 (Ps.
3607 1659 3721 1738 31,
3783 1660 3927 1747 20)!
4018 1661 4188 1726 Nam
4248 1684 4448 1746 quum

2506 1766 2735 1812 omnes
2779 1746 2921 1811 sine
2971 1747 3350 1827 exceptione
3392 1746 3696 1811 omnibus
3744 1747 3918 1812 vitae
3964 1747 4270 1813 subsidiis
4312 1747 4450 1813 fru-

2509 1843 2745 1916 antur,
2790 1831 3075 1916 refulget
3119 1832 3550 1896 communiter
3594 1832 3792 1898 etiam
3839 1854 3997 1917 erga
4031 1834 4267 1916 impios
4309 1835 4452 1899 eius

2508 1917 2798 1998 bonitas,
2857 1937 3023 2001 quae
3081 1916 3189 1982 hic
3232 1917 3521 1983 luctatur
3578 1937 3724 1983 cum
3782 1918 4123 1984 hominum
4175 1921 4447 1999 malitia,

2509 2016 2586 2069 ut
2629 2024 2792 2087 quos
2834 2003 3107 2082 creavit,
3150 2003 3375 2068 fovere
3422 2013 3491 2069 et
3535 2006 3706 2069 tueri
3752 2025 3879 2070 non
3927 2004 4194 2081 desinat,
4247 2026 4449 2089 quan·

2510 2090 2761 2156 tumvis
2795 2088 3125 2173 indignos.
3216 2087 3411 2170 Quod
3446 2111 3601 2176 ergo
3635 2091 3858 2174 impiis
3915 2090 4253 2167 benefacit,
4300 2113 4447 2174 pro·

2480 2177 2725 2260 ‘prium
2769 2176 3084 2242 creatoris
3120 2184 3235 2240 est.
3295 2174 3565 2242 Adhaec
3606 2184 3682 2240 ut
3724 2194 4074 2260 suspensas
4119 2187 4338 2242 teneat
4374 2179 4450 2242 fi-

2510 2261 2756 2327 delium
2801 2271 3074 2341 mentes,
3119 2260 3333 2325 ultimi
3378 2261 3599 2328 iudicii
3635 2264 4138 2346 exspectatione,
4186 2264 4453 2329 confuse

2510 2369 2687 2415 nunc
2723 2347 2932 2413 multa
2967 2347 3227 2413 misceri
3307 2348 3525 2426 atitur,
3573 2357 3636 2412 et
3672 2370 3862 2413 suum
3910 2348 4219 2415 iudicium
4266 2351 4452 2431 quasi

2511 2435 2720 2500 noctis
2792 2432 3105 2519 caligine,
3176 2455 3259 2499 ve
3341 2433 3464 2499 sub
3537 2433 3796 2498 nebulis
3856 2434 4086 2500 saltem
4147 2435 4448 2512 occultat,

2512 2539 2886 2603 quanquam
2946 2522 3039 2584 ita
3082 2540 3267 2585 suam
3313 2539 3468 2604 erga
3511 2518 3817 2603 reprobos
3862 2521 4243 2602 patientiam
4290 2531 4455 2586 tem-

2512 2613 2731 2689 perat,
2777 2613 2851 2671 ut
2898 2606 2968 2670 in
3012 2606 3135 2671 hac
3179 2625 3374 2688 quam
3419 2604 3555 2669 dixi
3601 2604 3979 2671 confusione
4022 2607 4208 2688 signa
4254 2628 4451 2690 quae-

2516 2690 2668 2756 dam
2712 2694 2849 2757 irae
2894 2702 2959 2756 et
2998 2690 3240 2757 favoris
3284 2700 3657 2773 appareant.
3748 2692 3980 2774 Itaque
4026 2691 4174 2756 licet
4218 2693 4452 2758 mundi

2512 2776 2899 2861 gubernatio
2943 2776 3234 2841 nondum
3279 2776 3362 2841 ad
3405 2777 3757 2860 perfectam
3805 2797 4102 2842 normam
4140 2778 4225 2842 sit
4268 2799 4446 2844 com-

2518 2863 2759 2945 posita:
2805 2864 2991 2928 Deus
3029 2873 3248 2927 tamen
3289 2862 3359 2926 in
3404 2882 3482 2928 ea
3517 2883 3587 2928 se
3627 2872 3761 2927 tam
3806 2862 4123 2928 scelerum
4169 2862 4451 2930 ultorem

2519 2969 2713 3032 quam
2758 2949 3045 3014 iustitiae
3088 2956 3644 3014 remuneratorem
3690 2946 4004 3027 ostendit,
4051 2958 4118 3013 et
4160 2949 4232 3013 in
4276 2961 4452 3016 tene-

2520 3035 2654 3101 bris
2690 3035 2974 3101 emicant
3015 3032 3367 3101 scintillae:
3413 3034 3794 3118 fidelesque,
3853 3034 4004 3100 licet
4061 3033 4141 3099 ad
4188 3037 4453 3102 satieta-

2520 3131 2652 3186 tem
2700 3142 2903 3204 usque
2951 3142 3081 3185 non
3126 3120 3436 3185 fruantur
3471 3119 3919 3187 benedictione
3953 3120 4075 3187 sibi
4117 3123 4453 3205 promissa,

2520 3227 2665 3272 eam
2701 3217 2942 3288 tamen,
2993 3213 3316 3290 quatenus
3375 3206 3667 3290 expedit,
3715 3206 4086 3290 degustant.
4180 3206 4280 3272 Ad
4326 3209 4450 3274 im-

2519 3292 2660 3376 pios
2716 3314 2907 3373 vero,
2967 3293 3267 3376 quamvis
3310 3291 3616 3357 diffluant
3662 3291 3842 3357 omni
3887 3292 4206 3358 bonorum
4252 3296 4455 3378 copia,

2519 3401 2606 3444 ne
2696 3387 2838 3444 utta
2881 3378 3145 3463 quidem
3202 3377 3513 3445 bonitatis
3573 3377 3701 3442 Dei
3746 3380 4079 3463 pervenit:
4132 3380 4282 3463 quia
4324 3382 4452 3446 nisi

2515 3485 2587 3528 in
2629 3401 2759 3529 fisi
2804 3465 3131 3531 beneficiis
3167 3464 3387 3530 animo
3422 3464 3782 3547 concipitur
3825 3469 4140 3548 paternus
4183 3466 4325 3531 eius
4360 3465 4455 3530 fa-

2518 3572 2672 3629 vor,
2724 3551 2865 3633 ipsa
2907 3548 3270 3617 benedictio
3306 3552 3659 3643 evanescit.
3747 3551 3892 3614 Imo
3948 3570 4075 3635 quo
4132 3552 4339 3636 magis
4383 3574 4454 3618 se

2516 3636 2949 3722 ingurgitant,
2987 3637 3317 3702 exitialem
3361 3636 3658 3720 saginam
3698 3638 4125 3703 contrahunt:
4163 3646 4229 3703 et
4266 3638 4453 3704 Deus

2516 3724 2815 3789 consulto
2859 3724 3033 3806 ipsos
3075 3721 3335 3801 attollit,
3382 3730 3459 3787 ut
3500 3746 3537 3789 e
3581 3722 3847 3789 sublimi
3889 3723 4159 3807 gravius
4203 3725 4449 3805 praeei-

2518 3810 2697 3892 pitet.
2789 3810 3091 3893 Denique
3134 3815 3527 3894 pascuntur,
3570 3818 3646 3874 ut
3687 3819 3788 3873 est
3831 3807 4007 3891 apud
4046 3808 4450 3892 prophetam,

2516 3896 2585 3960 in
2646 3893 2821 3961 diem
2881 3896 3313 3961 mactationis.
3401 3893 3786 3959 Tenendum
3833 3893 4038 3978 igitur
4081 3902 4205 3975 est,
4250 3894 4449 3961 bene·

2517 3981 2834 4047 dictiones
2879 4002 3040 4064 quas
3076 3983 3259 4048 Deus
3303 3980 3412 4047 hic
3445 3980 3657 4046 servis
3701 3979 3838 4044 suis
3872 3980 4215 4064 promittit,
4260 3981 4453 4064 spiri-

2516 4066 2680 4133 tuali
2715 4067 2850 4133 sale
2873 4069 2952 4134 ab
2971 4066 3113 4150 ipso
3135 4066 3404 4143 condiri,
3445 4087 3530 4130 ne
3565 4065 3886 4149 insipidae
3927 4067 4101 4129 sint:
4147 4067 4454 4149 reprobos

2516 4175 2673 4219 vero
2718 4153 2830 4237 qui
2873 4174 3072 4219 sensu
3119 4152 3563 4218 destituuntur
3605 4151 3856 4236 gratiae
3891 4151 4037 4231 Dei,
4081 4153 4259 4218 omni
4296 4175 4452 4236 quo-

2517 4260 2643 4323 que
2679 4241 2822 4306 eius
2858 4237 3312 4306 benedictione
3355 4238 3626 4322 privari.
3716 4235 4037 4322 Superest
4079 4246 4297 4303 tamen
4343 4240 4457 4304 ad-

2516 4325 2648 4391 huc
2701 4326 3074 4409 scrupulus,
3135 4325 3292 4408 quia
3348 4324 3508 4389 haec
3569 4323 3648 4389 de
3713 4343 3840 4406 qua
3892 4323 4109 4407 agitur
4151 4324 4449 4407 felicitas,

2517 4431 2652 4475 non
2691 4431 2975 4495 semper,
3026 4433 3235 4493 neque
3281 4409 3534 4494 aequali
3579 4409 3768 4474 modo
3810 4410 4094 4494 obtingit
4135 4411 4264 4476 Dei
4310 4431 4444 4475 ser-

2516 4497 2652 4563 vis:
2710 4498 2843 4562 imo
2906 4497 3028 4562 sub
3088 4497 3232 4579 lege
3290 4517 3549 4581 quoque
3602 4494 3828 4560 multis
3873 4496 4185 4561 molestiis
4229 4506 4295 4561 et
4338 4517 4447 4563 ae-

2515 4583 2771 4648 rumnis
2801 4582 3056 4648 duriter
3084 4582 3353 4648 fuerunt
3386 4582 3742 4648 exercitati.
3802 4581 4211 4664 Respondeo,
4248 4603 4448 4666 quum

2512 4689 2706 4733 nemo
2743 4690 3028 4752 unquam
3063 4668 3172 4735 vel
3216 4668 3688 4749 sanctissimus,
3730 4667 3987 4751 integer
4039 4669 4235 4733 fuerit
4284 4669 4449 4753 legis

2512 4756 2907 4834 observator,
2940 4775 3132 4820 nemo
3156 4755 3354 4819 etiam
3386 4755 3466 4820 ab
3492 4756 3670 4819 omni
3692 4753 4208 4838 transgressione
4222 4773 4444 4837 purus,

2514 4861 2650 4904 non
2702 4839 2941 4906 mirum
2992 4862 3132 4907 esse
3177 4841 3232 4905 si
3280 4840 3497 4923 aliqua
3556 4849 3812 4904 tantum
3872 4861 3954 4902 ex
4014 4847 4199 4920 parte
4257 4840 4444 4921 potiti

2511 4936 2670 4991 sunt
2739 4925 3295 4993 benedictionibus
3368 4925 3740 5011 promissis:
3803 4926 3957 5008 quia
4019 4920 4445 5006 plenitudinis

2511 5033 2643 5076 non
2696 5023 2883 5077 erant
2933 5033 3217 5095 capaces.
3307 5011 3502 5094 Quod
3552 5013 3606 5076 si
3652 5009 3912 5094 quando
3957 5008 4253 5093 asperius
4294 5030 4444 5076 con-

2510 5097 2709 5182 tingit
2764 5118 2875 5164 eos
2930 5098 3234 5182 castigari
3269 5118 3465 5181 quam
3511 5098 3766 5181 impioS,
3811 5097 3878 5161 in
3927 5115 4001 5159 eo
4046 5113 4300 5179 quoque
4343 5098 4445 5161 ni-

2509 5182 2606 5248 hil
2644 5183 2938 5249 absurdi:
2975 5184 3126 5267 quia
3159 5182 3346 5249 Deus
3388 5181 3704 5248 iudicium
3750 5203 3791 5247 a
3823 5180 4012 5246 domo
4057 5201 4177 5248 sua
4217 5181 4443 5248 incho-

2509 5290 2621 5334 are
2679 5269 2861 5335 solet.
2938 5269 3287 5336 Caeterum
3335 5269 3404 5334 in
3447 5269 3571 5335 hac
3614 5287 3870 5352 quoque
3912 5265 4192 5333 mistura
4232 5271 4444 5335 cerni-

2509 5362 2623 5421 tur
2667 5354 2836 5440 quod
2893 5358 3213 5440 propheta
3266 5355 3478 5436 docet,
3535 5355 3741 5418 iustos
3783 5372 4123 5436 nunquam
4168 5353 4449 5421 derelin-
