5017 6142
606 420 739 488 555

609 607 1078 687 sanctuarium,
1125 608 1313 692 quasi
1356 608 1511 675 boni
1546 608 1847 676 custodes
1871 609 2019 691 Dei,
2065 630 2264 694 quum
2309 607 2555 675 tradita

611 700 704 763 eis
748 704 922 762 esset
980 694 1105 760 rite
1160 693 1413 759 colendi
1459 692 1585 760 Dei
1643 694 1900 780 regula,
1957 695 2025 761 in
2088 716 2217 779 qua
2272 692 2553 761 assiduis

610 779 937 851 exercitiis
995 780 1485 846 retinebantur:
1552 787 1919 847 scortorum
1966 791 2187 847 tamen
2228 780 2553 847 illecebris

609 867 862 951 decepti
916 886 987 932 se
1044 864 1414 950 polluerant
1461 865 1529 930 in
1574 865 1777 932 foedis
1821 867 2424 949 superstitionibus,
2485 874 2552 930 et

609 955 1048 1027 adoraverant
1088 950 1437 1017 Bal-Pcor.
1526 950 1700 1034 Quia
1743 950 1867 1018 hoc
1909 952 2153 1018 scelere
2197 951 2552 1036 implicitus

609 1039 958 1107 tenebatur
1000 1045 1178 1103 totus
1215 1057 1300 1122 po
1348 1036 1514 1116 ulus,
1561 1058 1690 1103 non
1739 1036 2042 1103 dubitant
2085 1037 2306 1103 decem
2350 1037 2551 1122 legati

610 1127 817 1194 socios
859 1124 1088 1207 culpae
1132 1144 1203 1188 se
1246 1144 1285 1189 a
1335 1123 1619 1207 ’ungere
1688 1121 2034 1204 Quaerunt
2067 1124 2288 1208 igitur,
2331 1143 2552 1188 annon

609 1213 852 1281 sufficit
908 1209 1095 1275 nobis
1147 1208 1460 1291 iniquitas
1518 1230 1712 1292 quam
1772 1209 2220 1275 contraximus
2265 1210 2332 1274 in
2379 1206 2552 1273 idolo

610 1297 825 1366 Peor?
913 1293 1190 1361 Addunt
1244 1292 1533 1359 nondum
1589 1294 1668 1361 ab
1727 1316 1804 1360 ea
1858 1316 1929 1359 se
1986 1316 2129 1361 esse
2183 1293 2549 1372 mundatos,

609 1385 793 1470 quasi
851 1380 1141 1448 dicerent
1201 1378 1490 1445 nondum
1592 1380 1805 1445 enitus
1862 1380 2183 1464 sepultam
2230 1401 2393 1446 esse·
2416 1402 2551 1444 me·

609 1470 916 1547 moriam,
962 1465 1068 1531 vel
1111 1467 1503 1531 exstinctam
1618 1466 1677 1531 ei
1722 1465 2116 1533 vindictam:
2175 1464 2329 1532 inde
2371 1464 2550 1532 colli-

610 1564 777 1642 gunt
821 1554 983 1619 duas
1026 1551 1275 1629 tribus,
1320 1560 1386 1616 et
1428 1548 1795 1629 dimidiam,
1840 1551 1996 1618 dum
2040 1573 2110 1618 se
2152 1552 2357 1636 impia
2397 1573 2550 1616 con·-

610 1641 896 1708 tumaoia
939 1659 978 1703 a
1019 1635 1162 1703 Deo
1203 1645 1544 1716 avertunt,
1605 1645 1673 1701 et
1729 1637 2084 1703 excutiunt
2139 1638 2278 1703 eius
2321 1637 2550 1721 iugum

609 1750 744 1793 non
803 1734 1063 1792 tantum
1116 1721 1239 1788 sibi
1284 1722 1455 1787 male
1499 1722 1867 1789 consulere:
1935 1722 2050 1789 sed
2096 1743 2423 1789 accersere
2462 1721 2552 1787 si-

609 1813 764 1879 mile
806 1810 1084 1877 exitium
1128 1809 1246 1873 toti
1291 1808 1543 1891 populo,
1588 1807 1740 1892 quia
1783 1807 1968 1875 Deus
2010 1808 2320 1874 iniuriam
2365 1827 2552 1873 suam

605 1901 805 1965 latius
849 1896 1229 1963 ulciscetur:
1290 1892 1459 1976 quod
1505 1892 1806 1976 exemplo
1849 1894 2083 1960 Achan
2142 1894 2551 1973 confirmant,

605 1985 722 2069 qui
766 2002 968 2067 quum
1013 1980 1225 2059 solus,
1291 1987 1356 2044 et
1414 1979 1581 2045 clam
1630 1977 1886 2046 furatus
1931 1987 2104 2047 esset
2147 2003 2231 2044 ex
2274 1979 2552 2044 anathe-

608 2078 813 2148 mate,
874 2088 1005 2132 non
1058 2065 1234 2131 solus
1292 2062 1489 2130 subiit
1547 2065 1869 2149 sacrilegii
1928 2065 2031 2131 sui
2074 2085 2388 2149 poenam:
2437 2062 2551 2128 sed

609 2156 776 2222 alios
831 2172 1084 2237 quoque
1142 2171 1359 2216 secum
1427 2148 1661 2226 traxit,
1730 2150 2275 2235 quemadmodum
2335 2150 2552 2217 visum

606 2240 739 2307 fuit
773 2236 1084 2322 quosdam
1120 2234 1431 2303 cecidisse
1469 2237 1535 2301 in
1573 2236 1730 2316 acie,
1768 2257 1995 2304 omnes
2030 2245 2252 2303 autem
2277 2235 2554 2319 turpiter

610 2327 813 2392 fuisse
869 2325 1154 2408 fugatos,
1223 2321 1376 2405 quia
1431 2323 1501 2386 in
1561 2321 1802 2406 populo
1867 2321 2192 2389 residebat
2253 2320 2550 2406 polluti0.

609 2409 1117 2478 Ratiocinantur
1158 2416 1379 2473 autem
1424 2429 1463 2472 a
1497 2408 1735 2474 minori
1778 2407 1859 2473 ad
1904 2408 2145 2474 maius:
2194 2405 2271 2473 Si
2315 2408 2551 2491 fiagra-

610 2498 710 2563 vit
763 2497 863 2562 ira
919 2493 1045 2561 Dei
1100 2504 1328 2557 contra
1384 2492 1623 2558 multos
1687 2493 1768 2559 ob
1821 2493 2303 2560 clandestinum
2360 2493 2553 2558 unius

609 2582 894 2650 hominis
938 2579 1348 2656 maleficium,
1393 2579 1600 2644 multo
1642 2579 1861 2644 minus
1903 2580 2174 2663 impune
2218 2600 2552 2645 cessurum

610 2667 881 2754 populo,
926 2666 985 2731 si
1029 2665 1442 2731 manifestam
1484 2662 1920 2730 idololatriam
1965 2664 2348 2732 dissimulet.
2437 2663 2551 2728 In-

610 2755 851 2820 seritur
895 2768 1116 2816 tamen
1167 2746 1382 2814 media
1425 2749 1782 2830 sententia,
1825 2758 1901 2815 ut
1943 2750 1998 2815 si
2043 2750 2249 2815 altare
2293 2758 2550 2815 exstru-

612 2841 832 2907 xerint
852 2836 1020 2902 duae
1056 2836 1268 2900 tribus
1311 2853 1462 2899 cum
1508 2833 1792 2913 dimidia,
1838 2856 1913 2902 ac
1956 2836 2014 2901 si
2056 2834 2337 2901 deterior
2380 2843 2553 2900 esset

611 2944 840 2991 earum
884 2920 1200 2995 conditio,
1260 2919 1414 3003 quia
1455 2940 1588 2985 non
1633 2920 2005 2987 habitarent
2047 2922 2114 2986 in
2161 2930 2339 2986 terra
2382 2919 2552 2987 oha-

610 3033 805 3087 naan‚
851 3007 1124 3074 veniant
1168 3013 1235 3070 et
1278 3005 1608 3089 potiantur
1650 3007 1830 3088 ipsae
1871 3027 2122 3090 quoque
2158 3014 2336 3072 terra
2378 3004 2551 3071 Cha-

610 3119 801 3175 naan,
847 3116 931 3160 ne
1021 3113 1180 3158 rava
1224 3090 1655 3157 aemulatione
1678 3092 1895 3157 Deum
1938 3100 2313 3175 provocent.
2370 3091 2551 3157 Hinc

612 3193 831 3249 autem
886 3179 984 3247 col
1010 3178 1252 3263 igimus
1297 3197 1427 3243 non
1471 3185 1743 3243 ventoso
1790 3176 2008 3261 aliquo
2053 3178 2303 3261 impetu
2346 3176 2549 3243 fuisse

611 3267 986 3343 concitatoS,
1031 3262 1288 3347 quando
1322 3282 1442 3328 sua
1475 3263 1724 3328 iactura
1757 3273 1823 3328 et
1867 3261 2221 3348 dispendi0,
2264 3263 2548 3345 benigne

611 3350 955 3419 admittere
990 3351 1061 3415 in
1105 3349 1481 3416 societatem
1517 3348 1730 3433 parati
1773 3356 1929 3414 sunt
1972 3349 2085 3433 qui
2129 3348 2351 3414 sedem
2394 3346 2550 3413 alibi

611 3448 677 3505 et
722 3434 1118 3502 domicilium
1163 3432 1286 3501 sibi
1332 3443 1810 3518 proposcerant.

784 3606 887 3672 21.
913 3604 1386 3687 Responderunt
1427 3607 1633 3669 autem
1669 3604 1798 3686 filii
1834 3603 2069 3682 Ruben,
2119 3609 2175 3670 et
2209 3604 2335 3687 filii
2382 3604 2548 3684 aad,

610 3699 666 3761 et
697 3691 969 3760 dimidia
1008 3690 1208 3756 tribus
1242 3687 1561 3768 Manasse,
1608 3690 1963 3773 toouutique
2004 3695 2152 3756 sunt
2191 3710 2331 3756 cum
2373 3691 2552 3772 prin-

609 3778 852 3861 cipibus
918 3776 1188 3842 millium
1248 3775 1487 3841 Israel.-
1572 3775 1675 3840 22.
1733 3774 1914 3843 Deus
1982 3776 2237 3842 deorum
2303 3775 2551 3858 Iehova,

611 3864 793 3931 Deus
832 3863 1084 3928 deorum
1107 3860 1337 3927 Iehova
1379 3862 1516 3943 ipse
1559 3862 1742 3940 novit,
1787 3866 1842 3926 et
1878 3861 2091 3927 Israel
2126 3866 2446 3945 coynoseet,
2489 3863 2552 3928 si

601 3970 724 4033 per
766 3947 1177 4028 rebellionem,
1233 3950 1288 4011 et
1343 3946 1406 4012 si
1435 3967 1558 4029 per
1601 3947 2209 4029 praevaricationem
2264 3948 2334 4012 in
2377 3946 2552 4013 Ieho-

612 4056 788 4115 vam,
861 4054 938 4098 ne
999 4053 1206 4097 serves
1271 4053 1383 4098 nos
1463 4032 1567 4098 die
1618 4032 1750 4098 hae.
1851 4031 1954 4097 23.
2020 4030 2095 4097 Si
2147 4033 2553 4115 coyitavimus

612 4120 949 4202 aedificare
982 4117 1155 4183 nobis
1190 4117 1405 4199 altare,
1449 4123 1521 4183 ut
1564 4124 1977 4185 averteremur
2018 4138 2094 4182 ne
2136 4118 2370 4184 iremus
2401 4122 2552 4200 post

616 4205 931 4284 Iebovam,
975 4207 1030 4268 et
1062 4203 1123 4268 si
1156 4203 1241 4269 ad
1282 4203 1729 4270 immolandum
1770 4223 1962 4286 super
2003 4202 2166 4269 illud
2197 4202 2551 4270 holocausta

614 4297 669 4359 et
689 4289 1088 4372 sacrificium,
1124 4294 1180 4354 et
1197 4290 1259 4354 si
1292 4290 1378 4355 ad
1405 4289 1765 4372 faciendum
1803 4309 1996 4373 super
2035 4289 2196 4355 illud
2228 4288 2550 4370 sacrificia

601 4377 1126 4461 prosperitatum,
1186 4374 1414 4441 Iebova
1470 4376 1605 4457 ipse
1659 4375 1960 4458 inquirat.
2048 4375 2149 4440 24.
2196 4374 2286 4440 Et
2327 4377 2387 4441 si
2427 4395 2552 4443 non

604 4462 822 4548 potius
872 4462 1087 4527 timore
1133 4459 1388 4526 huiusce
1441 4461 1536 4525 rei
1583 4460 1845 4544 fecimus
1898 4460 2007 4526 boc
2057 4461 2343 4526 dicendo:
2389 4460 2553 4528 Cras

612 4550 815 4616 dicent
866 4546 992 4628 filii
1032 4546 1222 4612 vestri
1272 4545 1431 4627 siliis
1472 4548 1703 4613 nostris
1744 4546 2025 4613 dicendo:
2077 4547 2244 4627 Quid
2285 4546 2453 4612 vobis
2494 4551 2551 4613 et

617 4632 883 4699 Iehovae
925 4631 1063 4697 Deo
1106 4630 1366 4698 Israel?
1448 4631 1550 4697 25.
1600 4632 1774 4698 Nam
1826 4634 2158 4698 terminum
2190 4633 2411 4713 posuit
2453 4632 2551 4698 Ie-

615 4720 773 4786 hova
795 4720 956 4785 inter
976 4737 1088 4784 nos
1110 4721 1166 4783 et
1185 4737 1294 4783 vos
1323 4716 1451 4799 filii
1475 4717 1713 4795 Ruben,
1751 4723 1806 4784 et
1833 4718 1957 4800 filii
1985 4717 2151 4799 Gad,
2195 4716 2549 4799 Iordanem

615 4827 738 4873 non
780 4810 870 4871 est
911 4802 1080 4870 vobis
1111 4804 1319 4885 portio
1361 4803 1431 4867 in
1475 4802 1730 4868 Iehova:
1781 4807 1837 4869 et
1876 4823 2116 4870 cessare
2155 4803 2392 4886 facient
2425 4804 2553 4887 filii

615 4893 805 4957 vestri
841 4889 1009 4972 filios
1051 4892 1306 4969 nostros,
1350 4893 1422 4953 ut
1461 4908 1586 4954 non
1623 4888 1877 4954 timeant
1920 4889 2231 4956 Iehovaen.
2320 4890 2421 4955 26.
2465 4887 2555 4955 Et

615 4977 928 5043 diximus.-
982 4974 1223 5042 Demus
1279 4994 1443 5039 nunc
1498 4994 1750 5073 operam·
1783 4978 1854 5038 ut
1895 4975 2292 5057 aedificemus
2334 4976 2552 5075 altare,

616 5083 738 5214 ’.Ψ
748 5058 2089 5244 ffihffffifffflffiwfflafks
2108 5060 2555 5229 ἱῖῗῶεΐέἓ

618 5253 761 5310 nos,
827 5237 898 5298 ut
967 5233 1318 5299 serviamus
1372 5236 1721 5298 servitutem
1779 5228 2042 5296 Iehovae
2098 5252 2307 5298 coram
2361 5253 2428 5300 eo
2483 5234 2554 5297 in

619 5317 988 5385 holocaustis
1028 5318 1279 5399 nostris,
1324 5323 1380 5384 et
1416 5318 1487 5383 in
1525 5316 1862 5400 sacrifieiis
1903 5315 2165 5397 nostris,
2202 5322 2257 5383 et
2285 5338 2552 5401 prospe·

1742 417 2485 489 COMMENTARIUS
2531 420 2629 486 IN
2672 419 2952 489 IOSUE
2999 420 3197 490 OAP.
3242 421 3479 487 XXII.

4471 422 4595 489 556

2653 609 2948 675 ritatibus
2999 610 3229 675 nostris
3243 634 3263 673 :
3319 614 3376 674 et
3427 630 3503 675 ne
3556 610 3768 676 dicant
3813 609 3945 692 filii
3997 611 4185 677 vestri
4236 631 4382 679 cras
4434 610 4591 692 filiis

2653 695 2927 760 nostris:
2976 694 3122 760 Non
3163 700 3256 760 est
3297 694 3467 759 vobis
3498 714 3665 778 pars
3708 695 3777 760 in
3821 694 4069 762 Iebova.
4136 696 4238 763 28.
4283 696 4592 765 Diximus

2653 781 2899 861 itaque:
2941 779 3027 845 Et
3082 781 3234 856 erit,
3292 781 3353 845 si
3396 780 3673 847 dixerint
3727 780 3904 847 nobis
3947 787 4060 848 aut
4095 782 4590 866 yenerationibus

2653 865 2889 931 nostris
2907 886 3068 946 cras,
3103 870 3238 931 tum
3261 866 3569 932 dicemus:
3613 865 3825 934 Videte
3857 867 4335 934 similitudinem
4366 866 4591 934 altaris

2656 949 2917 1016 Iehovae
2978 951 3143 1033 quod
3192 955 3474 1033 fecerunt
3510 956 3734 1033 patres
3786 954 4015 1031 nostri,
4083 973 4208 1018 non
4248 973 4377 1034 pro
4428 952 4589 1020 bolo-

2655 1040 2881 1115 causto,
2925 1057 3115 1119 neque
3145 1057 3273 1118 pro
3312 1037 3634 1119 sacrificio,
3678 1037 3790 1103 sed
3829 1043 3898 1103 ut
3939 1039 4111 1104 testis
4151 1040 4237 1104 sit
4278 1039 4441 1103 inter
4481 1058 4592 1105 nos

2656 1125 2712 1187 et
2743 1142 2868 1187 vos.
2914 1121 3016 1188 29.
3054 1121 3243 1187 Absit
3275 1144 3318 1187 a
3351 1121 3528 1188 nobis
3547 1127 3621 1187 ut
3650 1122 4007 1190 rebellemus
4040 1129 4252 1191 contra
4275 1122 4589 1204 Iebovam,

2655 1212 2712 1272 et
2766 1213 3122 1273 avertamur
3171 1206 3350 1273 hodie
3405 1227 3479 1273 ne
3531 1228 3748 1273 eamus
3788 1213 3937 1290 post
3982 1208 4308 1288 Iehovam,
4371 1209 4589 1292 aedifi-

2656 1293 2852 1391 cando
2904 1292 3106 1359 altare
3148 1314 3273 1376 pro
3324 1292 3683 1373 holocausto,
3714 1313 3840 1392 pro
3880 1293 4194 1394 oblatione,
4238 1301 4296 1360 et
4327 1315 4453 1378 pro
4492 1316 4591 1363 sa·

2655 1378 3012 1529 m
2957 1378 3127 1528 Ἥ
3154 1376 3944 1561 neaeram
3877 1381 4277 1533 mesae
4310 1385 4592 1533 saa-“²²⁶⁶

2655 1550 2966 1629 sacerdos,
3009 1554 3066 1615 et
3088 1569 3415 1633 principes
3455 1554 3676 1629 coetus,
3719 1554 4046 1634 capitaque
4086 1552 4359 1618 millium
4379 1549 4592 1619 Israel

2656 1636 2767 1716 qui
2830 1654 2970 1700 cum
3034 1655 3102 1700 eo
3156 1639 3335 1701 erant
3348 1686 3362 1712 ‚
3427 1635 3612 1701 verba
3663 1656 3820 1716 quae
3875 1637 4114 1719 loquuti
4159 1637 4418 1720 fuerant
4465 1637 4591 1719 filii

2659 1719 2897 1798 Ruben,
2942 1724 3000 1784 et
3026 1719 3157 1801 lilii
3183 1720 3348 1796 Gad,
3393 1726 3449 1786 et
3484 1721 3612 1802 filii
3645 1719 3965 1801 Manasse,
4008 1722 4244 1804 placuit
4282 1724 4354 1788 in
4395 1722 4592 1789 oculis

2657 1825 2884 1871 eorum.
2941 1806 3044 1871 31.
3073 1805 3378 1889 Dixitque
3416 1804 3685 1873 Phinees
3722 1806 3903 1888 filius
3935 1806 4214 1874 Eleazar
4253 1809 4592 1874 sacerdotis

2653 1890 2814 1972 filiis
2860 1889 3113 1969 Ruben,
3170 1895 3226 1956 et
3261 1891 3423 1974 filiis
3463 1891 3640 1970 Gad,
3692 1896 3747 1958 et
3784 1892 3946 1974 filiis
3990 1892 4322 1959 Manasse:
4382 1892 4591 1959 Hodie

2657 1977 2944 2042 novimus
2997 1977 3160 2059 quod
3215 1977 3283 2042 in
3338 1978 3540 2043 medio
3595 1980 3791 2044 nostri
3838 1979 3926 2043 sit
3966 1978 4217 2057 Ielzova,
4261 1978 4424 2061 quod
4465 2000 4590 2045 non

2645 2062 3076 2144 praevaricati
3177 2063 3324 2128 sitis
3411 2068 3621 2129 contra
3711 2062 4010 2130 Iekovam
4085 2065 4590 2146 praevaricatio-

2655 2340 2773 2385 zar
2828 2320 3188 2399 sacerdotis,
3246 2324 3301 2385 et
3340 2320 3666 2401 principes
3715 2320 3818 2386 illi
3872 2340 3915 2385 a
3967 2320 4128 2403 filiis
4163 2320 4410 2398 Ruben,
4456 2326 4513 2387 et
4547 2342 4590 2387 a

2652 2403 2814 2485 filiis
2860 2403 3037 2483 Gad,
3096 2405 3171 2471 de
3226 2410 3396 2469 terra
3445 2404 3673 2470 Gilead
3724 2405 3812 2471 ad
3866 2410 4102 2472 terram
4147 2405 4456 2472 Cbanaan
4503 2406 4594 2473 ad

2654 2490 2928 2571 reliquos
2964 2490 3135 2572 filios
3178 2489 3401 2568 Israel,
3446 2495 3503 2555 et
3543 2490 3882 2556 retulerunt
3922 2492 4015 2557 eis
4055 2512 4205 2558 rem,
4278 2492 4381 2558 33.
4434 2490 4592 2559 Pla-

2656 2575 3527 2744 ssssssf‘sszifflssfflisse'isse‘ffl
3550 2596 3694 2727 “amm
3678 2575 4407 2729 &magma
4382 2581 4594 2729 ...Ἥ

2654 2764 2754 2810 eos
2807 2746 2893 2811 ad
3076 2766 3250 2825 nam,
3305 2752 3377 2812 ut
3429 2748 3855 2829 disperderent
3902 2752 4133 2814 terram
4182 2750 4255 2815 in
4302 2769 4431 2831 qua
4465 2749 4593 2829 filii

2657 2830 2878 2897 Ruben
2920 2835 2975 2896 et
3061 2832 3139 2900 lii
3186 2831 3333 2898 Gad
3373 2831 3755 2899 habitabant.
3808 2833 3911 2898 34.
3973 2833 4353 2902 Vocaverunt
4386 2839 4594 2900 autem

2649 2915 2778 2998 filii
2821 2916 3040 2982 Ruben
3094 2923 3150 2983 et
3201 2916 3326 2998 filii
3386 2917 3536 2984 aad
3589 2917 3785 2984 altare
3841 2918 3985 2986 Hed
3999 2970 4016 2998 ,
4074 2920 4363 2987 dicendo.-
4426 2919 4596 3003 Quia

2653 3003 2827 3069 testis
2869 3003 2987 3069 erit
3028 3005 3190 3070 inter
3232 3024 3345 3070 nos
3385 3003 3549 3085 quod
3584 3001 3812 3069 Iebova
3852 3009 3943 3071 est
3983 3004 4181 3071 Deus.

2822 3174 2926 3239 21.
2968 3173 3444 3258 Responderunt
3483 3180 3708 3242 autem.
3770 3175 4000 3242 Status
4044 3197 4278 3242 causae
4319 3178 4389 3242 in
4433 3176 4590 3242 defi-

2653 3259 2902 3325 nitione
2963 3270 3276 3327 versatur.
3363 3261 3703 3327 Excusant
3746 3262 3920 3326 enim
3962 3261 4082 3327 filii
4125 3261 4361 3327 Ruben
4379 3313 4396 3341 ,
4443 3261 4593 3328 Gad

2653 3354 2721 3410 et
2777 3345 3118 3422 Manasse,
3175 3344 3296 3412 sibi
3352 3346 3552 3411 alium
3610 3346 3814 3412 fuisse
3869 3347 4195 3428 animum,
4251 3356 4446 3432 atque
4498 3349 4596 3414 ita

2652 3431 2901 3497 crimen
2951 3431 3251 3497 diluitur:
3311 3433 3464 3514 quia
3506 3432 3636 3498 alia
3679 3442 3781 3498 est
3825 3433 3979 3498 facti
4021 3433 4335 3517 qualitas,
4395 3455 4592 3517 quam

2653 3516 2766 3582 alii
2810 3518 3144 3601 putabant.
3235 3514 3428 3597 Quod
3465 3528 3684 3583 autem
3727 3539 3858 3583 non
3909 3518 4425 3600 tumultuantur,
4474 3538 4595 3584 nec

2652 3603 2942 3687 iurgium
2974 3610 3239 3668 movent
3280 3603 3361 3670 ob
3404 3604 3639 3668 factam
3682 3603 3805 3669 sibi
3848 3604 4172 3683 iniuriam,
4220 3604 4598 3688 exemplum

2654 3695 2756 3754 est
2790 3709 2976 3755 rarae
3010 3686 3363 3754 modestiae
3449 3689 3576 3754 uod
3620 3688 3806 3755 nobis
3850 3687 3933 3755 ad
3977 3689 4406 3756 imitationem
4446 3711 4598 3774 pro-

2655 3774 2954 3856 ponitur,
3005 3782 3078 3839 ut
3120 3773 3177 3839 si
3222 3795 3394 3858 quan
3441 3796 3478 3839 o
3520 3774 3765 3841 iniuste
3807 3782 3874 3841 et
3914 3775 4075 3840 falso
4115 3774 4284 3859 quod
4329 3786 4507 3843 recte
4552 3796 4595 3842 a

2656 3859 2842 3926 nobis
2902 3860 3144 3925 factum
3202 3868 3301 3925 est
3342 3860 3701 3944 vituperari
3746 3859 3827 3926 ab
3870 3861 4190 3943 imperitis
4233 3862 4590 3947 contingat,

2653 3943 2840 4011 nobis
2882 3944 3164 4012 sufficiat
3197 3945 3770 4029 reprehensionem
3811 3946 3907 4011 ita
3950 3945 4261 4026 refellere,
4319 3955 4395 4013 ut
4436 3968 4593 4030 pur-

2653 4033 2788 4114 gati
2859 4031 3081 4097 simus.
3181 4031 3388 4097 Porro
3445 4052 3574 4115 quo
3632 4031 3779 4116 plus
3835 4032 3988 4097 fidei
4043 4032 4167 4099 sibi
4224 4034 4590 4116 acquirant,

2654 4116 3014 4199 meliusque
3048 4125 3352 4183 testatam
3386 4116 3626 4183 faciant
3660 4138 3847 4182 suam
3885 4117 4350 4202 integritatem,
4395 4120 4594 4205 gravi

2653 4202 3082 4269 obtestatione
3139 4202 3352 4269 scelus
3405 4202 3589 4268 cuius
3643 4203 3929 4286 suspecti
3983 4213 4173 4268 erant
4224 4225 4263 4268 a
4319 4226 4390 4271 se
4434 4205 4586 4270 reii-

2652 4288 2853 4356 ciunt.
2941 4287 3242 4354 Pondere
3280 4288 3477 4353 etiam
3523 4308 3655 4355 non
3700 4300 3880 4354 caret
3920 4286 4357 4371 ἄναδίπλωσις,
4403 4290 4594 4357 Deus

2654 4374 2921 4441 deorum
2971 4372 3249 4453 Iehova,
3308 4372 3493 4440 Deus
3551 4374 3816 4439 deorum
3861 4372 4144 4455 Iehova,
4202 4397 4334 4459 qua
4389 4377 4591 4443 etiam

2652 4460 3071 4527 vehementia
3140 4460 3530 4526 confirmant
3585 4481 3777 4544 quam
3837 4459 4115 4527 fideliter
4166 4482 4592 4545 perseverare

2653 4545 2922 4630 cupiant
2962 4546 3028 4610 in
3071 4544 3237 4630 legis
3282 4544 3598 4624 doctrina,
3642 4553 3710 4610 et
3751 4555 4152 4631 quantopere
4192 4547 4592 4615 abhorreant

2655 4653 2695 4697 a
2761 4631 3107 4697 contrariis
3156 4630 3743 4714 superstitionibus.
3847 4630 4023 4714 Quia
4080 4642 4300 4698 autem
4361 4655 4591 4701 eorum

2655 4715 2998 4784 consilium
3052 4716 3430 4782 hominibus
3486 4735 3618 4782 non
3661 4715 3958 4800 patebat,
4012 4727 4079 4783 et
4121 4739 4239 4802 pro
4274 4720 4591 4805 cuiusque

2657 4824 2854 4869 sensu
2907 4802 3273 4887 expositum
3327 4811 3470 4868 erat
3512 4802 3712 4868 variis
3755 4803 4114 4884 sententiis,
4154 4802 4300 4871 ideo
4335 4804 4417 4872 ad
4459 4807 4592 4874 Dei

2654 4886 2965 4955 iudicium
3022 4896 3407 4972 provocant,
3465 4909 3661 4972 seque
3714 4889 3999 4956 offerunt
4057 4889 4136 4956 ad
4182 4891 4590 4959 subeundam

2655 4993 2930 5057 poenam
2949 5024 2965 5052 ,
3029 4975 3086 5041 si
3145 4985 3457 5059 agnoscat
3512 4974 3757 5058 aliquid
3815 4996 4158 5060 perperam
4225 4977 4426 5046 fuisse
4465 5000 4586 5066 ag·

2655 5079 2929 5143 gressos.
3035 5059 3386 5126 Caeterum
3444 5070 3523 5126 ut
3574 5060 3852 5144 probent
3906 5083 3976 5129 se
4031 5061 4397 5146 hypocritis
4452 5085 4590 5132 non

2653 5165 2797 5212 esse
2837 5145 3109 5225 similes,
3154 5147 3265 5230 qui
3308 5144 3561 5229 perdita
3601 5146 4012 5231 improbitate
4049 5148 4262 5214 Deum
4304 5150 4587 5219 iudicem

2655 5231 2902 5297 centies
2926 5231 3259 5315 appellant
3282 5253 3481 5315 quum
3518 5240 3742 5298 tamen
3780 5233 3959 5299 intus
4002 5233 4282 5301 convicti
4327 5245 4590 5303 tenean-

2657 5325 2793 5395 tur,
2853 5338 2985 5382 non
3029 5317 3219 5383 modo
3262 5318 3724 5385 conscientiam
3767 5317 4162 5387 obtendunt:
4221 5320 4335 5387 sed
4388 5323 4588 5390 simul
