5017 6142
397 454 521 522 221
1816 454 2221 524 REDITUS
2267 454 2395 521 AD
2437 454 2983 523 HISTORIAM.
4259 462 4392 530 222

406 641 531 710 sibi
578 650 971 710 accerseret:
1015 641 1404 727 praesertim
1447 662 1649 727 quum
1691 642 2112 709 memorabile
2155 642 2350 708 docu-

407 736 711 794 mentum
764 728 896 793 iam
963 729 1213 795 editum
1280 727 1515 795 fuisset
1565 728 1637 793 in
1690 728 1922 795 Nadab
1981 736 2049 793 et
2108 727 2348 794 Abihu.

412 812 769 889 Caeterum
813 813 940 879 Dei
996 814 1304 880 mandato
1357 815 1563 880 fretus
1620 832 1756 880 non
1814 813 2073 880 dubitat
2133 813 2352 879 Moses

410 901 826 1051 ilrjieaperdtium
873 909 1202 966 certamen
1247 898 1670 979 descendere,
1729 919 1859 984 quo
1902 899 2224 964 illustrius
2264 896 2355 965 sit

520 1005 542 1048 1
587 1007 653 1050 ιιι
725 1003 918 1051 cmm.

589 1070 689 1136 18.
732 1069 1035 1136 Tulemnt
1059 1070 1254 1154 iyimr
1286 1070 1567 1153 quisque.
1633 1072 1923 1155 Apparet
1954 1074 2354 1153 quantopere

415 1155 725 1240 superbia
766 1156 1095 1222 excaecati
1132 1155 1384 1221 fuerint
1402 1206 1418 1234 ,
1468 1156 1639 1240 quod
1686 1155 1768 1220 de
1808 1155 1991 1221 exitu
2034 1153 2194 1219 satis
2237 1151 2352 1218 ad·

414 1242 649 1306 moniti
692 1251 827 1306 tam
872 1241 1077 1307 Mosis
1118 1239 1357 1308 fiducia
1400 1260 1592 1323 quam
1647 1239 2090 1324 superioribus
2133 1256 2352 1304 exem—

416 1327 564 1411 plis,
608 1327 933 1393 obstinate
975 1336 1196 1392 tamen
1240 1335 1544 1411 pergunt.
1613 1326 1809 1393 Certe
1850 1326 1908 1392 si
1950 1344 2078 1408 qna
2116 1324 2353 1391 fuisset

418 1411 683 1479 residua
725 1413 795 1476 in
839 1411 971 1476 illis
1014 1421 1204 1497 gutta
1246 1413 1500 1478 timoris
1547 1413 1705 1490 Dei,
1748 1419 2018 1495 repente
2061 1429 2099 1475 e
2141 1409 2352 1474 mani—

416 1497 539 1564 bus
581 1496 979 1564 excidissent
1028 1514 1309 1564 acerrae.
1400 1496 1532 1564 Sed
1590 1496 1852 1563 videtur
1894 1496 2111 1564 Oorah
2168 1494 2354 1578 quasi

417 1582 573 1649 data
648 1602 846 1668 opera
920 1591 1216 1666 captasse
1294 1581 1614 1666 quomodo
1690 1589 2029 1649 excuteret
2089 1600 2351 1647 omnem

416 1677 685 1748 metum,
721 1688 916 1751 seque
996 1688 1219 1734 rorsus
1254 1668 1787 1753 obstupefaceret.
1848 1667 2016 1733 Nam
2056 1666 2354 1750 proximo

416 1774 617 1820 versu
662 1761 889 1819 narrat
983 1774 1127 1820 oses
1169 1773 1298 1837 quo
1341 1763 1659 1838 apparatu
1704 1775 1775 1820 se
1817 1753 2238 1820 obduraverit
2270 1750 2353 1816 ad

417 1840 913 1915 contumaciam,
957 1839 1334 1923 priusquam
1379 1839 1672 1906 suffitum
1704 1839 1984 1905 offerret.
2051 1837 2353 1904 Attraxit

419 1926 595 1993 euim
637 1924 952 2009 populum
996 1925 1061 1989 in
1107 1945 1292 1991 suam
1335 1924 1687 1992 factionem
1709 1977 1724 2005 ,
1791 1934 1867 1990 ut
1907 1922 2213 2007 splendor
2246 1942 2352 1990 co-

418 2010 691 2076 mitatus
745 2008 1049 2076 obrueret
1106 2011 1470 2094 oppositam
1516 2010 1643 2076 Dei
1700 2010 1995 2094 gratiam.
2086 2008 2167 2073 In
2224 2027 2354 2092 quo

422 2117 656 2162 rursus
677 2096 1066 2179 perspicitur
1099 2096 1240 2162 eius
1271 2096 1575 2176 amentia,
1614 2097 1770 2162 dnm
1807 2117 1878 2163 se
1912 2094 2097 2179 vulgi
2131 2094 2355 2160 favore

422 2182 688 2247 munire
742 2190 954 2246 tentat
1009 2192 1238 2247 eontra
1297 2183 1511 2248 Deum
1529 2233 1546 2260 ,
1610 2201 1685 2248 ac
1741 2181 1797 2248 si
1862 2180 2115 2248 obiecto
2174 2179 2354 2244 fumo

423 2266 627 2333 vellet
667 2267 824 2333 solis
867 2266 1077 2333 lucem
1122 2268 1556 2353 exstinguere.
1646 2267 1851 2334 Porro
1894 2266 2219 2334 discamus
2261 2264 2355 2329 ita

424 2354 568 2419 eius
612 2352 958 2418 stultitiam
1005 2348 1348 2435 damnare,
1393 2375 1476 2419 ne
1518 2352 1674 2437 quid
1719 2350 1930 2418 simile
1972 2350 2161 2417 nobis
2199 2370 2352 2416 con·

423 2439 655 2523 tingat.
766 2436 1016 2503 Eodem
1096 2439 1271 2504 enim
1350 2438 1576 2505 morbo
1654 2439 1955 2505 laborant
2028 2434 2354 2502 ambitiosi

419 2542 679 2604 omnes,
729 2521 1028 2588 venando
1065 2523 1400 2590 bominum
1452 2525 1733 2610 gratiam
1770 2523 2170 2591 contrahunt
2204 2538 2356 2586 suas

419 2610 677 2693 copias.·
751 2607 828 2674 Si
874 2608 1004 2675 illis
1049 2609 1382 2693 applaudit
1422 2610 1709 2687 mundus
1765 2610 2175 2675 inebriantur
2218 2605 2354 2672 exi·

418 2694 570 2761 tiali
613 2694 884 2771 fiducia,
940 2706 1013 2759 ut
1067 2695 1138 2759 in
1198 2697 1406 2761 nubes
1461 2696 1635 2779 ipsas
1676 2705 2062 2778 conspuant.
2148 2691 2356 2776 Atqui

417 2781 622 2868 paulo
675 2789 826 2864 post
884 2778 1250 2846 videbimus
1268 2832 1284 2861 ,
1341 2790 1417 2847 ιιι
1474 2782 1656 2848 Deus
1712 2782 1852 2848 solo
1907 2783 2066 2846 flatu
2122 2778 2357 2862 impias

420 2887 654 2933 omnes
731 2865 1243 2948 conspirationes
1320 2864 1611 2951 dissipet.
1720 2868 1826 2933 Ab
1892 2867 2101 2933 altera
2172 2869 2357 2947 parte

421 2951 614 3018 nobis
655 2951 740 3017 ob
783 2950 1006 3017 oculos
1063 2953 1329 3034 ponitur
1370 2952 1717 3036 popularis
1775 2952 2024 3019 levitas.
2066 2978 2073 2986 ·
2116 2950 2356 3033 Aliquo

418 3039 561 3105 iam
604 3046 898 3121 tempore
932 3036 1281 3103 assuefacti
1316 3039 1576 3104 fuerant
1609 3058 1837 3105 omnes
1872 3038 1952 3103 ad
1988 3036 2354 3122 legitimum

421 3121 880 3203 sacerdotium,
915 3121 1082 3205 quod
1107 3122 1397 3190 sciebant
1419 3123 1734 3190 divinitus
1768 3124 2143 3207 institutum
2183 3137 2351 3187 esse:

419 3229 560 3275 nox
618 3216 877 3275 tantum
930 3230 1064 3274 una
1119 3208 1463 3275 intercedit
1516 3230 1720 3294 quum
1779 3208 1861 3275 ad
1907 3209 2074 3276 Oore
2117 3206 2355 3273 descis-

391 3297 598 3361 cunt.
684 3295 780 3360 Et
819 3302 994 3360 certe
1036 3302 1113 3359 ut
1153 3295 1235 3359 ad
1279 3304 1456 3361 recte
1513 3295 1836 3380 agendum
1893 3301 2132 3361 natura
2183 3290 2357 3442 piar}

419 3400 688 3459 snmus,
747 3380 838 3445 ita
894 3378 976 3445 ad
1032 3381 1278 3446 malum
1326 3389 1655 3448 momento
1696 3381 2024 3465 rapimur,
2081 3379 2252 3445 simu

419 3464 757 3550 improbus
799 3465 1120 3548 quispiam
1164 3466 1503 3532 sustulerit
1543 3466 1843 3552 digitum.

595 3552 697 3618 21.
754 3549 1055 3634 Separate
1093 3571 1217 3618 vos.
1303 3551 1555 3618 Iterum
1612 3553 2006 3636 pronunciat
2043 3551 2232 3616 Deus
2284 3567 2356 3613 se

417 3646 679 3703 tantam
714 3636 940 3722 populi
973 3637 1373 3720 impietatem
1407 3638 1652 3704 diutius
1686 3660 1816 3705 uon
1857 3638 2162 3717 laturum,
2198 3634 2356 3718 quin

420 3743 656 3789 omnes
699 3721 779 3789 ad
824 3743 1028 3788 unum
1073 3718 1302 3790 deleat.
1371 3721 1582 3791 Sicuti
1622 3742 1780 3810 ergo
1823 3724 1954 3790 Lot
1995 3723 2213 3788 iussus
2256 3727 2359 3786 est

425 3807 718 3877 Sodoma
772 3807 1118 3887 excedere,
1171 3809 1308 3875 imo
1351 3809 1570 3896 angeli
1612 3830 1811 3876 manu
1857 3816 2193 3876 extractus
2236 3813 2354 3884 est,

422 3915 628 3979 quum
671 3893 875 3960 vellet
917 3892 1102 3961 Deus
1143 3892 1418 3979 perdere
1473 3897 1699 3963 urbem
1751 3896 1929 3962 illam
1949 3947 1965 3976 ,
2028 3895 2124 3961 ita
2181 3912 2358 3959 nunc

423 3981 662 4048 Mosen
707 3987 775 4046 et
818 3978 1088 4045 Aharon
1140 3982 1317 4047 viam
1372 3981 1555 4049 iubet
1596 3982 1733 4048 irae
1771 4002 1928 4048 suae
1971 3980 2353 4065 patefacere.

425 4065 579 4149 Qua
620 4066 690 4131 in
736 4085 808 4131 re
850 4065 1247 4151 singularem
1293 4087 1450 4153 erga
1492 4069 1666 4153 ipsos
1707 4068 2000 4135 favorem
2035 4063 2354 4132 declarat:

418 4172 500 4220 ac
556 4152 611 4219 si
669 4150 839 4218 liber
895 4171 1026 4217 non
1091 4160 1264 4218 esset
1332 4154 1413 4218 ad
1479 4153 1910 4219 exercendam
1980 4151 2353 4229 vindictam,

419 4238 629 4305 donec
671 4258 710 4305 e
754 4237 969 4303 medio
1025 4240 1447 4319 recesserint,
1499 4259 1582 4304 ne
1635 4238 1852 4306 clades
1895 4259 2005 4305 eos
2048 4238 2352 4323 attingat.

418 4325 633 4392 Porro
689 4323 782 4391 sic
839 4323 1157 4407 loquendo
1215 4344 1345 4390 nou
1389 4324 1685 4390 absolute
1729 4324 2017 4392 affirmat
2073 4324 2230 4407 quid
2286 4325 2353 4388 in

418 4428 659 4478 arcano
694 4430 811 4477 suo
848 4409 1119 4476 consilio
1157 4412 1479 4490 statuerit,
1524 4409 1637 4477 sed
1672 4420 1929 4477 tantum
1967 4411 2357 4495 pronunciat

420 4497 577 4582 quid
622 4495 840 4562 meriti
883 4495 1019 4561 sint
1060 4494 1322 4562 sceleris
1358 4504 1635 4564 autores.
1702 4496 1985 4562 Perinde
2020 4498 2225 4582 igitur
2257 4503 2357 4562 est

420 4603 499 4649 ac
551 4583 607 4649 si
648 4579 848 4648 iudex
904 4580 1192 4646 tribunal
1249 4582 1728 4649 conscenderet.
1816 4583 1918 4648 Ita
1960 4583 2183 4650 Moses
2236 4601 2357 4647 sua

416 4666 885 4736 intercessione
930 4675 1268 4733 aeternum
1310 4666 1490 4733 illius
1534 4668 1864 4736 decretum
1900 4669 2168 4734 minime
2210 4689 2354 4734 mu-

421 4757 627 4819 tavit:
700 4751 817 4820 sed
881 4772 1030 4818 eum
1102 4752 1417 4836 placando
1480 4756 1789 4839 populum
1848 4775 1887 4820 a
1954 4774 2166 4841 poena
2227 4775 2357 4839 qua

425 4840 665 4924 dignus
732 4846 876 4904 erat
939 4838 1260 4905 liberavit.
1362 4839 1508 4905 Hac
1573 4842 1825 4907 ratione
1888 4841 2128 4909 dicitur
2180 4841 2354 4907 flecti

422 4927 608 4993 Deus
664 4924 904 4990 nostris
963 4925 1290 5008 precibus:
1357 4946 1489 4991 non
1555 4926 1723 5011 quod
1783 4946 1959 4993 more
2017 4926 2356 4991 hominum

425 5031 632 5078 novos
688 5010 959 5077 affectus
1011 5009 1269 5090 induat,
1328 5012 1440 5077 sed
1499 5022 1572 5078 ut
1631 5030 1918 5077 amorem
1974 5011 2120 5095 plus
2162 5033 2357 5096 quam

421 5110 773 5183 paternum
836 5116 965 5180 quo
1031 5116 1147 5162 nos
1212 5096 1524 5182 dignatur
1585 5098 1920 5177 ostendat,
1986 5098 2142 5163 dum
2203 5109 2360 5165 vota

424 5194 655 5252 nostra
716 5181 1123 5248 exaudiendo
1186 5182 1659 5266 quodammodo
1716 5183 1899 5250 nobis
1962 5184 2357 5268 obsequitur.

423 5270 603 5336 Hinc
669 5267 1038 5353 colligimus
1103 5267 1227 5333 hac
1290 5277 1422 5334 tam
1504 5269 1796 5352 praecisa
1860 5269 2360 5338 denunciatione

427 5357 663 5424 Mosen
709 5375 840 5419 non
883 5354 1082 5420 fuisse
1139 5352 1537 5438 prohibitum
1583 5353 1664 5420 ab
1718 5354 1994 5421 orando:
2050 5357 2203 5439 quia
2245 5378 2357 5422 ex·

2452 664 2644 712 cussa
2687 664 2819 710 non
2863 643 2986 709 fuit
3028 643 3187 711 fides
3232 644 3311 711 de
3355 646 3701 732 adoptione
3742 649 3985 733 populi.
4076 648 4386 720 Diximus

2453 729 2630 795 enim
2674 729 3070 815 principium
3114 729 3274 796 illud
3317 732 3408 795 ita
3450 733 3715 816 penitus
3749 734 4149 816 insculptum
4185 735 4386 804 fuisse

2454 815 2597 882 eius
2667 817 2920 893 animo,
2983 815 3245 880 irritum
3303 837 3433 882 non
3493 837 3680 903 posse
3737 820 3878 884 fieri
3934 820 4158 887 foedus
4214 819 4385 905 quod

2453 920 2603 968 cum
2651 899 2981 967 Abraham
3038 899 3223 966 Deus
3280 902 3649 986 pepigerat,
3706 914 3784 968 ut
3836 923 4257 990 quaecunque
4315 928 4387 974 se

2454 985 2840 1069 ingerebant
2903 985 3238 1052 obstacula
3303 988 3683 1054 transiliret.
3803 988 3980 1074 Ergo
4058 992 4386 1075 gratuitae

2453 1071 2870 1156 promissioni
2891 1071 3176 1150 innixus,
3212 1092 3378 1155 qnae
3400 1074 3480 1138 ab
3503 1072 3875 1140 hominibus
3896 1095 4025 1141 non
4049 1076 4387 1159 pendebat,

2452 1156 2893 1241 precationem
2937 1177 3020 1221 ex
3062 1156 3191 1222 fide
3232 1158 3544 1243 concepit.
3614 1158 3836 1243 Neque
3872 1161 4047 1225 enim
4084 1161 4388 1230 distincte

2455 1261 2715 1327 semper
2770 1250 2835 1307 et
2891 1240 3216 1307 subtiliter
3270 1243 3741 1309 ratiocinantur
3784 1246 3992 1312 sancti
4036 1243 4115 1311 de
4157 1248 4383 1314 orandi

2453 1326 2696 1393 forma:
2747 1326 2861 1392 sed
2920 1342 3258 1411 postquam
3314 1329 3515 1394 semel
3563 1330 3847 1414 amplexi
3898 1341 4053 1397 snut
4096 1333 4266 1415 quod
4304 1334 4386 1399 ad

2454 1411 2761 1496 precandi
2805 1412 3108 1478 fiduciam
3154 1412 3287 1480 illis
3330 1413 3574 1482 sufficit
3595 1415 3724 1481 Dei
3766 1417 4062 1496 verbum,
4106 1418 4201 1484 sic
4245 1428 4386 1485 tota

2454 1499 2819 1564 attentione
2850 1497 3007 1563 illuc
3042 1498 3345 1564 feruntur
3367 1510 3442 1565 ut
3460 1509 3875 1585 praetereant
3895 1520 4059 1585 quae
4082 1502 4387 1569 videntur

2453 1583 2525 1649 in
2561 1584 2836 1668 speciem
2877 1602 3188 1668 pugnare.
3251 1584 3391 1652 Nec
3433 1606 3592 1651 vero
3637 1583 3904 1651 dubium
3940 1597 4038 1653 cst
4072 1589 4229 1671 quin
4254 1589 4382 1656 Dei

2454 1668 2793 1735 consilium
2857 1669 3088 1748 fuerit,
3156 1689 3356 1754 quum
3421 1669 3504 1736 de
3565 1671 3791 1755 populi
3855 1672 4123 1738 interitu
4179 1674 4385 1741 ferret

2455 1754 2812 1820 terribilem
2871 1756 3262 1822 sententiam
3279 1806 3295 1833 ,
3354 1755 3588 1822 Mosen
3644 1776 3881 1823 acuere
3936 1756 4019 1822 ad
4073 1759 4385 1842 precandi

2454 1839 2746 1906 studium
2763 1889 2780 1920 ,
2837 1840 3030 1907 sicuti
3089 1841 3441 1907 necessitas
3495 1841 3705 1906 zelum
3760 1844 4013 1926 piorum
4056 1846 4266 1928 magis
4309 1864 4387 1911 ac

2456 1927 2666 2011 magis
2722 1924 3034 1991 accendit.
3124 1925 3207 1990 In
3267 1946 3557 2006 summa,
3617 1926 3837 1994 Moses
3896 1939 4210 2013 perpetuo
4257 1928 4385 1996 fuit

2455 2011 2558 2077 sui
2601 2010 2834 2077 similis
2875 2012 2947 2075 in
2990 2010 3280 2077 curanda
3320 2012 3541 2095 populi
3586 2013 3814 2079 salute.

2623 2096 2726 2162 22.
2764 2095 2963 2175 Deus,
2999 2095 3177 2164 Deus
3207 2098 3565 2179 spirituum.
3633 2097 3826 2164 Prius
3864 2118 4097 2164 nomen
4142 2088 4227 2169 ‘m
4267 2122 4382 2167 ve-

2453 2189 2561 2249 tus
2605 2182 2928 2265 interpres
2971 2181 3363 2265 appellative
3405 2184 3669 2268 accepit,
3711 2204 3899 2267 quem
3936 2187 4193 2267 sequuti
4230 2195 4382 2252 sunt

2455 2267 2567 2332 alii
2611 2267 2896 2352 quidam.
2993 2268 3136 2352 Ego
3182 2277 3396 2333 tamen
3433 2271 3653 2352 potius
3688 2270 3990 2334 existimo
4026 2271 4384 2338 vehemen-

2455 2353 2588 2418 tiae
2635 2372 2832 2419 causa
2880 2354 3103 2418 iterari
3143 2353 3266 2419 Dei
3328 2371 3588 2419 nemen.
3663 2353 3855 2434 Quod
3901 2363 4121 2420 autem
4166 2359 4384 2425 carnis

2455 2458 2692 2504 nomen
2737 2458 2963 2504 omnes
3000 2439 3066 2504 in
3112 2438 3402 2524 genitivo
3446 2438 3749 2519 reddunt,
3793 2440 4126 2505 obscurius
4171 2443 4386 2508 visum

2457 2524 2621 2588 mihi
2666 2538 2782 2591 est.
2862 2522 3191 2607 Quoniam
3240 2545 3392 2591 vero
3568 2524 3690 2591 hoc
3733 2523 3872 2592 loco
3917 2546 4045 2590 non
4091 2547 4233 2593 esse
4278 2548 4384 2594 su-

2457 2629 2857 2694 pervacuum
2894 2610 3190 2690 arbitror,
3227 2608 3341 2676 scd
3385 2610 3553 2675 sumi
3591 2630 3708 2694 pro
3744 2624 3804 2692 2,
3847 2620 3925 2675 ut
3969 2630 4163 2694 saepe
4202 2612 4385 2693 alias,

2460 2716 2724 2762 sensum
2772 2695 3048 2761 fideliter
3083 2696 3394 2780 expressi,
3437 2695 3785 2762 vertendo:
3830 2695 3911 2761 In
3947 2697 4126 2761 omni
4169 2718 4383 2764 carne.

2458 2781 2669 2848 Porro
2728 2781 2996 2847 dubium
3047 2802 3180 2847 non
3230 2791 3330 2847 est
3372 2780 3528 2865 quin
3575 2782 3696 2848 hoc
3745 2782 3867 2849 Dei
3913 2781 4254 2865 epitheton
4300 2783 4381 2850 ad

2459 2877 2868 2952 praesentem
2912 2886 3175 2933 causam
3199 2866 3417 2933 Moses
3454 2867 3924 2935 accommodet:
3969 2887 4044 2934 ac
4087 2867 4145 2933 si
4166 2867 4387 2935 Deum

2460 2952 2660 3021 vellet
2697 2952 3006 3020 inducere
3049 2951 3133 3019 ad
3174 2949 3570 3018 servandum
3614 2974 3780 3038 opus
3823 2973 4048 3020 suum:
4096 2953 4264 3019 sicut
4305 2955 4384 3020 fi-

2458 3039 2654 3124 gulus
2699 3038 2875 3105 vasis
2910 3057 2948 3103 a
2983 3058 3054 3104 se
3089 3038 3379 3104 formatis
3415 3039 3638 3123 parcit.
3705 3039 3955 3105 Eodem
4001 3038 4211 3105 tendit
4243 3039 4385 3106 Isa-

2459 3125 2560 3191 iae
2593 3125 2876 3208 precatio
2940 3122 3070 3211 (64,
3128 3123 3229 3211 8):
3283 3124 3475 3191 Nunc
3531 3143 3686 3209 ergo
3742 3125 4008 3204 Iehova,
4063 3139 4138 3190 tu
4197 3133 4387 3213 pater

2458 3219 2683 3277 noster
2716 3231 2805 3289 es,
2839 3210 3135 3294 quamvis
3170 3211 3374 3277 simus
3410 3210 3655 3275 lutum:
3689 3218 3763 3275 tu
3800 3229 3870 3276 es
3901 3210 4217 3276 formator
4238 3231 4386 3278 nos-

2459 3303 2595 3377 ter,
2651 3304 2719 3362 et
2761 3316 2987 3362 omnes
3030 3315 3257 3363 sumus
3300 3315 3463 3380 opus
3506 3315 3740 3362 manus
3782 3305 3966 3361 tuae:
4018 3317 4100 3362 ne
4142 3295 4383 3363 irasca-

2458 3382 2552 3449 ris
2605 3401 2807 3467 supra
2863 3380 3147 3447 modum.
3239 3379 3585 3446 Materiam
3645 3381 3822 3446 euim
3886 3379 4021 3446 illic
4077 3381 4386 3466 proponit

2457 3486 2576 3534 cur
2621 3468 2803 3534 Deus
2862 3466 2942 3533 ad
3001 3465 3509 3533 misericordiam
3567 3466 3870 3532 flexibilis
3913 3475 3981 3532 et
4022 3486 4386 3552 propensus

2457 3572 2602 3620 esse
2645 3552 2904 3634 debeat,
2961 3553 3087 3618 nisi
3132 3552 3302 3637 quod
3345 3573 3377 3617 s
3426 3552 3696 3619 ecialem
3739 3551 3866 3618 Dei
3911 3553 4211 3637 gratiam,
4257 3573 4385 3637 qua

2452 3641 2761 3725 populum
2807 3638 3148 3723 amplexus
3191 3646 3333 3704 erat
3423 3658 3556 3719 eus,
3589 3637 3796 3706 Isaiae
3830 3638 4121 3722 attingit:
4169 3637 4387 3704 Moses

2454 3734 2675 3793 autem
2715 3724 2912 3790 latius
2946 3744 3313 3790 sermonem
3359 3723 3672 3804 extendit,
3708 3743 3946 3806 nempe
3987 3723 4069 3788 ad
4113 3743 4383 3808 genera-

2455 3812 2583 3878 lem
2616 3811 2891 3895 gratiam
2927 3811 3296 3877 creationis.
3365 3809 3523 3878 Sive
3557 3819 3779 3889 autem
3816 3809 3897 3874 de
3940 3810 4193 3875 cunctis
4238 3810 4383 3874 ani-

2456 3898 2769 3977 malibus,
2830 3897 2973 3962 sive
3032 3904 3293 3961 tantum
3350 3894 3429 3961 de
3478 3915 3716 3979 genere
3770 3896 4061 3960 humano
4105 3893 4229 3961 hoc
4265 3914 4383 3960 ex·

2455 4003 2698 4070 ponere
2756 3980 2987 4065 libeat,
3044 4001 3274 4066 parum
3332 3981 3640 4046 interest:
3709 3980 3862 4064 quia
3923 3988 4183 4047 tantum
4242 3989 4388 4045 orat

2456 4071 2694 4149 Moses,
2750 4087 2954 4152 quum
2998 4067 3180 4133 Deus
3223 4076 3476 4132 creator
3519 4066 3606 4131 sit
3650 4075 3714 4129 et
3747 4064 3966 4148 opifex
4007 4064 4256 4145 mundi,
4301 4084 4387 4130 ne

2455 4155 2755 4222 homines
2815 4174 2981 4237 quos
3033 4150 3346 4220 formavit
3397 4151 3630 4236 perdat
3651 4202 3666 4230 ,
3727 4151 3840 4217 sed
3885 4150 4106 4235 potius
4157 4171 4383 4216 eorum

2456 4242 2863 4317 misereatur,
2898 4249 3208 4322 tanquam
3245 4238 3455 4321 operis
3491 4238 3609 4303 sui.
3679 4235 3911 4303 Obiter
3947 4242 4168 4302 tamen
4204 4235 4383 4302 colli-

2454 4347 2612 4414 gere
2653 4326 2805 4393 lieet
2838 4346 2919 4390 ex
2955 4324 3079 4391 hoc
3113 4323 3252 4390 loco
3287 4322 3529 4389 inditas
3563 4321 3839 4407 singulis
3874 4342 4017 4389 esse
4051 4341 4202 4387 suas
4245 4322 4386 4386 ani-

2455 4430 2631 4478 mas:
2678 4412 2832 4495 quia
2876 4430 3007 4476 non
3053 4409 3293 4476 dicitur
3335 4408 3520 4474 Deus
3559 4408 3913 4493 inspirasse
3955 4408 4161 4475 vitam
4206 4406 4385 4472 omni

2456 4497 2659 4576 carni,
2704 4496 2818 4562 sed
2862 4516 3115 4562 creasse
3171 4494 3459 4579 spiritus.
3549 4493 3695 4576 Quo
3734 4493 4056 4559 refellitur
4096 4492 4384 4577 prodigi-

2457 4605 2644 4650 osum
2702 4580 3071 4648 Manichaei
3131 4580 3434 4647 delirium
3457 4629 3473 4656 ,
3530 4580 3778 4663 animas
3838 4580 3931 4647 sic
3981 4578 4240 4645 infundi
4300 4597 4383 4642 ex

2457 4670 2727 4756 spiritus
2780 4667 2913 4733 Dei
2956 4663 3247 4746 traduce,
3312 4673 3391 4730 ut
3446 4686 3620 4730 unus
3663 4673 3923 4730 tantum
3968 4665 4054 4730 sit
4095 4663 4382 4748 spiritus.

2458 4757 2664 4824 Porro
2707 4753 2762 4820 si
2808 4754 3003 4819 bruta
3045 4751 3355 4818 animalia
3397 4750 3947 4833 comprehendere
3982 4748 4214 4826 libeat,
4272 4766 4384 4811 no·

2458 4841 2645 4909 tandi
2683 4846 2879 4906 erunt
2920 4837 3157 4921 gradus
3210 4837 3645 4904 distinctionis
3702 4837 3876 4902 inter
3918 4835 4223 4921 spiritum
4268 4832 4385 4897 ho-

2455 4928 2689 5006 minis,
2747 4934 2811 4991 et
2877 4924 3181 5009 spiritum
3245 4924 3425 4989 cauis
3505 4921 3613 4987 vel
3694 4923 3878 4987 asini.
3989 4919 4383 5002 Quanquam

2458 5013 2672 5098 magis
2715 5009 3019 5077 convenit
3062 5009 3143 5075 ad
3187 5008 3486 5075 homines
3531 5008 3855 5091 restringi.

2665 5097 2769 5164 24.
2811 5096 3137 5179 Alloqaere
3168 5094 3708 5179 conyreyationem.
3780 5093 3979 5157 Paret
4015 5108 4096 5153 ex
4131 5086 4252 5155 hoc
4285 5110 4385 5153 re-

2460 5205 2698 5271 sponso
2764 5183 3000 5248 Mosen
3072 5182 3270 5247 fuisse
3351 5179 3729 5245 exauditum
3808 5173 4017 5259 quoad
4108 5173 4381 5241 salutem

2461 5289 2873 5339 communem
2932 5268 3196 5352 populi:
3258 5267 3352 5332 sic
3408 5275 3657 5342 tamen,
3725 5270 3793 5327 ut
3837 5260 4018 5345 impii
4063 5262 4384 5327 tumultus

2465 5365 2724 5423 autores
2812 5353 3168 5419 deserendo
3255 5350 3697 5435 poenitentiae
3782 5349 4042 5431 signum
4137 5344 4384 5414 darent.
