5017 6142
355 470 485 539 333

355 657 874 745 quadraeqesimo
918 676 997 723 ex
1036 677 1160 740 quo
1199 659 1436 742 cyressi
1476 663 1625 725 smit
1658 656 1792 737 filii
1825 657 2036 725 Israel
2067 679 2100 725 e
2138 663 2310 725 terra

355 745 651 830 Aoyypti,
691 763 901 810 mense
924 744 1158 826 quinto,
1180 743 1400 825 primo
1433 743 1536 810 die
1566 744 1822 811 mensis.
1889 744 1991 810 39.
2027 744 2310 826 Eratque

357 830 1559 914 Aharonnffuscentumetviyinti
1619 835 1746 897 tres
1811 831 2309 913 annosquando

355 916 881 985 mortmcsestin
926 915 1331 982 Hormonte.
1417 915 1526 981 40.
1584 914 1857 982 Audiuit
1911 915 2312 984 autemGhe-

356 1023 688 1070 naanaens
738 1021 855 1066 rex
910 1001 1100 1067 Arad
1164 999 1253 1087 (is
1314 1021 1461 1067 vero
1516 1001 1836 1068 habitabat
1885 1003 1956 1067 in
2013 1001 2307 1080 Meridie,

355 1091 427 1156 in
493 1094 668 1155 terra
728 1085 1024 1156 Chenaan
1087 1106 1284 1169 qnam
1350 1087 1817 1172 ingrederentur
1867 1087 1996 1170 filii
2054 1086 2306 1188 Israel).

356 1175 460 1241 41.
520 1173 612 1240 Et
655 1172 925 1256 profecti
976 1173 1057 1239 de
1112 1171 1255 1238 Hor
1306 1177 1506 1240 monte
1568 1174 1995 1240 castrametati
2038 1178 2184 1240 sunt
2239 1194 2311 1239 in

362 1260 723 1328 Salmonah.
825 1259 930 1325 42.
1003 1256 1277 1340 Profecti
1338 1278 1478 1324 vero
1530 1280 1608 1324 ex
1654 1258 2019 1340 Salmonah‚
2074 1266 2311 1327 castra-

356 1346 570 1413 metati
611 1350 759 1412 sunt
799 1344 869 1410 in
915 1342 1160 1410 Punon.
1248 1343 1353 1411 43.
1405 1343 1677 1428 Profecti
1715 1365 1749 1412 e
1787 1343 2031 1427 Punon,
2074 1350 2311 1412 castra-

358 1433 572 1499 metati
623 1436 774 1497 sunt
831 1433 901 1496 in
962 1429 1167 1496 Oboth.
1255 1430 1360 1495 44.
1388 1456 1399 1467 ·
1423 1428 1694 1513 Profecti
1750 1432 1895 1497 item
1953 1452 2032 1495 ex
2096 1431 2304 1509 Oboth,

357 1517 784 1585 castrametati
838 1519 986 1582 sunt
1038 1516 1111 1580 in
1153 1515 1613 1582 lie-haabarim
1668 1518 1739 1582 in
1795 1519 2055 1583 terminio
2100 1517 2305 1583 Moab.

360 1604 464 1671 45.
487 1603 578 1668 Et
600 1602 863 1686 profecti
901 1622 977 1666 ex
999 1600 1150 1680 Iim,
1185 1604 1610 1668 castrametati
1641 1608 1789 1669 sunt
1830 1605 1903 1668 in
1923 1603 2305 1688 Dibon-qod.

358 1692 460 1757 46.
523 1688 799 1771 Profecti
859 1688 1009 1753 item
1063 1707 1141 1753 ex
1195 1687 1555 1772 Dibom9ad
1568 1738 1584 1769 ,
1634 1691 2105 1755 castramentati
2159 1694 2311 1754 sunt

358 1778 427 1844 in
448 1772 1091 1842 Almon-diblathaim.
1149 1774 1253 1838 47.
1282 1772 1557 1856 Profecti
1578 1780 1915 1858 praeterea
1946 1795 2025 1840 ex
2046 1775 2308 1841 Almon-

358 1861 754 1942 diblathaim,
832 1860 1254 1926 castrametati
1314 1865 1460 1926 sinit
1519 1860 1592 1924 in
1666 1860 1973 1926 montibus
2033 1860 2308 1927 Abarim

357 1953 501 2015 ante
525 1947 716 2014 Nebo.
783 1945 890 2011 48.
927 1943 1017 2010 Et
1044 1945 1316 2028 profecti
1349 1966 1384 2012 e
1409 1946 1716 2012 montibus
1735 1946 2027 2025 Abarim,
2070 1952 2309 2013 castra-

354 2034 571 2101 metati
625 2036 773 2098 sunt
826 2033 899 2098 in
958 2029 1408 2114 campestribus
1462 2030 1686 2111 Moab,
1743 2032 1927 2099 iuxta
1971 2033 2308 2098 Iordanem

355 2118 621 2187 Iericho.
709 2118 813 2183 49.
882 2117 1161 2183 Tandem
1200 2119 1620 2183 castrametati
1659 2123 1808 2183 sunt
1849 2120 2035 2184 iuxta
2078 2118 2307 2184 Iorda-

352 2227 497 2273 nem
532 2202 1063 2271 aBeth-iesimoth
1093 2223 1290 2285 usqne
1323 2204 1808 2270 adAbel-sittim
1839 2205 1911 2270 in
1950 2204 2311 2286 campestri-

353 2291 475 2358 bus
517 2290 727 2358 Moab.
795 2289 899 2355 50.
944 2289 1273 2370 Leonum
1311 2293 1401 2355 est
1441 2294 1651 2355 autem
1694 2288 1923 2356 Iehova
1966 2291 2052 2357 ad
2081 2289 2310 2356 Mosen

351 2381 430 2444 in
483 2375 931 2458 campestribus
975 2374 1173 2442 Moab
1189 2427 1204 2449 ,
1256 2376 1441 2440 iuxta
1501 2374 1835 2442 Iordanem
1879 2374 2126 2442 Iericho
2140 2428 2157 2454 ,
2214 2374 2310 2439 di-

353 2465 571 2532 cendo:
634 2463 737 2528 51.
785 2461 1115 2542 Alloquere
1154 2461 1325 2543 filios
1360 2461 1573 2527 Israel
1612 2466 1673 2527 et
1713 2462 1893 2528 dicas
1935 2462 2054 2528 eis.-
2104 2462 2310 2544 Quum

354 2550 745 2618 transieritis
801 2545 1141 2613 Iordanem
1195 2548 1282 2614 ad
1336 2552 1573 2613 terram
1621 2546 1929 2625 Ghenaan,
2017 2546 2120 2612 52.
2175 2545 2309 2611 Ex-

344 2637 565 2722 pellite
598 2652 803 2702 omnes
837 2632 1213 2699 habitatores
1247 2637 1451 2698 terrae
1484 2655 1527 2699 a
1552 2633 1717 2715 facie
1750 2639 1970 2699 vestra.
2031 2634 2134 2698 53.
2170 2628 2308 2697 Ex-

343 2723 608 2808 pelletis,
649 2722 928 2801 inquam
976 2718 1349 2784 habitatores
1389 2724 1604 2784 terrae.
1671 2719 1774 2784 54.
1819 2717 1909 2783 Et
1948 2719 2306 2785 habitabitis

353 2811 432 2876 in
471 2830 573 2888 ea,
627 2807 799 2872 vobis
855 2806 1022 2872 enim
1077 2805 1225 2871 dedi
1268 2810 1538 2883 terram,
1600 2810 1668 2870 nt
1726 2825 1864 2871 eam
1903 2805 2301 2887 possideatis.

353 2896 463 2963 55.
510 2892 925 2959 Possidebitis
967 2895 1174 2957 autem
1213 2896 1448 2955 terram
1488 2889 1670 2955 illam
1714 2911 1839 2974 per
1879 2897 2134 2969 sortem,
2184 2910 2306 2974 per

348 2980 647 3067 familias
685 2984 928 3044 vestras
941 3002 961 3042 .-
992 2975 1290 3059 pluribus
1329 2976 1823 3058 multiplicabitis
1865 2975 2305 3043 haereditatem

350 3087 585 3143 eorum
629 3071 689 3131 et
715 3062 1124 3148 paucioribus
1165 3062 1539 3128 diminuatis
1579 3061 2014 3129 haereditatem
2055 3082 2304 3128 eorum:

350 3156 433 3220 in
465 3153 589 3219 loco
623 3154 694 3217 in
728 3170 848 3232 qno
886 3149 1230 3234 eyredietur
1264 3148 1366 3214 illi
1398 3167 1556 3227 sors,
1603 3150 1723 3213 erit
1754 3148 1920 3214 illis.-
1951 3170 2074 3229 per
2105 3148 2307 3214 tribus

340 3245 607 3325 patrum
646 3242 985 3321 vestrorum
1026 3234 1466 3301 haereditatem
1505 3235 1784 3315 capietis.
1871 3233 1975 3299 56.
2027 3235 2204 3315 Quod
2242 3234 2307 3299 si

352 3346 485 3393 non
525 3323 884 3406 wpuleritis
924 3319 1297 3386 habitatores
1337 3325 1539 3386 terrae
1582 3341 1621 3385 a
1661 3321 1829 3402 facie
1880 3325 2113 3400 vestra,
2171 3325 2305 3385 tum

351 3412 481 3479 erit
539 3415 612 3475 ut
673 3428 827 3491 qnos
895 3406 1276 3489 reliqueritis
1325 3426 1404 3471 ex
1460 3406 1581 3483 eis,
1642 3408 1772 3471 sint
1821 3407 1893 3471 in
1947 3406 2179 3471 cultros
2232 3407 2303 3472 in

352 3497 553 3565 oculis
587 3495 831 3574 vestris,
874 3498 931 3558 et
963 3494 1033 3558 in
1065 3493 1292 3575 spinas
1323 3490 1624 3557 lateribus
1654 3493 1891 3571 vestris,
1937 3498 1994 3557 et
2026 3493 2304 3576 affliyent

355 3603 476 3650 vos
506 3602 698 3664 super
726 3586 957 3645 terram
988 3580 1057 3643 in
1082 3599 1207 3661 qna
1233 3598 1344 3643 vos
1368 3575 1741 3643 habitabitis.
1788 3577 1889 3642 57.
1927 3578 2304 3661 Evenietque

351 3675 430 3736 ut
469 3666 987 3752 quemadmodum
1026 3665 1290 3749 coqitavi
1328 3663 1532 3744 facere
1572 3664 1738 3744 illis,
1779 3663 2015 3744 faciam
2057 3665 2243 3730 vobis.

538 3842 593 3905 1.
639 3838 814 3905 Istae
866 3842 1010 3902 sunt
1058 3835 1485 3919 profectiones.
1573 3833 1909 3901 Stationes
1950 3837 2021 3900 in
2070 3835 2302 3918 quibus

354 3933 859 3996 castrametatus
900 3931 1003 3989 est
1046 3920 1319 4006 populus
1338 3973 1353 3999 ,
1401 3941 1529 3986 non
1576 3940 1803 3987 omnes
1847 3929 2041 3986 antea
2082 3922 2302 3987 Moses

353 4012 722 4089 recensuit,
776 4008 888 4076 sed
949 4030 1059 4074 eas
1108 4010 1243 4073 fere
1302 4007 1624 4073 duntaxat
1667 4007 1737 4070 in
1781 4007 2012 4090 quibus
2056 4028 2300 4073 memo-

352 4100 569 4167 rabile
634 4094 877 4179 aliquid
936 4095 1329 4179 contigerat,
1395 4093 1681 4157 maxime
1738 4102 1887 4176 post
1951 4094 2298 4160 transitum

352 4186 564 4252 maris
609 4182 822 4249 rubri:
881 4182 1033 4265 quia
1077 4199 1471 4264 magnopere
1514 4178 1830 4243 intererat
1872 4179 2072 4245 statui
2115 4179 2301 4263 quasi

353 4282 517 4339 ante
580 4269 798 4336 oculos
854 4267 1142 4333 locorum
1208 4265 1766 4343 circumstantiae,
1833 4263 2038 4331 donec
2092 4265 2298 4331 admi-

354 4356 555 4425 rabili
597 4355 725 4421 Dei
770 4354 1063 4438 potentia
1105 4374 1237 4417 non
1280 4351 1469 4416 modo
1514 4352 1718 4433 erepti
1775 4359 1994 4416 essent
2036 4372 2076 4416 a
2117 4373 2300 4435 prae-

354 4444 538 4511 senti
580 4449 821 4521 morte,
888 4439 999 4505 sed
1045 4459 1165 4522 per
1206 4446 1481 4503 mortem
1527 4446 1591 4500 et
1633 4436 1987 4520 profundas
2032 4436 2301 4521 abyssos

355 4528 731 4617 patefactus
765 4534 940 4591 esset
972 4524 1104 4590 illis
1139 4545 1438 4608 egressus
1475 4521 1557 4588 ad
1592 4523 1817 4589 vitam.
1877 4523 1966 4587 Et
2004 4544 2136 4587 uno
2157 4523 2299 4589 loeo

354 4617 525 4684 satis
566 4612 905 4679 admonuit
925 4661 940 4687 ,
999 4632 1069 4677 se
1113 4607 1425 4693 quasdam
1463 4609 1778 4675 stationes
1819 4609 2150 4687 omittere,
2188 4608 2299 4674 ubi

352 4703 564 4769 refert
605 4697 917 4783 populum
961 4719 997 4763 e
1041 4695 1297 4762 deserto
1341 4695 1463 4761 Sin
1508 4716 1626 4778 per
1667 4715 1820 4760 suas
1875 4695 2301 4777 profectiones

354 4786 581 4941 {imm
623 4783 906 4851 indictae
942 4791 1128 4850 erant
1164 4803 1272 4848 ore
1308 4791 1373 4848 et
1406 4779 1713 4846 mandato
1739 4778 1892 4866 Dei)
1938 4781 2195 4847 venisse
2229 4781 2300 4846 in

429 4872 753 4957 aphidim:
801 4868 906 4937 hic
949 4890 1105 4937 vero
1147 4868 1404 4952 singula
1444 4866 1583 4932 loca
1626 4868 1697 4930 iu
1732 4865 1966 4950 quibus
2001 4866 2303 4932 substite-

354 4969 514 5028 rant
556 4956 936 5041 diligentius
978 4955 1403 5038 persequitur,
1449 4971 1523 5017 ae
1565 4953 1622 5017 si
1665 4952 1736 5016 in
1780 4950 2000 5017 tabula
2040 4974 2299 5035 reprae-

358 5052 660 5113 sentaret
757 5040 1189 5126 quadraginta
1286 5059 1602 5105 annorum
1686 5038 2299 5122 peregrinationem.

355 5131 554 5198 Finis
596 5136 816 5196 autem
861 5136 977 5203 est,
1017 5127 1300 5211 primum
1345 5134 1421 5190 ut
1462 5124 1775 5189 memoria
1818 5123 2301 5207 redemptionis,

358 5226 431 5285 et
474 5222 575 5283 tot
604 5213 1067 5281 beneficiorum
1103 5233 1265 5296 quae
1302 5231 1562 5278 annexa
1596 5218 1805 5287 erant,
1852 5209 2049 5276 altius
2086 5209 2302 5277 defixa

358 5310 632 5370 maneat
688 5302 756 5365 in
824 5299 1117 5365 omnium
1183 5298 1517 5365 cordibus:
1582 5294 1775 5360 sicuti
1841 5295 1923 5362 ad
1990 5295 2301 5363 historiae

356 5386 822 5459 certitudinem
884 5404 1019 5452 non
1076 5404 1305 5468 parum
1368 5384 1545 5450 valet
1587 5382 1875 5449 locorum
1921 5380 2300 5467 descriptio:

1799 468 2210 539 REDI'I'US
2252 469 2385 536 AD
2428 469 2978 538 HISTORIAM.

4234 477 4366 545 334

2412 658 2647 726 deinde
2692 670 2767 727 ut
2809 660 3098 728 locorum
3143 663 3516 729 nominibus
3560 663 3893 746 admoniti,
3933 664 4361 733 reminiscan-

2412 755 2528 811 tur
2570 747 2820 829 quoties
2864 754 2933 813 et
2976 754 3135 830 quot
3179 747 3388 814 modis
3431 751 3599 816 iram
3642 750 3774 816 Dei
3816 752 3887 816 in
3930 772 4001 817 se
4053 770 4366 834 provoca·
4433 764 4446 775 ·

2414 831 2668 898 verint:
2702 832 2991 898 maxime
3025 853 3184 899 vero
3220 841 3298 899 ut
3330 844 3707 920 agnoscant,
3740 857 3943 920 quum
3977 837 4109 902 iam
4143 847 4363 904 essent

2411 918 2482 983 in
2525 917 2669 1002 ipso
2712 926 2928 985 terrae
2969 919 3330 1002 promissae
3372 921 3715 1002 vestibulo,
3760 943 3882 989 sua
3921 923 4250 1006 pravitate
4292 931 4362 990 et

2411 1004 2829 1071 contumacia
2884 1025 2956 1071 se
3009 1005 3216 1071 fuisse
3281 1013 3669 1088 retroactos,
3742 1018 3810 1074 et
3864 1028 3981 1091 per
4035 1010 4361 1076 flexuosos

2412 1109 2669 1156 errores
2725 1097 2997 1175 vagatos
3016 1141 3031 1167 ,
3099 1089 3301 1157 donec
3365 1092 3496 1157 illis
3558 1093 3800 1177 impiae
3863 1092 4362 1180 ingratitudinis

2412 1175 2629 1242 soluta
2672 1190 2846 1242 esset
2884 1197 3153 1243 merces.
3243 1176 3509 1244 Interea
3559 1188 3634 1244 ut
3689 1200 3912 1246 secum
3962 1178 4359 1265 expendant,

2411 1260 2632 1328 Deum
2711 1282 2830 1327 sna
2894 1262 3343 1329 misericordia
3406 1264 3499 1330 sic
3564 1273 3965 1348 temperasse
4029 1265 4361 1333 vindictae

2411 1348 2699 1433 rigorem
2718 1398 2734 1427 ,
2796 1355 2876 1413 nt
2918 1348 3165 1432 gratiae
3208 1366 3365 1415 suae
3410 1359 3891 1435 contemptores
3934 1354 4360 1435 quantumvis

2413 1435 2721 1500 scelestos
2764 1443 2832 1499 et
2872 1434 3200 1518 indignos,
3247 1434 3454 1501 aleret
3486 1435 3934 1518 nihilominus,
3975 1443 4042 1503 et
4076 1439 4359 1503 foveret:

2409 1519 2644 1585 foedus
2690 1541 2846 1586 vero
2889 1519 3060 1602 quod
3103 1520 3443 1606 pepigerat
3484 1543 3633 1589 cum
3682 1521 4019 1588 Abraham
4064 1521 4148 1587 ad
4189 1523 4359 1588 filios

2409 1614 2819 1691 propagaret.
2886 1605 2970 1671 In
3012 1606 3189 1672 hunc
3234 1608 3433 1672 finem
3478 1609 3802 1690 respicere
3838 1608 4128 1691 oportuit
4148 1607 4359 1674 Israe-

2411 1691 2596 1770 litas,
2637 1700 2716 1757 ut
2760 1692 2885 1757 rite
2927 1693 2996 1756 in
3041 1700 3175 1756 tota
3217 1693 3475 1759 itineris
3518 1694 3621 1759 sui
3665 1694 4040 1759 narratione
4084 1693 4356 1775 profice-

2409 1785 2578 1843 rent.
2667 1777 2875 1842 Porro
2919 1799 3056 1842 non
3100 1775 3215 1844 abs
3258 1800 3330 1843 re
3371 1780 3710 1862 praefatur
3753 1779 4007 1860 Moses,
4049 1779 4170 1844 has
4214 1799 4356 1845 esse

2407 1864 2838 1946 profectiones
2894 1863 3180 1928 filiorum
3238 1864 3475 1929 Israel:
3553 1866 3704 1949 quia
3768 1887 3851 1931 ex
3917 1884 4045 1949 quo
4108 1865 4357 1949 egressi

2410 1950 2675 2015 fuerant
2716 1970 2752 2015 e
2799 1962 2976 2014 terra
3020 1948 3313 2028 Gossen,
3358 1971 3469 2015 eos
3512 1973 3647 2017 non
3685 1951 3976 2035 vulgaris
4013 1950 4357 2034 trepidatio

2411 2044 2479 2101 et
2524 2035 2823 2101 anxietas
2865 2035 3248 2101 constrictos
3291 2037 3526 2117 tenuit,
3574 2035 3778 2102 donec
3821 2059 3892 2103 se
3935 2034 4244 2102 viderunt
4284 2035 4357 2101 in

2409 2121 2788 2205 sepulcrum
2847 2120 3207 2186 demersos:
3269 2121 3425 2204 quia
3483 2120 3773 2205 undique
3829 2122 4118 2188 conclusi
4175 2129 4360 2186 erant

2410 2207 2519 2273 vel
2557 2207 2743 2283 mari,
2782 2206 2885 2273 vel
2920 2206 3214 2273 faucibus
3249 2206 3530 2272 duorum
3567 2209 3904 2285 montium,
3939 2207 4044 2273 vel
4070 2208 4360 2273 exercitu

2411 2292 2800 2358 Pharaonis.
2889 2291 3244 2358 Desertum
3288 2293 3568 2376 ingressi
3613 2302 3963 2375 antequam
4026 2292 4357 2377 pertinge·

2410 2387 2564 2444 rent
2598 2376 2682 2444 ad
2717 2386 3007 2443 montem
3033 2377 3242 2456 Sinai,
3287 2388 3539 2461 septem
3576 2380 3816 2442 stativa
3853 2376 4242 2452 habuerunt,
4285 2378 4356 2442 in

2411 2464 2649 2549 quibus
2692 2465 2937 2531 centies
2979 2463 3386 2547 pereundum
3424 2470 3568 2529 erat
3599 2464 3788 2539 fame,
3834 2462 3964 2539 siti,
4010 2483 4358 2546 rerumque

2410 2552 2705 2616 omnium
2753 2550 3006 2632 inopia,
3068 2550 3196 2616 nisi
3239 2548 3626 2615 mirabiliter
3670 2569 3710 2613 a
3751 2547 3896 2612 Deo
3937 2548 4170 2613 fuisset
4212 2568 4357 2614 sue-

2410 2657 2694 2703 cursum.
2763 2636 3114 2702 Caeterum
3150 2656 3353 2718 quum
3389 2633 3664 2700 totidem
3700 2632 3925 2698 diebus
3961 2632 4151 2697 facile
4186 2645 4360 2699 esset

2409 2729 2623 2788 totum
2666 2722 2794 2787 iter
2835 2723 3167 2800 conficere,
3211 2722 3342 2784 iam
3387 2729 3547 2785 tune
3590 2739 3839 2783 moram
3876 2718 4110 2783 afferre
4145 2719 4358 2802 coepit

2409 2828 2720 2892 perversa
2762 2828 2989 2873 eorum
3031 2806 3513 2890 importunitas.
3582 2803 3659 2870 Si
3694 2824 3806 2870 eos
3848 2803 4127 2888 urgebat
4166 2804 4358 2888 panis

2409 2904 2476 2961 et
2512 2915 2719 2977 aquae
2753 2894 3028 2975 penuria
3061 2893 3275 2959 acrius
3311 2889 3636 2956 stimulari
3669 2891 3975 2972 oportuit,
4011 2897 4086 2955 ut
4117 2911 4194 2955 su
4239 2889 4359 2974 pli-

2411 2981 2571 3046 citer
2639 2977 2720 3045 ad
2786 2979 3001 3043 Deum
3066 2976 3515 3061 confugerent.
3628 2975 3812 3041 Adeo
3873 2988 4092 3040 autem
4158 2911 4357 3043 ageni

2408 3076 2567 3132 sunt
2609 3086 2648 3128 a
2689 3063 3224 3141 mansuetudine,
3285 3083 3453 3145 quae
3509 3081 3619 3126 eos
3666 3061 3898 3127 doceat
3940 3081 3977 3124 a
4020 3059 4166 3126 Deo
4207 3081 4355 3143 pre·

2407 3152 2591 3217 cibus
2634 3161 2697 3214 et
2743 3149 2914 3214 votis
2958 3149 3317 3232 efflagitare
3361 3147 3736 3213 necessitati
3779 3167 3934 3213 suae
3970 3145 4353 3219 remedium,

2407 3248 2483 3303 ut
2548 3237 2763 3320 potius
2825 3234 3308 3299 tumultuentur
3373 3241 3599 3297 contra
3661 3232 3929 3297 Mosen:
4009 3252 4221 3314 neque
4284 3231 4352 3296 id

2409 3322 2630 3400 mode,
2673 3319 2786 3387 sed
2832 3328 3132 3403 proterve
3177 3318 3396 3384 Deum
3431 3318 3644 3401 ipsum
3690 3319 4013 3400 impetant
4053 3316 4356 3383 nefandis

2407 3408 2739 3485 conviciis,
2776 3426 2851 3471 ac
2885 3407 2941 3470 si
2963 3425 3201 3470 saevus
3240 3412 3414 3470 esset
3447 3403 3757 3480 carnifex,
3794 3424 3924 3468 non
3959 3402 4352 3486 redemptor.

2408 3494 2586 3560 Hinc
2645 3512 2798 3576 ergo
2856 3491 3097 3556 factum
3156 3500 3283 3569 est,
3342 3496 3418 3554 ut
3469 3510 3600 3554 non
3659 3498 3813 3553 ante
3857 3488 4027 3554 diem
4074 3488 4354 3572 quadra-

2407 3580 2728 3665 gesimum
2775 3575 3037 3641 adducti
3082 3574 3351 3640 tandem
3395 3575 3638 3640 fuerint
3680 3574 3763 3640 ad
3809 3582 4098 3639 montem
4147 3571 4350 3640 Sinai.

2406 3663 2706 3730 Vixdum
2751 3663 2860 3728 lex
2903 3672 3046 3727 erat
3087 3660 3534 3745 promulgata,
3593 3670 3661 3725 et
3702 3659 3915 3727 adhuc
3959 3658 4354 3743 personabat

2404 3752 2476 3816 in
2521 3770 2745 3815 eorum
2790 3746 3059 3814 auribus
3100 3745 3528 3812 formidabilis
3564 3767 3696 3812 vox
3719 3746 3869 3825 Dei,
3911 3765 4043 3829 qua
4076 3765 4187 3811 eos
4228 3744 4354 3811 sibi

2403 3837 2475 3901 in
2521 3834 2836 3919 populum
2879 3832 3256 3911 addixerat,
3301 3840 3368 3897 et
3406 3852 3555 3898 ecce
3573 3882 3588 3912 ,
3626 3840 3899 3916 repente
3942 3831 4172 3914 turpis,
4216 3832 4350 3896 imo

2401 3920 2773 4007 prodigiosa
2830 3918 2914 3984 ad
2980 3918 3411 3985 idololatriam
3477 3917 3786 3984 defectio:
3854 3938 3982 4000 qua
4049 3937 4166 3998 per
4239 3936 4351 3981 eos

2403 4028 2537 4075 non
2581 4009 2764 4072 stetit
2805 4005 3155 4089 quominus
3199 4003 3451 4071 abiecta
3473 4004 3600 4069 Dei
3645 4003 3876 4087 gratia,
3920 4011 3989 4067 et
4032 4009 4352 4085 quantum

2400 4095 2472 4160 in
2515 4093 2675 4176 ipsis
2718 4099 2892 4170 erat,
2949 4089 3193 4156 abolita
3236 4090 3664 4175 promissione
3681 4139 3697 4168 ,
3759 4090 3994 4154 misere
4036 4087 4354 4170 perirent,

2400 4188 2477 4247 ut
2521 4178 2706 4263 digni
2763 4185 2969 4243 erant.
3056 4176 3204 4242 Hoc
3266 4174 3601 4241 obstaculo
3661 4196 3888 4240 rursus
3942 4173 4211 4239 fuerunt
4269 4173 4351 4238 ab

2401 4267 2710 4332 ulteriore
2775 4283 3123 4347 progressu
3188 4258 3474 4328 cohibiti.
3583 4259 3837 4325 Eadem
3916 4258 4350 4325 obstinatione

2402 4350 2680 4419 subinde
2746 4356 2978 4414 contra
3042 4348 3262 4413 Deum
3326 4347 3772 4412 insanierunt:
3854 4366 3974 4411 nec
4052 4342 4351 4428 pluribus

2402 4457 2759 4522 poenarum
2804 4433 3122 4518 exemplis
3165 4432 3481 4498 admoniti
3537 4441 3830 4514 unquam
3883 4429 4224 4496 redierunt
4266 4428 4351 4494 ad

2402 4545 2631 4591 sanam
2669 4529 2972 4586 mentem.
3041 4519 3362 4586 Cumulus
3398 4517 3682 4583 furiosae
3727 4516 4170 4582 contumaciae
4204 4515 4347 4593 fuit,

2403 4608 2562 4675 dum
2596 4606 2923 4691 progressi
2958 4603 3043 4671 ad
3080 4620 3291 4670 terrae
3325 4604 3685 4688 promissae
3719 4603 4015 4681 limitem,
4054 4599 4349 4684 repudia

2401 4705 2561 4760 runt
2582 4694 2709 4759 Dei
2747 4692 3155 4771 beneficium,
3198 4711 3395 4773 seque
3428 4698 3738 4772 tanquam
3764 4690 3908 4756 Deo
3943 4693 4348 4782 repugnante

2403 4780 2651 4847 hortati
2694 4785 2853 4845 sunt
2896 4777 2977 4842 ad
3023 4776 3327 4853 reditum,
3372 4796 3448 4841 ac
3492 4776 3551 4840 si
3592 4775 3866 4841 foeteret
3906 4772 4037 4837 illis
4080 4772 4345 4836 inaesti-

2404 4866 2663 4932 mabilis
2728 4863 3091 4946 redemptio
3158 4882 3325 4946 quae
3383 4883 3493 4927 eos
3558 4870 3876 4944 perpetua
3951 4856 4346 4954 obligatione

2403 4953 2688 5020 retinere
2754 4948 3065 5014 debuerat
3127 4949 3197 5012 in
3262 4947 3565 5030 obsequio
3621 4946 3766 5011 Dei.
3868 4941 4056 5025 Quae
4112 4939 4347 5006 demde

2404 5044 2779 5122 sequuntur
2836 5035 3184 5114 stationes,
3244 5034 3458 5118 magis
3518 5031 3599 5097 ad
3655 5032 3884 5096 vivum
3943 5026 4346 5126 exprimunt,

2403 5126 2598 5190 sicuti
2640 5122 2833 5188 navis
2874 5127 3262 5204 tempestate
3303 5118 3568 5202 repulsa
3613 5138 3652 5182 a
3692 5126 3883 5200 portu
3941 5113 4141 5178 vanis
4193 5132 4344 5196 pro-

2404 5210 2587 5278 cellis
2608 5206 3162 5286 circumvolvitur,
3201 5206 3298 5270 ita
3331 5223 3585 5288 quoque
3619 5206 3933 5267 retractos
3968 5197 4049 5263 ab
4086 5216 4348 5297 accessu

2403 5304 2619 5362 terrae
2655 5314 2772 5377 per
2805 5292 3096 5376 obliquos
3131 5292 3441 5356 circuitus
3475 5305 3757 5353 errasse:
3815 5283 4119 5367 quoniam
4157 5282 4343 5366 digni

2405 5391 2596 5449 erant
2638 5400 2797 5465 quos
2832 5377 3016 5445 Deus
3059 5399 3176 5462 per
3214 5375 3572 5442 ludibrium
3617 5370 4009 5437 traduceret.
4076 5367 4183 5434 Ad
4222 5368 4346 5433 hoc
