5017 6142
371 456 497 527 281

369 646 512 801 {⁸:1¹0
513 664 661 797 ¹:13.
676 642 1725 815 *ltnffiftffffisff‘ssffi
1767 653 1863 797 1¹3:
1897 643 2328 816 xsssswss:

372 819 447 884 in
491 816 943 901 prosequendo
997 837 1155 902 erga
1198 837 1350 884 suos
1392 825 1669 900 paterno
1711 818 1933 883 favore
1949 867 1967 898 ,
2007 825 2085 882 ut
2126 835 2214 882 ne
2255 816 2328 882 in

373 914 589 971 morte
609 902 874 986 quidem
910 901 1241 970 beneficus
1275 924 1419 970 esse
1455 904 1727 969 desinat.
1786 901 1980 970 Unde
2014 903 2329 987 sequitur,

373 991 658 1075 gratiam
718 989 847 1054 Dei
906 990 1070 1055 fines
1143 988 1343 1056 huius
1407 988 1688 1056 caducae
1754 989 1927 1054 vitae
1992 987 2327 1055 excedere.

375 1075 604 1157 Quare
627 1075 789 1142 haec
814 1093 942 1140 vox
978 1075 1239 1160 insigne
1273 1077 1565 1143 continet
1600 1076 2046 1141 testimonium
2071 1075 2330 1141 futurae

375 1160 910 1227 immortalitatis.
996 1161 1144 1226 Etsi
1201 1169 1420 1227 autem
1488 1182 1620 1227 non
1677 1161 1938 1246 penitus
1994 1161 2163 1226 forte
2213 1179 2329 1226 ex-

374 1245 607 1333 pendit
647 1245 924 1311 Balaam
981 1245 1141 1330 quid
1188 1246 1310 1314 hoc
1348 1247 1472 1314 sibi
1512 1247 1740 1325 vellet,
1794 1244 2064 1313 dubium
2107 1256 2329 1312 tamen

374 1353 512 1398 non
556 1340 659 1397 est
700 1333 862 1415 quin
908 1352 1060 1399 vere
1095 1332 1481 1416 profiteatur
1521 1331 1589 1397 id
1633 1354 1704 1399 se
1742 1342 1988 1416 optare.
2055 1331 2329 1410 Verum,

376 1428 452 1485 ut
493 1418 709 1484 solent
749 1416 1132 1502 hypocritae
1177 1420 1439 1485 nonnisi
1498 1418 1848 1485 evanidum
1908 1428 2130 1484 votum
2176 1439 2328 1484 con-

376 1504 587 1589 cepit:
644 1504 798 1587 quia
843 1504 1119 1569 minime
1161 1505 1332 1570 serio
1378 1506 1734 1587 quaerebat
1775 1503 1948 1588 quod
1992 1505 2330 1570 convictus

377 1602 520 1655 erat
562 1590 885 1674 optimum
921 1610 1082 1655 esse.
1146 1589 1340 1656 Becti
1384 1599 1708 1656 vocantur
1750 1589 2093 1655 Israelitae
2136 1589 2330 1656 sicuti

377 1675 526 1742 aliis
572 1676 763 1756 locis,
818 1695 954 1739 non
998 1676 1264 1759 propria
1305 1675 1735 1755 rectitudine,
1794 1674 1910 1743 sed
1955 1674 2089 1741 Dei
2129 1676 2328 1743 bene·

374 1760 635 1913 fflmw'
672 1762 787 1912 qbfi
823 1782 933 1827 eos
955 1760 1269 1846 dignatus
1289 1763 1507 1827 fuerat
1540 1782 1888 1847 segregare
1924 1760 2006 1827 ab
2041 1763 2327 1828 immun·

426 1848 481 1913 ‘s
570 1849 706 1912 enti
755 1868 851 1913 us.
1254 1880 1261 1887 ·

523 1866 655 1999 g11.
714 1931 910 1999 Dixit
951 1930 1161 2000 Balac
1213 1933 1301 1999 ad
1342 1931 1640 1999 Balaam.
1733 1931 2076 2019 Superbus
2134 1931 2328 1998 homo

375 2020 621 2119 iterum
665 2017 1301 2119 pseudoprophetam
1347 2018 1651 2104 obiurgat
1668 2069 1685 2099 ,
1736 2040 1812 2088 ac
1842 2020 1912 2121 ‚si
1954 2020 2060 2084 ius
2103 2019 2329 2119 vatici-3

375 2104 599 2257 ”Diffi
644 2103 2331 2290 3:3‘23’b11330‘3223250m2030.“quiassssstfflffffiss

376 2277 506 2345 sibi
551 2277 907 2361 quidquam
951 2276 1198 2360 negotii
1244 2297 1395 2343 cum
1439 2298 1516 2343 eo
1559 2299 1700 2345 esse
1731 2278 1981 2357 volunt,
2026 2277 2153 2342 nisi
2187 2297 2331 2360 per-

376 2364 591 2430 versis
632 2384 858 2429 eorum
903 2363 1073 2429 votis
1117 2382 1365 2429 morem
1456 2374 1627 2443 erat,
1687 2363 1967 2447 denique
2010 2363 2139 2429 nisi
2179 2382 2328 2428 enm

378 2449 506 2517 sibi
573 2447 853 2514 reddant
926 2447 1303 2515 obnoxium.
1410 2384 1691 2534 {egitur
1766 2450 1988 2533 itaque
2054 2449 2331 2514 Balaam

372 2534 687 2601 stolidum
734 2534 914 2599 hunc
950 2535 1198 2601 fastum
1244 2535 1370 2600 Dei
1412 2534 1725 2601 mandato
1767 2535 2083 2615 refutare,
2127 2555 2329 2617 quum

372 2619 498 2687 sibi
564 2619 739 2687 aliud
807 2620 1004 2688 licere
1068 2629 1297 2704 negat,
1381 2639 1575 2703 quam
1641 2630 1717 2686 ut
1792 2621 2080 2706 perferat
2158 2619 2331 2704 quod

372 2705 562 2773 Deus
620 2706 969 2790 praecepit.
1072 2704 1269 2788 Quod
1332 2707 1823 2773 meminerimus
1875 2705 2123 2772 dictum
2186 2727 2330 2773 esse

375 2805 678 2876 respectu
737 2791 1150 2876 particularis
1204 2800 1424 2858 actus:
1481 2792 1591 2859 ubi
1636 2793 1706 2857 in
1769 2790 1985 2858 verbis
2029 2794 2329 2879 gestabat

373 2897 721 3028 parsonam
758 2878 901 2944 veri
940 2877 1316 2963 prophetae,
1360 2879 1665 2962 quamvis
1700 2878 1893 2964 longe
1930 2877 2122 2945 aliter
2157 2886 2330 2946 esset

376 2983 415 3029 a
464 2971 666 3030 ectus.

898 3304 1022 3371 EX
1068 3304 1399 3373 EODEM
1447 3306 1803 3373 CAPITE.

552 3477 653 3544 13.
728 3478 904 3544 Tunc
966 3478 1129 3543 dixit
1190 3477 1278 3543 ad
1334 3497 1477 3543 eum
1540 3477 1780 3545 Balac:
1869 3476 2027 3544 Vem'
2088 3477 2326 3545 obsecro

374 3562 2328 3650 mmaddmmkm,uadevideaaillum(tantm

374 3650 1410 3731 modomremumeiusvidisbi,
1466 3649 2325 3732 ettotumv‘psumnonvi-

379 3734 1264 3823 distoeteimaledicmihi
1313 3736 1476 3801 inde.
1567 3735 1669 3801 14.
1729 3735 1819 3801 Et
1872 3735 2019 3801 tulit
2073 3735 2327 3800 eumin

381 3822 585 3889 boum
639 3821 962 3887 sublimem
975 3870 991 3900 ,
1049 3823 1122 3887 in
1176 3823 1460 3889 verticem
1514 3821 1757 3906 Pisyab
1771 3846 1791 3886 .·
1859 3821 2328 3903 aedificavitque

381 3914 613 3990 septem
653 3907 1591 3975 auariaetobtulitiuvenm
1631 3906 2324 3974 darieteminaltari.

389 3994 489 4060 15.
535 3993 731 4059 Dixit
789 3998 995 4059 autem
1039 3994 1126 4061 ad
1167 3992 1412 4061 Balac.-
1470 3993 1749 4060 Consiste
1802 3992 1904 4058 hic
1944 3994 2133 4058 iuxta
2172 3991 2332 4059 holo-

383 4084 666 4146 caustum
711 4083 919 4158 mum,
974 4085 1032 4145 et
1087 4100 1191 4164 eqo
1244 4099 1568 4147 occurram
1618 4079 1770 4146 illie.
1874 4079 1976 4144 16.
2044 4078 2333 4145 Ooournft

381 4186 522 4232 vero
543 4164 776 4232 Iebova
805 4166 939 4247 ipsi
958 4164 1254 4245 Balaam,
1299 4170 1359 4233 et
1385 4166 1606 4247 posuit
1645 4164 1897 4231 verbum
1928 4166 2002 4230 in
2037 4184 2141 4230 ore
2173 4167 2327 4243 eius,

383 4253 697 4334 dixitque.-
730 4250 1060 4318 Revertere
1092 4251 1421 4332 adBalac,
1449 4252 1619 4318 etsie
1649 4251 1936 4334 loqueris.
1996 4252 2100 4316 17.
2150 4250 2329 4317 Venit

384 4337 1229 4419 mammetem,
1284 4337 2332 4405 inescabatiuxtaholocaustum

383 4443 601 4504 suum,
657 4424 1068 4505 &principes
1110 4423 1304 4490 Moab
1344 4443 1486 4489 cum
1536 4422 1684 4489 illc.-
1733 4425 1838 4491 oui
1892 4423 2059 4489 discit
2101 4422 2333 4490 Balac.-

391 4510 560 4592 Quid
600 4509 891 4591 lomus
930 4509 1323 4576 estlehova?
1392 4509 1492 4576 18.
1546 4509 1721 4576 Tunc
1762 4511 2106 4592 assumpsit
2134 4528 2333 4591 para-

382 4595 586 4662 bolam
627 4615 830 4675 suant,
872 4600 928 4661 et
968 4595 1168 4661 dioeit:
1214 4594 1415 4679 δαν-ρο
1456 4594 1683 4677 Balac,
1723 4601 1784 4661 et
1822 4595 1997 4676 audi,
2040 4593 2329 4662 ausculta

384 4680 1193 4765 verbameafiliSippor.
1285 4681 1386 4747 19.
1435 4682 1587 4747 Non
1645 4680 2207 4757 estbomoDeue‚
2263 4684 2335 4746 at

384 4768 755 4847 mentiatur,
809 4772 867 4833 et
913 4767 1094 4849 filias
1146 4766 1449 4848 hominia,
1507 4772 1577 4832 ed
1611 4769 1928 4851 poeniteat
1966 4787 2141 4833 emm
2196 4767 2335 4850 ipse

385 4854 581 4931 dixit,
633 4859 853 4920 elnon
905 4854 1147 4936 faciet?
1213 4853 1665 4937 Ζορααῡαεοεί,
1721 4852 2335 4935 etnonpraestabit

385 4939 601 5006 illud?
681 4939 1102 5006 20.Eoceut
1153 4939 1559 5007 benedicerem
1614 4940 1856 5024 accepi.-
1910 4944 1970 5005 et
2025 4938 2335 5006 benedixit

384 5024 868 5126 benedictione,
909 5031 967 5091 et
1007 5045 1132 5092 non
1171 5026 1464 5125 revocabo
1495 5045 1658 5126 pam:
1746 5026 1850 5091 21.
1900 5025 2050 5126 Nan
2090 5025 2337 5109 aspecit

384 5116 842 5265 Wmmmm
819 5111 1156 5299 *affl
1194 5131 1335 5265 0⁹:33².
1373 5111 2332 5297 ἴξᾌῖοέἒξὲἶᾬᾉῇῗέζῑ

387 5284 489 5350 22.
535 5283 722 5350 Deus
752 5285 968 5351 edm
998 5304 1103 5350 eos
1135 5284 1550 5368 &Aeyyptot
1590 5288 1755 5349 metat
1782 5282 1976 5350 robur
2007 5301 2336 5349 unicos-ms

386 5370 593 5437 esici.
685 5369 788 5437 23.
837 5369 1113 5436 Nonest
1155 5368 2336 5455 auywiuminIaeob,necestdivi-

1784 454 2192 525 REDI'PUS
2237 456 2371 524 AD
2415 454 2965 547 HISTORIAM.

4256 460 4397 527 282

2430 646 2607 712 natio
2638 645 2713 711 in
2750 643 2991 712 Israel.-
3030 645 3370 711 seeundum
3402 643 3514 712 boc
3553 650 3794 729 tempus
3825 646 4066 713 diemo·
4097 648 4174 714 de
4196 648 4398 716 Iaeob·

2430 736 2487 797 et
2531 728 2809 797 Israele:
2857 728 3029 812 Quid
3067 736 3359 814 operatus
3400 736 3489 797 est
3521 730 3750 797 Deus?
3812 732 3915 798 24.
3962 732 4071 799 En
4101 736 4386 816 popalus

2430 822 2732 900 tanquam
2774 815 2866 882 leo
2907 822 3148 900 suryet,
3214 822 3271 882 et
3310 822 3613 900 tanquam
3653 817 3976 884 leunculus
4017 819 4385 887 elevabitur.-

2427 922 2556 1002 norf
2597 900 2914 1053 aoeubabbo‘t
2955 903 3142 968 donee
3180 903 3507 970 comederit
3537 905 3870 985 praedam,
3913 910 3970 970 et
4008 906 4390 990 sanquinem

2428 1008 2769 1055 aemorum
2847 987 3045 1054 ibent.

2606 1159 2707 1225 13.
2759 1159 2936 1225 Tune
2974 1159 3147 1225 dixit
3184 1161 3273 1226 ad
3314 1158 3699 1228 eumBalae.
3766 1161 3960 1229 Facit
3979 1162 4183 1229 Balac
4210 1163 4383 1248 quod

2431 1245 2646 1312 solent
2688 1245 2826 1309 fere
2870 1265 3099 1311 omnes
3132 1247 3584 1331 superstitiosi.
3650 1247 3822 1313 Nam
3861 1249 4012 1331 quia
4046 1248 4213 1315 nihil
4248 1250 4382 1317 illis

2430 1339 2686 1398 certum
2730 1340 2830 1395 est
2879 1332 2977 1397 vel
3013 1333 3297 1412 firmum,
3340 1352 3459 1414 per
3502 1332 3718 1398 varias
3753 1335 4226 1416 speculationes
4262 1337 4382 1404 cir-

2431 1426 2905 1500 cumaguntur,
2951 1436 3128 1482 nunc
3174 1418 3330 1496 hoc,
3391 1438 3565 1485 nunc
3611 1417 3770 1484 illud
3818 1428 4092 1486 tentant.
4181 1421 4382 1488 Prae-

2431 1504 2658 1568 sertim
2685 1503 2931 1567 veroin
2967 1511 3237 1587 aspectu
3269 1504 3404 1570 vim
3439 1504 3727 1588 aliquam
3762 1506 4081 1590 magicam
4116 1508 4382 1574 subesse

2432 1588 2919 1672 imaginantur:
2975 1607 3052 1654 ac
3107 1591 3164 1655 si
3221 1588 3390 1656 oculi
3447 1600 3703 1673 partem
3762 1590 4092 1658 efficaciae
4150 1592 4384 1659 darent

2433 1674 2834 1740 exorcismis.
2923 1673 3017 1739 Et
3057 1673 3222 1740 illud
3267 1674 3423 1740 olim
3469 1675 3652 1760 vulgi
3695 1676 4001 1760 opinione
4041 1687 4378 1762 receptum

2431 1761 2592 1838 fuit,
2645 1759 3002 1842 plurimum
3060 1759 3145 1825 ad
3187 1761 3663 1828 incantationes
3724 1761 3971 1846 pollere
4028 1763 4381 1830 intuitum:

2432 1846 2601 1913 sicut
2664 1854 2965 1944 apparet·
3001 1865 3084 1911 ex
3151 1847 3440 1947 profanis
3498 1847 3940 1948 scriptoribus.
4041 1850 4383 1949 'lssransfert

2432 1930 3250 2084 3{:?.3;:¹:::3:.:.¹:::5·
3295 1932 3632 2085 {¹2:512
3655 1933 4383 2102 ‘azahfflssmss

2432 2105 2671 2189 guitas.
2732 2100 2910 2170 Sunt
2943 2102 3054 2186 qui
3089 2105 3185 2169 sic
3219 2113 3587 2187 exponunt:
3626 2103 3803 2171 Veni
3826 2106 3897 2171 in
3920 2107 4121 2172 alium
4142 2110 4383 2189 locum,

2431 2199 2509 2256 ut
2549 2188 2733 2255 illinc
2775 2187 3034 2266 videas,
3079 2209 3163 2272 ex
3208 2201 3395 2273 parte
3437 2188 3693 2270 videas,
3738 2212 3872 2256 non
3916 2200 4162 2271 totum,
4206 2214 4282 2259 ac
4324 2193 4383 2260 si

2433 2284 2755 2341 metueret
2797 2274 3003 2341 Balac
3047 2296 3133 2341 ne
3176 2275 3319 2360 ipsa
3360 2275 3710 2342 multitudo
3770 2286 4046 2343 terreret
4086 2277 4383 2359 Balaam,

2431 2362 2540 2427 vel
2577 2362 2915 2445 frangeret
2952 2360 3083 2427 vim
3127 2362 3663 2429 incantationum.
3717 2362 4125 2429 Probabilior
4158 2372 4383 2430 tamen

2435 2467 2661 2513 eorum
2723 2455 2824 2512 est
2878 2449 3206 2513 sententia
3273 2449 3384 2531 qui
3450 2449 3725 2514 verbum
3782 2447 4028 2516 Videre
4098 2449 4385 2517 secundo

2434 2533 2581 2600 loco
2622 2534 2692 2598 in
2739 2539 3032 2616 tempore
3076 2534 3433 2616 praeterito
3475 2533 3823 2617 accipiunt,
3869 2542 3943 2598 ut
3985 2554 4217 2603 sensus
4259 2536 4380 2601 sit:

2436 2619 2607 2686 Veni
2652 2618 2720 2683 in
2768 2618 2980 2685 locum
3026 2640 3111 2684 ex
3156 2639 3283 2703 quo
3336 2620 3648 2702 aspicias:
3701 2620 4005 2702 quoniam
4063 2620 4383 2689 hactenus

2433 2726 2568 2772 non
2615 2703 2831 2771 vidisti
2880 2712 3122 2783 totum,
3164 2704 3280 2770 sed
3323 2726 3408 2771 ex
3452 2715 3641 2790 parte
3683 2705 4029 2771 duntaxat.
4119 2704 4382 2773 Scimus

2434 2792 2614 2856 enim
2660 2810 2856 2874 quam
2899 2790 3209 2874 frequens
3252 2792 3340 2856 sit
3382 2791 3555 2875 apud
3593 2790 3970 2858 Haebraeos
4016 2800 4383 2875 temporum

2432 2878 2790 2944 conversio.
2858 2874 3051 2958 Quod
3088 2876 3170 2942 ad
3206 2876 3421 2943 locum
3454 2878 3743 2961 pertinet
3781 2877 3854 2941 in
3899 2897 4094 2960 quem
4141 2876 4383 2945 deduc·

2433 2972 2541 3029 tus
2583 2960 2713 3028 fuit
2764 2960 3072 3041 Balaam,
3131 2982 3364 3045 parum
3407 2963 3683 3029 interest
3724 2964 3991 3047 propria
4038 2984 4122 3030 an
4158 2963 4382 3047 appel-

2431 3049 2635 3115 lativa
2697 3048 2965 3114 nomina
3002 3068 3145 3115 esse
3194 3048 3540 3116 credamus
3605 3061 3760 3118 0258
3794 3062 3943 3118 ΓΙἾΨ
4002 3060 4068 3115 et
4133 3063 4381 3120 monn:

2432 3135 2589 3218 quia
2645 3135 2804 3201 satis
2851 3133 3086 3219 liquet,
3152 3135 3209 3201 si
3261 3133 3403 3201 loco
3457 3134 3669 3201 indita
3731 3135 4011 3215 fuerint,
4076 3137 4383 3220 imposita

2430 3220 2636 3287 fuisse
2680 3239 2798 3304 pro
2839 3221 2992 3287 situ.
3081 3219 3146 3286 N
3147 3241 3254 3286 am
3297 3221 3368 3287 in
3411 3220 3577 3288 colle
3620 3219 3963 3305 planitiem
4022 3221 4224 3288 fuisse
4271 3242 4379 3287 ve·

2428 3306 2704 3458 lrisimile
2747 3314 2866 3385 est,
2913 3326 3079 3389 quae
3120 3305 3356 3373 merito
3399 3307 3620 3374 vocari
3664 3314 3882 3390 posset
3925 3310 4106 3391 Ager
4150 3327 4381 3391 specu-

2453 3401 2730 3459 aterum.

2602 3478 2703 3543 17.
2800 3475 2979 3543 Venit
3041 3477 3251 3561 itaque
3314 3478 3404 3545 acl
3465 3498 3624 3546 eum.
3734 3479 4113 3563 Interrogat
4177 3478 4383 3546 Balac

2425 3563 2738 3647 quidnam
2774 3563 3184 3647 responderit
3205 3564 3407 3643 Deus,
3445 3567 3556 3648 qui
3595 3573 3818 3631 tamen
3863 3565 3996 3630 iam
4041 3564 4382 3631 oraculum

2425 3650 2611 3735 prius
2644 3658 3003 3732 respuerat.
3064 3646 3178 3716 Sic
3213 3649 3595 3735 hypocritae
3629 3671 3789 3735 prae
3826 3673 3896 3718 se
3930 3651 4152 3717 ferunt
4187 3648 4378 3718 valde

2427 3736 2697 3801 anxiam
2742 3734 3249 3801 sollicitudinem
3290 3737 3359 3801 in
3403 3738 3779 3819 quaerenda
3812 3737 3939 3802 Dei
3998 3735 4378 3804 voluntate:

2425 3822 2612 3887 cuius
2656 3830 2876 3887 tamen
2921 3822 3210 3906 cognitio
3252 3822 3385 3888 illis
3428 3835 3530 3889 est
3572 3821 4020 3889 intolerabilis.
4087 3821 4193 3886 Ita
4235 3842 4377 3888 ma-

2426 3908 2609 3973 xima
2648 3905 2910 3973 illorum
2956 3907 3039 3972 ad
3081 3907 3551 3991 inquirendum
3608 3908 3923 3976 sedulitas
3968 3906 4136 3973 nihil
4193 3906 4376 3973 aliud

2427 4002 2532 4059 est
2588 4013 2785 4078 quam
2843 4014 3025 4058 mera
3077 3993 3424 4061 simulatio.
3515 3994 3704 4060 Adde
3760 3993 3930 4078 quod
3991 4013 4378 4077 responsum

2429 4080 2556 4145 Dei
2602 4101 2685 4145 ex
2729 4078 3090 4164 longinqua
3133 4077 3535 4146 divinatione
3576 4091 3857 4147 venatur
3893 4079 4130 4146 Balac:
4176 4100 4378 4163 quum

2429 4173 2652 4231 tamen
2685 4167 2755 4230 in
2789 4163 2982 4230 corde
3015 4164 3415 4247 insculptum
3450 4173 3625 4232 esset
3657 4165 4111 4232 testimonium
4147 4166 4378 4232 volun-

2429 4252 2585 4317 tatis
2630 4251 2777 4318 Dei.
2843 4249 2979 4318 Sed
3022 4250 3184 4317 haec
3227 4257 3330 4316 est
3371 4250 3548 4316 iusta
3587 4271 3936 4334 perversae
3978 4251 4378 4318 curiositatis

2431 4337 2629 4415 ultio,
2690 4335 2848 4402 dum
2903 4336 3094 4420 impii
3151 4335 3388 4403 volunt
3428 4336 3573 4402 Deo
3617 4338 3830 4422 legem
3873 4338 4244 4420 imponere,
4303 4346 4380 4403 ut

2431 4424 2572 4490 suis
2617 4422 2785 4489 votis
2827 4420 3206 4488 subscribat.
3285 4420 3368 4487 In
3413 4424 3705 4489 externis
3748 4423 4175 4489 caeremoniis
4212 4421 4381 4488 nihil

2431 4509 2675 4575 omittit
2717 4508 2952 4575 Balac:
3010 4507 3396 4607 suppliciter
3453 4506 3532 4572 ad
3593 4509 3826 4575 altaria
3867 4506 4013 4574 Deo
4067 4507 4386 4593 placando

2433 4595 2551 4660 dat
2591 4612 2891 4679 operam:
2950 4593 3063 4659 sed
3129 4601 3382 4660 interea
3426 4593 3568 4660 vult
3602 4593 3790 4660 illum
3834 4593 3957 4661 sibi
4001 4614 4146 4660 esse
4187 4593 4386 4659 mori-

2434 4701 2688 4767 gerum,
2733 4702 2857 4748 nec
2900 4678 3094 4745 aliter
3135 4699 3289 4745 eum
3333 4678 3563 4745 audire
3605 4681 3894 4746 sustinet
3936 4699 4132 4763 quam
4168 4680 4225 4745 si
4256 4678 4379 4744 fal-

2434 4768 2609 4833 laces
2652 4765 3006 4833 blanditias
3049 4765 3354 4849 proferat.

2609 4852 2709 4919 18.
2759 4852 2937 4920 Tunc
2976 4852 3323 4933 assumsit
3366 4849 3764 4934 parabolam.
3853 4850 4164 4916 Diximus
4222 4848 4382 4932 quid

2432 4939 2655 5005 valeat
2688 4938 2852 5005 haec
2884 4937 3200 5023 loquutio,
3246 4956 3481 5021 nempe
3515 4936 3936 5022 magnificum
3971 4934 4383 5018 splendorem

2433 5044 2592 5110 prae
2634 5044 2705 5091 se
2749 5024 2920 5090 ferre
2978 5026 3049 5089 in
3105 5042 3408 5090 sermone
3423 5072 3441 5102 ,
3497 5043 3625 5106 quo
3679 5021 3893 5107 magis
3947 5028 4239 5086 attentus
4295 5020 4385 5087 sit

2434 5109 2712 5176 auditor.
2801 5108 2952 5192 Quo
2996 5111 3191 5176 etiam
3235 5115 3486 5193 spectat
3529 5107 3878 5192 praefatio:
3936 5104 4115 5173 Audi
4158 5106 4383 5186 Balac,

2435 5196 2732 5264 ausculta
2786 5194 2880 5261 fili
2942 5192 3200 5280 Sippar.
3289 5194 3462 5260 Nam
3522 5193 3994 5278 geminationes
4050 5191 4248 5272 istae,
4307 5202 4385 5259 ut

2435 5282 2798 5367 plurimum
2840 5290 2996 5348 sunt
3034 5280 3476 5365 emphaticae,
3535 5291 3604 5344 et
3648 5277 3891 5361 aliquid
3938 5299 4063 5343 non
4114 5278 4383 5363 vulgare

2435 5368 2712 5451 spirant.
2813 5367 2959 5433 Iam
3026 5387 3228 5450 quum
3296 5374 3499 5451 negat
3556 5362 3778 5429 Deum
3840 5364 4108 5431 mentiri
4172 5385 4380 5449 posse,
