5017 6142
466 436 594 505 355

464 627 654 693 foret.
717 623 829 692 Ad
864 624 1025 692 haec
1065 644 1268 709 quum
1311 624 1462 691 libri
1497 624 1702 691 Mosis
1746 624 1965 709 populi
2009 632 2075 691 et
2118 623 2414 690 sacerdo·

468 720 612 778 tum
634 711 889 778 incuria
921 710 1320 795 aliquamdiu
1354 710 1594 796 sepulti
1628 711 1889 789 fuerint,
1933 719 2212 793 quantae
2249 731 2420 776 erro-

466 818 618 864 rum
671 795 981 864 tenebrae
1023 805 1452 879 occupassent
1507 796 1805 863 omnium
1860 805 2116 862 mentes
2151 796 2207 862 si
2252 795 2417 860 nihil

467 882 708 950 fuisset
741 881 1107 967 scriptum?
1167 882 1373 948 Porro
1413 903 1613 966 quum
1649 882 1814 948 duae
1858 881 2118 948 tabulae
2152 881 2222 946 in
2266 901 2419 948 arca

464 968 745 1036 foederis
784 968 1074 1036 inclusae
1115 978 1365 1046 essent,
1421 968 1598 1034 locus
1640 968 2169 1051 interpretationi
2213 966 2415 1052 assig-

470 1063 671 1121 natur
702 1053 786 1122 ad
820 1054 1015 1121 latus:
1060 1074 1145 1120 ne
1181 1052 1485 1119 dubitent
1517 1054 1729 1136 ipsam
1773 1074 2027 1138 quoque
2062 1052 2145 1119 ab
2188 1052 2414 1120 eodem

468 1150 696 1208 autore
740 1140 883 1207 Deo
938 1160 1081 1206 esse
1125 1139 1499 1222 profectam.
1588 1140 1734 1205 Iam
1776 1138 1928 1222 quia
1972 1140 2039 1205 in
2084 1138 2189 1205 his
2229 1138 2416 1205 libris

470 1235 862 1311 repetuntur
905 1225 1130 1292 decem
1168 1224 1383 1300 verba,
1423 1224 1694 1290 minime
1738 1244 2001 1291 necesse
2035 1225 2160 1290 fuit
2194 1245 2413 1291 arcam

470 1313 743 1396 aperiri:
789 1311 958 1395 quod
1003 1312 1201 1377 etiam
1244 1312 1428 1376 nefas
1471 1320 1627 1388 erat,
1673 1311 1826 1377 dum
1864 1331 1949 1375 ex
1984 1309 2171 1376 libris
2206 1311 2414 1377 Mosis

470 1397 836 1465 doctrinam
876 1398 947 1463 in
992 1397 1235 1463 tabulis
1276 1396 1679 1463 reconditam
1723 1407 1945 1482 petere
1986 1396 2189 1464 licuit.
2269 1398 2415 1462 Hoc

468 1483 730 1568 quidem
809 1483 1165 1550 tenendum
1245 1491 1374 1562 est,
1459 1482 1742 1549 locatum
1822 1482 2025 1549 fuisse
2097 1483 2415 1549 volumen

468 1588 672 1653 prope
708 1589 947 1647 arcam,
994 1568 1330 1654 dignitatis
1373 1587 1588 1646 causa,
1632 1578 1711 1633 ut
1753 1589 1957 1653 quum
1999 1567 2156 1634 inde
2198 1589 2237 1634 a
2282 1568 2414 1634 Le-

468 1654 622 1722 vitis
665 1654 1123 1739 depromptum
1165 1662 1354 1732 esset,
1398 1655 1626 1719 maiori
1670 1654 2041 1721 reverentia
2079 1653 2416 1721 audiretur

469 1741 677 1807 lectio.
766 1739 961 1822 Quod
1019 1748 1236 1806 autem
1292 1739 1560 1818 dicitur,
1620 1749 1695 1805 ut
1735 1741 1823 1806 sit
1865 1740 1935 1805 in
1980 1748 2216 1807 testem
2259 1761 2414 1806 con-

465 1835 571 1893 tra
615 1836 698 1905 te,
744 1828 954 1910 primo
990 1846 1124 1891 non
1166 1825 1587 1909 restringitur
1631 1825 1713 1890 ad
1750 1826 2043 1906 Levitae,
2087 1824 2205 1892 sed
2238 1846 2415 1892 com·

465 1913 758 1978 muniter
800 1909 883 1977 ad
924 1919 1130 1977 totum
1175 1911 1486 1994 populum
1528 1911 1832 1996 pertinet.
1892 1912 2144 1977 Verum
2186 1912 2268 1976 ad
2304 1923 2415 1977 eos

432 2044 442 2054 -
469 2005 786 2081 tanquam
808 1997 893 2062 ad
918 1997 1280 2063 membrum
1320 2018 1523 2062 unum
1561 1999 1851 2081 corporis
1881 1996 2187 2080 dirigitur
2221 2018 2413 2082 gene·

469 2083 629 2149 ralis
653 2102 901 2148 sermo:
933 2081 1163 2149 deinde
1186 2103 1387 2167 quum
1409 2083 1758 2167 multiplex
1777 2084 1864 2150 sit
1885 2083 2216 2149 doctrinae
2239 2104 2415 2162 usus,

469 2190 603 2235 una
647 2176 904 2234 tantum
947 2188 1100 2253 pars
1142 2168 1513 2253 attingitur,
1554 2189 1675 2236 nec
1709 2170 1887 2236 enim
1931 2169 2000 2236 in
2036 2190 2189 2236 eum
2226 2169 2415 2235 modo

468 2256 670 2320 finem
724 2254 966 2337 scripta
1023 2255 1131 2320 lex
1186 2255 1342 2334 fuit,
1403 2261 1478 2319 ut
1521 2256 1706 2321 testis
1751 2264 1923 2322 esset
1976 2254 2060 2321 ad
2106 2254 2415 2338 populum

467 2338 948 2406 damnandum:
1042 2338 1158 2407 sed
1242 2360 1474 2406 norma
1551 2352 1721 2407 esset
1797 2341 1945 2425 piae
2023 2351 2416 2423 sanctaeque

468 2424 680 2504 vitae,
745 2433 810 2491 et
888 2425 1144 2509 paterni
1209 2424 1337 2492 Dei
1402 2426 1646 2492 favoris
1711 2428 2179 2493 testimonium.
2281 2424 2417 2492 Sed

467 2512 622 2594 quia
697 2531 847 2577 cum
911 2511 1097 2578 duris
1176 2520 1242 2576 et
1304 2510 1604 2596 superbis
1682 2513 2004 2597 capitibus
2077 2514 2416 2596 negotium

467 2608 639 2676 erat,
691 2597 1048 2664 denunciat
1090 2597 1338 2678 Moses,
1394 2597 1649 2679 quoties
1690 2599 1759 2664 in
1806 2599 2095 2665 medium
2136 2596 2419 2682 prodibi-

464 2682 562 2749 bit
605 2681 767 2783 baec
811 2682 1139 2761 doctrina,
1184 2681 1693 2750 inexcusabilem
1738 2685 1876 2751 fore
1919 2705 2143 2750 eorum
2186 2693 2416 2750 contu-

463 2788 762 2834 maclam.

635 2854 740 2919 27.
809 2851 947 2937 qu
999 2854 1166 2920 enim
1219 2856 1378 2921 novi.
1465 2855 1663 2921 Ratio
1700 2854 1997 2921 redditur
2039 2875 2155 2922 cur
2198 2854 2414 2921 obiur-

464 2940 717 3024 gatorie
761 2946 1023 3005 tantum
1066 2949 1133 3005 et
1174 2941 1402 3006 acerbe
1448 2940 1810 3007 doctrinam
1854 2961 2039 3007 suam
2059 2991 2075 3021 ‚
2122 2950 2411 3025 praeter-

466 3025 670 3091 missa
714 3025 857 3092 eius
903 3024 1212 3103 utilitate,
1261 3034 1493 3092 testem
1538 3027 1841 3093 citaverit
1883 3035 2111 3093 contra
2154 3026 2414 3093 Israeli-

461 3117 598 3177 tas:
656 3131 892 3194 nempe
936 3111 1090 3195 quia
1131 3121 1444 3195 expertus
1485 3113 1570 3179 sit
1622 3133 1762 3181 esse
1796 3111 2154 3179 indomitae
2203 3113 2414 3180 cervi-

461 3196 556 3262 cis
598 3194 705 3283 (de
749 3217 880 3280 qua
921 3196 1297 3280 loquutione
1355 3198 1510 3264 alibi
1561 3197 1808 3265 dictum
1862 3198 2019 3286 est),
2079 3221 2201 3266 nec
2257 3220 2411 3266 con-

458 3281 624 3348 fidat
666 3283 875 3366 magis
916 3283 1055 3348 fore
1098 3283 1356 3350 dociles.
1445 3284 1903 3352 Ratiocinatur
1944 3292 2164 3351 autem
2208 3305 2248 3350 a
2290 3286 2413 3351 mi-

457 3367 607 3433 nori
649 3367 731 3433 ad
768 3368 1011 3435 maius:
1095 3371 1202 3435 uia
1233 3371 1292 3435 si
1316 3370 1469 3436 vivo
1506 3370 1621 3436 tali
1643 3369 1805 3437 duce
1831 3370 2095 3437 fuerunt
2117 3371 2412 3450 rebelles,

461 3453 671 3519 multo
745 3452 893 3537 plus
964 3475 1047 3521 au
1096 3456 1270 3522 aciae
1333 3456 1660 3539 sumpturi
1725 3457 1859 3523 sint
1921 3458 2063 3540 ipso
2128 3466 2408 3523 mortuo.

459 3538 723 3606 Scimus
765 3540 943 3606 enim
987 3549 1303 3625 quantum
1343 3541 1428 3607 ad
1461 3541 1888 3608 fraenandam
1922 3543 2144 3627 populi
2181 3543 2413 3609 intem-

457 3626 708 3776 periem
764 3626 980 3693 valeat
1043 3628 1267 3712 magni
1323 3636 1391 3692 et
1448 3628 1829 3694 excellentis
1886 3628 2015 3694 viri
2069 3630 2408 3696 autoritas.

498 3719 724 3777 nterea
777 3733 910 3778 non
966 3711 1089 3778 sibi
1144 3720 1405 3778 tantum
1461 3722 1726 3797 arrogat
1766 3713 2018 3795 Moses,
2062 3721 2138 3781 ut
2180 3734 2220 3779 a
2273 3714 2411 3781 solo

458 3817 578 3863 suo
633 3806 899 3881 aspectu
964 3798 1250 3881 pendere
1309 3795 1480 3864 dicat
1537 3808 1788 3866 rectum
1849 3800 2072 3882 populi
2130 3808 2410 3866 statum:

460 3882 577 3949 sed
621 3883 986 3966 periculum
1046 3882 1531 3963 demonstrans,
1591 3883 1812 3950 studet
1855 3905 1965 3952 eos
2008 3886 2221 3971 magis
2262 3886 2410 3952 red-

462 3968 615 4035 dere
660 3968 815 4035 obse
859 3976 1094 4035 uentes
1134 3978 1284 4052 post
1325 3977 1602 4035 mortem
1645 3989 1852 4035 suam.

633 4055 736 4120 28.
1003 4060 1174 4139 epate
1207 4056 1294 4122 ad
1324 4075 1440 4121 me.
1501 4055 1634 4121 Hic
1669 4055 2017 4139 peculiaris
2056 4058 2131 4122 fit
2164 4059 2412 4124 mentio

461 4140 731 4219 cantici,
811 4140 985 4224 quod
1065 4139 1277 4206 solum
1352 4141 1551 4207 fuisse
1622 4141 1967 4208 recitatum
2033 4163 2116 4208 ex
2182 4143 2411 4210 ultimo

463 4245 657 4292 versu
736 4226 1079 4310 colligitur.
1166 4226 1451 4293 Videtur
1527 4232 1751 4293 tamen
1830 4248 2050 4295 secum
2117 4249 2411 4314 pugnare

458 4310 711 4391 Moses,
778 4310 933 4378 dum
984 4312 1275 4378 seniores
1331 4319 1588 4378 tantum
1644 4319 1711 4378 et
1766 4314 2128 4396 praefectos
2188 4316 2409 4382 vocari

460 4396 678 4481 iubet,
733 4404 807 4463 ut
865 4395 1163 4463 audiant:
1224 4399 1417 4480 paulo
1472 4406 1620 4481 post
1678 4406 1900 4464 autem
1945 4411 2410 4467 commemorat

458 4503 530 4550 se
570 4481 692 4548 toti
735 4482 976 4566 populo
1019 4484 1273 4568 legisse.
1362 4484 1613 4551 Verum
1647 4483 1810 4551 haec
1855 4485 1983 4552 duo
2018 4485 2211 4554 facile
2253 4509 2405 4554 con-

457 4567 639 4636 ciliat
694 4567 944 4636 ordinis
988 4572 1184 4647 ratio,
1242 4590 1440 4654 quam
1482 4572 1553 4636 in
1596 4571 2056 4656 congreganda
2105 4573 2409 4639 multitu·

459 4655 614 4723 dine
673 4654 906 4722 solitus
962 4656 1085 4721 fuit
1129 4655 1513 4723 observare:
1570 4676 1726 4722 nam
1768 4678 1853 4722 ex
1908 4658 2204 4741 pluribus
2246 4657 2407 4727 locis

459 4740 677 4825 palam
721 4743 826 4822 fit,
883 4762 1015 4808 non
1071 4742 1165 4806 ita
1208 4743 1577 4825 promiscue
1632 4743 1835 4809 fuisse
1877 4752 2178 4823 vocatos,
2244 4746 2406 4829 quin

458 4828 749 4894 tribuum
840 4828 1121 4911 rincipes
1165 4840 1231 4892 et
1274 4828 1498 4911 populi
1542 4829 1757 4911 capita
1798 4849 1952 4895 suas
1996 4838 2247 4896 turmas
2282 4831 2405 4897 du-

458 4920 703 4982 cerent.
831 4921 1027 4998 taque
1111 4914 1447 4980 seniorum
1532 4915 1782 4980 vocatio
1856 4913 2068 5001 (cuius
2146 4915 2255 4983 hic
2328 4918 2407 4983 fit

457 4999 731 5087 mentio)
787 4997 949 5066 adeo
992 5021 1125 5066 non
1168 4998 1459 5067 excludit
1510 4998 1833 5083 reliquam
1887 5000 2403 5080 multitudinem,

458 5094 533 5151 ut
598 5087 815 5169 potius
880 5084 1206 5170 significet
1268 5086 1614 5153 collectum
1658 5085 1856 5152 fuisse
1995 5087 2230 5172 pulum
2283 5109 2404 5173 per

457 5192 611 5238 suas
668 5170 878 5238 tribus
922 5181 990 5239 et
1033 5173 1292 5238 classes.
1379 5170 1588 5256 quue
1641 5169 1877 5238 elicere
1944 5172 2071 5241 icet
2123 5195 2205 5240 ex
2249 5194 2401 5241 con-

456 5262 672 5335 textu,
718 5257 875 5341 qnia
917 5266 1094 5326 certe
1136 5257 1389 5326 coelum
1424 5266 1491 5324 et
1535 5264 1778 5323 terram
1822 5266 2226 5327 contestatus
2269 5280 2400 5325 non

455 5351 558 5409 est
614 5354 844 5410 contra
901 5344 1074 5411 solos
1139 5345 1534 5429 praefectos:
1602 5351 1671 5410 et
1736 5352 1955 5411 tamen
2012 5344 2079 5411 id
2138 5345 2401 5413 videtur

1888 433 2297 504 REDI'PUS
2342 433 2473 503 AD
2514 432 3064 502 HISTORIAM.

4343 429 4474 496 356

2519 623 2818 690 innuere.
2908 622 3088 709 Ergo
3150 622 3276 691 sub
3340 621 3612 690 ducibus
3674 621 4251 707 comprehenditur
4329 631 4470 692 tota

2518 707 2888 775 multitudo.
2935 710 3285 776 Caeterum
3306 708 3480 793 quod
3500 729 3732 776 rursus
3753 709 3972 776 Moses
3998 730 4251 776 meram
4287 731 4468 777 ama-

2521 793 2875 861 ritudinem
2919 796 3143 878 spirat,
3183 795 3253 863 id
3295 796 3569 862 extorsit
3605 815 3914 880 perversa
3955 796 4166 879 gentis
4208 805 4466 864 natura.

2520 878 2835 965 Optasset
2890 879 3068 947 haud
3111 880 3308 948 dubie
3362 901 3633 947 suavem
3675 890 3744 947 et
3784 881 4137 949 iucundam
4181 882 4284 948 sui
4328 903 4469 949 me-

2523 967 2794 1033 moriam
2840 966 3243 1051 relinquere:
3302 967 3523 1050 itaque
3579 967 3860 1033 libenter
3898 988 4007 1034 eos
4051 966 4135 1033 ad
4178 968 4468 1034 officium

2521 1062 2695 1118 esset
2739 1052 3065 1132 hortatus,
3110 1054 3217 1119 vel
3264 1051 3532 1131 blande,
3577 1052 3685 1119 vel
3729 1052 3962 1120 saltem
4008 1052 4292 1137 placide:
4348 1053 4468 1120 sed

2519 1137 2732 1222 coegit
2810 1158 3035 1204 eorum
3111 1138 3476 1223 pervicacia
3548 1138 4068 1224 indignationem
4145 1141 4470 1207 sermonis

2516 1223 2867 1308 asperitate
2923 1225 3170 1290 testari.
3259 1223 3451 1291 Adde
3507 1222 3681 1309 quod
3727 1246 3857 1291 non
3900 1225 4031 1291 iam
4081 1246 4164 1292 ex
4208 1227 4467 1292 coniec-

2517 1309 2684 1375 turis
2726 1307 2970 1375 iudicat
3012 1310 3168 1394 quid
3210 1308 3449 1378 facturi
3490 1312 3655 1389 sint,
3707 1310 3824 1377 sed
3868 1309 4113 1378 diserte
4154 1312 4469 1395 exprimit

2516 1415 2588 1461 se
2628 1404 2804 1461 certo
2847 1395 3048 1461 scire:
3101 1395 3278 1462 hand
3338 1396 3534 1462 dubie
3581 1394 3736 1481 quia
3776 1397 4083 1480 spiritus,
4140 1397 4470 1465 canticum

2517 1480 2852 1560 dictando,
2920 1481 3114 1548 simul
3173 1483 3371 1548 etiam
3428 1480 3586 1566 quid
3641 1481 3882 1548 facturi
3939 1493 4160 1549 essent
4224 1484 4467 1551 docuit.

2517 1567 2969 1634 Defectionem
3033 1588 3260 1633 eorum
3332 1576 3518 1634 notat
3582 1566 3835 1635 duobus
3900 1569 4153 1649 verbis,
4230 1591 4379 1636 nem

2519 1652 2800 1718 Cortum
2887 1652 3002 1718 ndi
3059 1661 3125 1719 et
3182 1653 3551 1721 declinandi
3595 1675 3632 1720 e
3677 1655 3801 1720 via.
3890 1653 4068 1736 Quia
4113 1665 4336 1722 autem
4389 1676 4469 1720 m

2519 1739 2735 1823 priore
2837 1739 3114 1805 efectiva
3170 1747 3271 1806 est
3320 1740 3532 1806 oratio
3549 1789 3564 1817 ,
3622 1740 3795 1823 quod
3854 1742 4130 1806 verbum
4177 1742 4469 1808 activum

2517 1824 2661 1890 sine
2705 1823 3065 1891 adiectione
3109 1826 3407 1908 ponitur,
3465 1824 3728 1909 quidam
3771 1825 4204 1893 subaudiunt:
4265 1826 4470 1893 Viam

2516 1910 2805 1976 Domini.
2892 1911 3038 1995 Ego
3103 1911 3431 1978 diversam
3509 1911 3854 1978 lectionem
3918 1920 4234 1995 sequutus
4298 1933 4469 1995 sum,

2514 2016 2681 2079 quae
2738 1995 2975 2062 rectior
3032 1997 3174 2063 visa
3226 2013 3353 2076 est,
3407 1998 3670 2082 passiva
3727 2008 3827 2064 est
3882 1999 4056 2064 enim
4105 1998 4290 2064 verbi
4329 1999 4470 2084 sig-

2517 2083 2802 2147 nificatio
2867 2082 3080 2166 magis
3146 2103 3339 2167 quam
3404 2083 3772 2149 transitiva.
3862 2084 4137 2150 Modum
4196 2105 4467 2168 corrup-

2518 2168 2718 2233 tionis
2770 2166 3101 2253 designat,
3146 2170 3589 2252 pronuncians
3633 2190 3669 2234 e
3704 2170 3816 2235 via
3856 2190 4055 2253 quam
4101 2169 4471 2237 didicerant

2519 2273 2916 2319 recessuros:
2981 2253 3144 2321 haec
3201 2254 3379 2320 enim
3436 2263 3578 2320 erat
3623 2256 3883 2339 integra
3926 2276 4151 2322 eorum
4196 2256 4468 2336 sanitas,

2520 2360 2751 2423 parere
2795 2339 2938 2405 Deo
2982 2348 3051 2405 et
3091 2361 3288 2425 quam
3342 2341 3749 2407 monstrabat
3806 2342 3983 2407 viam
4041 2342 4259 2425 sequi,
4318 2363 4466 2409 cor-

2520 2425 2699 2507 rupti
2740 2445 2897 2509 ergo
2940 2434 3095 2491 sunt
3136 2426 3352 2510 legem
3396 2426 3771 2493 deserendo.
3859 2427 3966 2494 Ad
4002 2425 4164 2494 haec
4206 2428 4469 2511 oblique

2521 2509 2876 2594 exprobrat
2937 2511 3068 2576 illis
3133 2513 3352 2579 Moses
3415 2511 3997 2596 ingraditudincm:
4079 2515 4230 2596 quia
4295 2512 4473 2597 apud

2522 2605 2998 2679 contemptores
3083 2598 3232 2684 piae
3319 2598 3655 2664 doctrinae
3738 2619 4006 2682 operam
4093 2597 4470 2682 perdiderit.

2522 2682 2867 2749 Canticum
2912 2703 3067 2767 ergo
3110 2684 3258 2751 vult
3290 2684 3421 2750 illis
3464 2685 3743 2765 recitari,
3789 2692 3864 2750 ut
3899 2685 4179 2752 miseriis
4221 2684 4471 2767 afflicti,

2520 2777 2587 2833 et
2629 2768 3190 2855 semiconsumpti,
3244 2791 3389 2836 sero
3446 2769 3708 2836 tandem
3767 2770 4020 2837 discant
4060 2772 4280 2837 Deum
4324 2792 4471 2838 esse

2520 2855 2765 2921 iustum
2825 2853 3171 2922 vindicem.
3262 2856 3520 2923 Profuit
3575 2864 3794 2925 autem
3840 2856 4001 2923 haec
4043 2857 4344 2942 cognitio,
4388 2866 4471 2923 ut

2519 2938 2789 3006 tandem
2848 2939 2932 3005 ad
2997 2961 3227 3007 sanam
3284 2949 3573 3008 mentem
3637 2943 3958 3022 redirent,
4025 2943 4268 3027 alioqui
4332 2962 4470 3008 non

2522 3047 2788 3110 prorsus
2846 3025 3206 3111 desperati:
3267 3026 3528 3112 reprobi
3587 3036 3807 3094 autem
3867 3028 4081 3114 magis
4137 3049 4212 3096 ac
4254 3029 4468 3115 magis

2520 3113 3078 3179 convincerentur.
3168 3111 3346 3195 Quid
3403 3115 3490 3180 sit
3531 3116 3881 3181 contestari
3925 3114 4177 3181 coelum
4223 3126 4290 3180 et
4333 3123 4471 3181 ter·

2520 3217 2679 3279 ram,
2724 3197 2876 3264 alibi
2923 3200 3137 3265 visum
3182 3208 3299 3266 est.

2990 3541 3386 3608 DEU'PER.
3431 3542 3632 3609 OAP.
3677 3539 3982 3607 XXXII.

2692 3716 2747 3779 1.
2814 3713 3181 3780 Auscultate
3236 3713 3420 3790 coeli,
3474 3719 3533 3779 et
3583 3712 3837 3795 loquar,
3897 3715 3953 3777 et
4003 3714 4229 3779 audiat
4292 3717 4470 3780 terra

2519 3802 2765 3884 eloqtiia
2799 3801 2931 3866 oris
2963 3799 3103 3865 mei.
3171 3798 3231 3864 2.
3292 3797 3588 3878 Stillabit,
3623 3804 3691 3864 ut
3712 3798 3947 3879 pluvia
3971 3798 4256 3866 doctrina
4287 3819 4467 3864 mea:

2516 3887 2776 3954 stillabit
2812 3891 2884 3951 ut
2923 3906 3028 3951 ros
3062 3883 3370 3967 eloquium
3411 3904 3633 3964 meum,
3671 3889 3743 3949 ut
3770 3883 4033 3966 pluviae
4085 3905 4277 3966 super
4312 3906 4466 3968 yra-

2516 3993 2673 4054 men,
2719 3969 3649 4053 etutimbersuperherbam.
3717 3969 3778 4035 3.
3833 3970 4470 4053 Quianomenlebo-

2516 4079 2630 4125 vae
2670 4057 2986 4126 invocabo.-
3025 4058 3170 4124 date
3207 4056 3692 4140 magnitudinem
3733 4055 3875 4122 Deo
3917 4060 4140 4123 nostro.
4230 4057 4291 4123 4.
4336 4055 4470 4122 Dei

2504 4145 2850 4228 perfectum
2891 4147 2980 4210 est
3037 4161 3224 4224 opus.-
3281 4162 3489 4208 omnes
3530 4143 3697 4208 enim
3748 4141 3886 4209 viae
3937 4141 4077 4208 eius
4124 4143 4469 4209 iudicimn:

2516 4230 2699 4297 Deus
2729 4230 2983 4308 veritas,
3026 4233 3083 4295 et
3114 4247 3239 4293 non
3270 4232 3363 4293 est
3394 4227 3720 4311 iniquitas,
3765 4227 3975 4294 iustus
4015 4233 4071 4295 et
4112 4234 4313 4296 rectus
4354 4232 4467 4294 est.

2515 4317 2574 4383 5.
2617 4315 2917 4397 Corrupit
2944 4334 3076 4381 sese
3101 4312 3220 4393 illi,
3239 4332 3364 4379 non
3390 4313 3518 4395 filii
3550 4314 3707 4393 eim,
3742 4313 3992 4380 macula
4020 4334 4253 4397 eorum,
4283 4334 4469 4399 yene-

2511 4402 2679 4469 ratio
2708 4422 2922 4484 prava
2964 4406 3019 4467 et
3047 4419 3370 4482 perversa.
3470 4400 3531 4465 6.
3577 4398 3843 4466 Iebovae
3893 4399 4240 4467 retribuitis
4292 4400 4468 4466 istud

2499 4487 2734 4570 popule
2756 4486 2938 4553 stulte
2969 4490 3025 4552 et
3057 4485 3415 4568 insipiens?
3450 4504 3652 4551 nonne
3674 4486 3811 4569 ipse
3841 4490 3930 4551 est
3950 4491 4140 4569 pater
4170 4491 4319 4552 tuus
4350 4486 4472 4567 qui

2512 4573 2849 4657 acquisivit
2888 4577 2962 4651 te,
3010 4573 3145 4653 ipse
3182 4570 3330 4654 fecit
3370 4576 3441 4649 te,
3480 4576 3540 4636 et
3567 4572 3987 4654 praeparavit
4026 4572 4136 4638 te?
4225 4573 4284 4638 7.
4332 4569 4470 4636 Μο-

2509 4665 2710 4725 mento
2734 4659 2983 4724 dierum
3004 4657 3255 4733 saeculi,
3279 4656 3549 4741 intelliqe
3566 4677 3766 4724 annos
3780 4659 4198 4742 qenai-ationis
4215 4663 4272 4725 et
4285 4677 4467 4742 qene—

2509 4745 2797 4824 ratio'ni3‚
2825 4744 3141 4828 interroya
3155 4748 3405 4825 patrem
3436 4748 3630 4821 tuum,
3667 4743 4075 4810 annunciabit
4107 4742 4221 4811 tibi
4236 4770 4256 4810 :
4286 4763 4470 4810 senes

2507 4836 2664 4908 tuos,
2715 4835 2771 4897 et
2810 4829 3011 4897 dicent
3049 4828 3179 4895 tibi.
3269 4830 3329 4895 8.
3395 4828 3656 4912 Quando
3694 4828 4103 4897 haereditates
4144 4829 4467 4897 distribuit

2507 4916 2782 4984 excelsus
2809 4914 3107 5000 gentibus,
3139 4915 3386 4998 quando
3416 4915 3737 4997 separavit
3764 4914 3935 4996 filios
3954 4915 4290 4997 bantinum,
4332 4920 4466 4981 sta-

2507 5003 2626 5068 tuit
2664 5002 2956 5069 terminos
2982 5002 3365 5084 populorum
3393 5021 3518 5083 pro
3558 5021 3813 5068 numero
3849 5001 4133 5083 filiorum
4167 5002 4460 5071 Israelis,

2504 5088 2569 5240 Ξ.
2620 5087 2790 5154 Pars
2830 5088 2996 5154 enim
3040 5087 3302 5155 Iehovae
3337 5087 3611 5173 populus
3645 5088 3798 5168 εἰπε,
3846 5087 4033 5155 Iacob
4063 5108 4204 5156 sors
4247 5088 4466 5154 haere-

2553 5175 2729 5240 itatis
2769 5174 2924 5241 eius.
