5017 6142
592 446 721 513 163

599 643 743 700 tum
789 632 1040 712 Paran,
1095 632 1208 698 sed
1265 633 1387 700 sub
1446 630 1549 698 dio
1607 632 1968 699 cubuerint.
2056 632 2248 714 Quod
2300 631 2539 696 dicitur

600 738 752 785 arca
819 719 1244 801 praecessisse
1302 720 1412 784 via
1455 719 1656 784 trium
1717 718 2001 798 dierum,
2068 740 2201 784 non
2258 717 2537 783 refertur

601 803 686 869 ad
723 803 1116 880 distantiam,
1156 805 1339 886 quasi
1385 804 1595 870 triduo
1631 805 1827 870 fucrit
1859 804 2241 888 praemissa:
2286 801 2404 869 sed
2442 803 2541 868 ita

609 890 809 955 fuisse
865 890 1141 954 locatam
1197 890 1266 953 in
1317 891 1530 972 prima
1586 891 1749 969 acie,
1809 899 1888 955 ut
1945 889 2115 956 nube
2158 909 2353 971 super
2394 909 2539 954 eam

604 974 928 1041 insidente
1004 973 1280 1057 gradum
1356 976 1662 1041 sisterent
1740 982 2051 1058 tanquam
2125 976 2195 1040 in
2259 974 2543 1039 statione

605 1059 730 1126 sibi
774 1059 1090 1126 divinitus
1136 1061 1438 1143 praefixa.
1513 1062 1699 1127 Haec
1733 1062 1854 1126 fuit
1888 1060 2128 1144 quietis
2162 1059 2541 1144 exploratio,

608 1145 690 1212 de
731 1166 858 1228 qua
901 1146 1205 1228 loquitur.

783 1230 885 1296 35.
960 1231 1163 1312 Quum
1207 1249 1357 1296 arca
1398 1232 1591 1312 eoepit
1616 1232 1952 1314 proticisci.
2041 1231 2213 1312 Quia
2254 1231 2383 1296 iter
2425 1231 2541 1296 mi-

608 1315 789 1381 nime
837 1316 1162 1399 placatum
1192 1314 1236 1403 ¹)
1294 1325 1464 1392 erat,
1510 1317 1624 1381 sed
1660 1315 1948 1399 undique
1983 1317 2314 1383 metuendi
2357 1325 2547 1381 erant

608 1400 896 1467 hostium
955 1421 1289 1480 occursus,
1357 1423 1618 1468 necesse
1684 1402 1806 1467 fuit
1861 1400 2078 1468 Deum
2135 1403 2417 1486 precari,
2468 1408 2546 1467 ut

609 1485 898 1569 prodiret
974 1488 1159 1570 quasi
1216 1498 1484 1570 paratus
1548 1488 1626 1552 ad
1692 1487 2081 1552 bellandum.
2178 1487 2282 1553 Ita
2347 1487 2543 1552 etiam

610 1573 1020 1637 confirmavit
1055 1570 1271 1637 Moses
1306 1572 1526 1655 populi
1563 1574 1843 1651 animos,
1887 1595 1970 1638 ne
2014 1584 2222 1638 terror
2268 1595 2348 1637 ex
2392 1593 2543 1656 pro-

610 1657 790 1740 piore
834 1679 1092 1723 accessu
1136 1658 1343 1722 lentos
1387 1665 1502 1723 aut
1544 1658 1814 1743 ignavos
1857 1657 2173 1723 redderet.
2260 1655 2546 1724 Perinde

612 1749 714 1808 est
778 1744 980 1828 igitur
1028 1763 1103 1809 ac
1161 1742 1219 1808 si
1269 1743 1333 1806 in
1384 1744 1559 1807 hunc
1614 1742 1877 1809 modum
1935 1754 2237 1827 precatus
2292 1743 2544 1821 fuisset,

612 1828 898 1893 Domine
952 1849 1085 1893 non
1142 1829 1317 1895 viam
1374 1829 1565 1892 modo
1613 1829 1799 1894 nobis
1866 1837 2364 1912 praemonstres,
2430 1828 2543 1895 sed

611 1934 847 1979 manus
883 1935 1135 1997 quoque
1179 1926 1325 1979 tuae
1363 1914 1690 1996 potentiae
1732 1915 2016 1998 aperias,
2063 1913 2357 1980 hostibus
2394 1935 2544 1998 pro-

609 1999 875 2082 fligatis.
964 1999 1174 2063 Vocat
1229 2010 1445 2064 autem
1505 2000 1724 2065 hostes
1780 2020 1908 2065 non
1953 2001 2178 2083 populi
2226 2000 2337 2066 sed
2384 2000 2540 2065 Dei:

608 2095 684 2148 ut
726 2086 1020 2168 persuasi
1066 2086 1198 2149 sint
1239 2083 1578 2150 Israelitae
1620 2084 1745 2149 sub
1788 2085 1927 2150 eius
1963 2086 2262 2169 auspiciis
2307 2106 2377 2150 se
2421 2086 2541 2165 mi·

605 2168 817 2234 litare.
907 2170 1075 2235 Nam
1136 2178 1201 2234 et
1243 2170 1518 2234 victoria
1558 2171 1795 2236 certior
1838 2169 1992 2235 inde
2035 2169 2353 2253 speranda
2395 2170 2540 2247 fuit,

608 2254 777 2336 quod
814 2255 996 2321 Deus
1030 2255 1241 2319 iustus
1275 2256 1630 2337 impietatis
1665 2255 1910 2321 vindex
1946 2255 2320 2340 proeliando
2354 2277 2542 2321 suam

610 2338 818 2423 ipsius
862 2359 1120 2406 causam
1164 2349 1403 2423 ageret.
1492 2340 1748 2407 Deinde
1792 2362 1926 2406 non
1985 2343 2223 2426 exigua
2272 2342 2396 2406 fuit
2437 2362 2541 2406 so-

608 2424 747 2488 latii
790 2433 857 2489 et
897 2424 1116 2509 gaudii
1160 2427 1463 2504 materia,
1510 2449 1707 2510 quum
1755 2427 2008 2492 audiret
2041 2427 2355 2511 populus,
2400 2428 2542 2511 qui·

602 2531 858 2593 cunque
901 2511 980 2575 ad
1024 2512 1238 2593 ipsum
1280 2511 1521 2576 iniuste
1543 2512 1915 2578 vexandum
1937 2513 2368 2597 insurgerent,
2414 2511 2541 2577 Dei

607 2616 861 2678 quoque
897 2617 1035 2661 esse
1079 2596 1330 2661 hostes:
1386 2597 1537 2679 quia
1580 2617 1732 2662 suos
1777 2618 1907 2662 non
1950 2617 2138 2663 secus
2182 2599 2351 2663 tueri
2401 2597 2544 2663 vult

606 2699 683 2745 ac
740 2680 1055 2764 pupillam
1107 2681 1293 2746 oculi.
1380 2681 1608 2763 Itaque
1666 2682 1986 2766 propheta
2028 2691 2103 2748 ιιι
2144 2683 2380 2748 fiducia
2435 2704 2541 2748 ar·

606 2772 818 2830 maret
843 2766 1197 2846 ecclesiam,
1228 2776 1292 2830 et
1319 2766 1652 2832 alacritate
1678 2767 1931 2833 fulciret
1961 2778 2187 2833 contra
2221 2768 2543 2833 violentos

608 2849 893 2916 hostium
917 2852 1217 2933 impetus,
1244 2851 1418 2916 hunc
1438 2851 1652 2917 locum
1676 2862 2014 2918 mutuatus
2036 2861 2137 2919 est
2165 2852 2298 2939 (Ps.
2327 2853 2430 2932 68,
2452 2852 2540 2939 2).

609 2934 817 3000 Porro
875 2935 1160 3001 notanda
1216 2944 1316 3001 est
1360 2937 1657 3021 analogia
1699 2948 1766 3003 et
1809 2938 2166 3005 similitudo
2200 2939 2373 3004 inter
2409 2940 2540 3023 sig-

610 3042 767 3087 num
835 3021 1093 3088 visibile
1158 3032 1223 3086 et
1284 3042 1426 3087 rem
1468 3023 1811 3107 signatam.
1888 3026 2117 3108 Neque
2179 3026 2354 3090 enim
2402 3032 2539 3089 tam

609 3126 868 3173 crassus
939 3107 1066 3172 fuit
1141 3107 1391 3186 Moses,
1482 3118 1558 3173 ut
1638 3130 1856 3176 arcam
1930 3110 2367 3193 alloqueretur
2438 3110 2542 3176 his

606 3191 855 3272 verbis,
923 3192 1038 3257 sed
1102 3199 1354 3259 tantum
1421 3195 1678 3278 rogavit
1742 3204 1816 3260 ut
1858 3194 2043 3261 Deus
2086 3216 2159 3260 re
2200 3196 2345 3279 ipsa
2391 3217 2541 3279 pro-

604 3277 790 3427 baret
855 3299 1071 3344 arcam
1137 3301 1278 3347 esse
1340 3279 1606 3346 virtutis
1668 3286 1735 3346 et
1794 3282 2037 3365 gloriae
2100 3302 2254 3348 suae
2318 3282 2542 3348 vivam

607 3382 644 3427 e
763 3382 911 3428 iem.

719 3383 761 3446 g
780 3448 884 3513 36.
928 3449 1187 3531 Quando
1221 3450 1647 3532 requiescebat.
1728 3450 1832 3516 Ita
1863 3451 2183 3536 precando
2226 3450 2541 3534 populum

610 3554 863 3616 quoque
915 3535 996 3599 ad
1063 3536 1442 3619 patientiam
1507 3535 1804 3602 hortatus
1866 3550 1997 3616 est,
2066 3560 2146 3603 ne
2213 3537 2541 3602 fastidium

609 3642 692 3685 ex
750 3640 932 3685 mora
992 3629 1219 3685 natum
1273 3620 1787 3704 indignationem
1823 3631 2099 3706 pareret.
2188 3622 2541 3688 Molestum

609 3707 784 3772 enim
839 3706 1077 3788 alioqui
1141 3718 1282 3772 erat
1348 3706 1606 3772 extrahi
1659 3708 2196 3791 peregrinationis
2253 3717 2540 3792 tempus:

601 3801 682 3858 ιιι
746 3812 889 3858 sero
954 3793 1252 3857 venirent
1330 3789 1412 3854 ad
1474 3812 1657 3857 suam
1722 3797 2021 3876 quietem.
2109 3795 2202 3858 Et
2242 3795 2544 3861 videmus

607 3886 685 3943 ut
739 3877 1108 3943 exacerbati
1167 3877 1409 3942 fuerint
1462 3898 1686 3942 eorum
1748 3879 1986 3959 animi,
2051 3898 2125 3943 ac
2182 3879 2240 3944 si
2297 3879 2545 3944 tardior

608 3983 988 4046 progressus
1041 3962 1357 4045 quaedam
1414 3974 1585 4027 esset
1650 3964 2001 4029 frustratio.
2087 3963 2280 4030 Hanc
2342 3964 2546 4048 igitur

608 4048 1062 4129 intemperiem
1144 4056 1216 4113 ιιι
1292 4045 1575 4132 corrigat
1654 4049 1905 4133 Moses,
1979 4048 2281 4114 admonet
2353 4050 2544 4115 utiles

609 4132 741 4197 illis
785 4154 927 4198 esse
971 4134 1315 4199 stationes:
1377 4142 1451 4198 ut
1494 4132 1678 4199 Deus
1724 4140 2030 4215 tanquam
2075 4134 2546 4218 paterfamilias

613 4215 785 4282 domi
834 4217 1160 4298 residens,
1218 4239 1442 4284 eorum
1499 4240 1719 4285 curam
1767 4228 1968 4303 gerat.
2053 4218 2312 4285 Alludit
2368 4220 2546 4285 enim

611 4301 694 4367 ad
737 4303 1031 4370 homines
1075 4304 1185 4387 qui
1223 4312 1480 4387 tempus
1524 4306 1801 4371 otiosum
1845 4312 1911 4369 et
1954 4304 2035 4370 ab
2081 4305 2224 4370 aliis
2267 4305 2546 4391 negotiis

610 4407 895 4454 vacuum
940 4399 1224 4470 sumunt,
1270 4409 1393 4473 quo
1438 4390 1704 4456 liberius
1740 4401 1971 4456 vacent
2014 4390 2095 4455 ad
2141 4396 2313 4456 suos‘
2340 4390 2545 4473 respi-

609 4475 892 4541 ciendos.

1117 4817 1248 4882 EX
1288 4817 1636 4885 NUMER.
1685 4818 1881 4886 OAP.
1927 4817 2052 4883 XI.

792 4990 847 5053 1.
906 4986 996 5052 Et
1046 4988 1172 5070 fuit
1215 4988 1490 5069 populus
1543 4989 1730 5071 quasi
1778 4989 2160 5071 fatiscentes,
2219 4990 2546 5072 displicuit

617 5076 687 5141 in
740 5072 1009 5138 auribus
1058 5072 1336 5139 Iehovae.
1423 5074 1695 5140 Audivit
1730 5075 1894 5139 enim
1937 5073 2180 5153 Iehova,
2238 5081 2296 5141 et
2335 5077 2546 5141 iratus

619 5164 709 5223 est
768 5159 952 5239 furor
1014 5161 1147 5224 eius
1162 5211 1177 5238 ‚
1245 5160 1593 5241 exarsitque
1658 5159 1824 5244 iqnis
1889 5161 2094 5242 ipsius
2154 5165 2366 5227 contra
2430 5181 2547 5241 ece,

789 5345 848 5415 1)
886 5347 977 5403 Sic
1011 5345 1131 5403 edd.
1173 5347 1344 5418 Leqe:
1377 5354 1641 5417 pacatum.

1992 442 2399 512 REDI'PUS
2445 444 2572 509 AD
2617 438 3159 515 HISTORIAM.

4444 441 4571 507 164

2934 633 3133 714 sitque
3187 637 3524 697 extreaenum
3565 635 3928 696 castrorum.
4015 629 4075 694 2.
4127 628 4304 697 Tunc
4343 628 4571 697 elama-

2639 717 2728 782 vit
2773 717 3050 799 populus
3103 717 3188 783 ad
3245 715 3479 795 Mosen,
3537 722 3596 781 et
3652 716 3854 782 oravit
3897 712 4103 782 Moses
4155 714 4471 794 Iehooam,
4514 720 4571 782 et

2640 803 2899 868 concidit
2952 803 3136 887 iqnis.
3247 802 3306 867 3.
3368 802 3736 884 Vocavitque
3790 821 4005 867 nomen
4061 801 4242 867 illius
4282 801 4400 867 loci
4446 802 4568 866 Ta-

2640 887 2859 954 berah:
2902 889 3055 971 quia
3095 906 3388 954 aecensus
3424 886 3637 969 fuerat
3674 888 3746 951 in
3787 907 3887 952 eos
3925 887 4095 970 iquis
4137 886 4417 953 lehovae.

2816 1059 2871 1123 1.
2919 1057 3007 1123 Et
3045 1058 3175 1141 fuit
3204 1059 3481 1140 populus
3521 1058 3727 1140 quasi.
3807 1057 4139 1142 Ambigua
4181 1058 4569 1143 significatio

2643 1144 2965 1227 participii
3011 1144 3165 1209 facit
3209 1155 3281 1209 ut
3324 1143 3537 1209 locum
3599 1143 3775 1208 hunc
3836 1142 4014 1208 varie
4078 1151 4428 1227 torqueant
4468 1144 4568 1209 in-

2645 1239 2982 1312 terpretes.
3071 1227 3246 1311 Quia
3280 1242 3375 1328 32&
3398 1228 3446 1315 ¹)
3491 1227 3678 1294 radix
3722 1227 4024 1294 hebraica
4073 1250 4247 1295 nunc
4290 1238 4390 1295 est
4434 1250 4570 1295 mo-

2643 1314 2832 1379 lestia
2876 1323 2943 1379 et
2985 1313 3199 1394 labor,
3258 1335 3434 1382 nunc
3477 1314 3803 1398 fatigatio,
3860 1335 4037 1380 nunc
4087 1314 4333 1392 luctus,
4393 1336 4571 1381 nunc

2644 1399 2985 1482 iniquitas,
3032 1422 3204 1466 nunc
3249 1399 3691 1465 mendacium:
3748 1397 4011 1483 quidam
4054 1408 4359 1465 vertunt:
4409 1400 4575 1466 Fuit

2691 1484 2927 1566 opulus
2970 1485 3154 1567 quasi
3189 1494 3673 1568 conquerentes,
3718 1484 3827 1550 vel
3861 1494 4362 1550 murmurantes.
4432 1485 4575 1550 Alii

2671 1571 2837 1653 quod
2883 1570 3141 1635 videtur
3182 1572 3392 1656 magis
3434 1591 3577 1637 esse
3610 1579 3967 1635 remotum:
4009 1570 4310 1636 inserunt
4341 1570 4573 1636 adver-

2645 1656 2826 1722 bium
2869 1656 3155 1721 Iniuste:
3213 1678 3288 1722 ac
3331 1657 3385 1722 si
3431 1657 3672 1722 diceret
3716 1656 3967 1733 Moses,
4032 1656 4323 1740 iniquam
4369 1657 4569 1722 fuisse

2647 1742 3120 1825 querimoniam
3139 1792 3154 1821 ,
3213 1741 3367 1807 dum
3412 1742 3692 1825 populus
3735 1762 3884 1807 cum
3922 1739 4063 1806 Deo
4108 1741 4566 1825 expostulavit.

2647 1826 2781 1891 Alii
2847 1834 3141 1892 vertunt:
3212 1827 3649 1893 Nauseantes:
3731 1847 3893 1910 quae
3970 1828 4293 1892 affectatio
4371 1828 4570 1894 nimis

2645 1911 2809 1977 dura
2886 1921 3020 1978 est:
3099 1912 3208 1977 alii
3273 1913 3688 1992 Mentientes,
3765 1921 3880 1977 aut
3953 1911 4200 1995 perfide
4277 1921 4566 1997 agentes.

2645 1996 2821 2064 Sunt
2922 1998 2987 2063 ui
3034 1997 3358 2064 deducant
3400 2021 3438 2063 a
3482 1996 3696 2062 radice
3740 2008 3938 2066 metm
3996 2008 4193 2080 atque
4235 1999 4328 2062 ita
4370 2019 4569 2082 expo·

2645 2093 2842 2148 nunt:
2879 2018 3317 2150 1bccasionem
3360 2094 3764 2166 quaerentes,
3802 2082 3973 2167 quod
4017 2091 4330 2167 tanquam
4371 2082 4569 2169 longe

2646 2169 3009 2252 quaesitum
3052 2169 3288 2235 reiicio.
3375 2169 3542 2234 Mihi
3583 2168 3858 2233 verbum
3903 2168 4279 2234 Fatiscendi
4327 2171 4569 2252 optime

2690 2254 2964 2319 uadrare
3021 2254 3235 2322 visum
3292 2263 3420 2319 est:
3484 2253 3634 2336 quia
3689 2254 3874 2319 velut
3937 2252 4314 2320 lassitudine
4376 2254 4570 2320 fracti

2689 2341 3015 2406 efecerint.
3124 2338 3296 2405 Nam
3360 2338 3691 2421 probabile
3757 2352 3853 2403 est
3916 2362 4045 2404 non
4113 2339 4289 2405 aliud
4355 2341 4571 2406 notari

2644 2426 2921 2503 crimen,
2968 2424 3094 2490 nisi
3135 2424 3302 2508 quod
3348 2425 3595 2492 abiecto
3639 2425 3953 2509 pergendi
3996 2425 4212 2490 studio
4255 2425 4338 2491 ad
4381 2427 4570 2511 igna-
4641 2412 4670 2439 ⁶

2643 2511 2822 2575 viam
2867 2509 3151 2593 prolapsi
3195 2510 3680 2592 obtorpuerint:
3724 2511 3894 2593 quod
3940 2518 4080 2576 erat
4124 2511 4267 2576 Deo
4310 2519 4570 2596 tergum

2643 2593 3015 2673 obvertere,
3093 2604 3158 2661 et
3222 2596 3567 2680 repudiare
3631 2596 4096 2662 haereditatem
4164 2597 4570 2681 promissam.

2644 2681 2857 2747 Probe
2915 2681 3260 2748 conveniet
3321 2682 3423 2745 hic
3479 2702 3740 2762 sensus,
3810 2691 3878 2746 et
3932 2680 4318 2747 retinebitur
4381 2682 4572 2750 verbi

2644 2767 3022 2848 proprietas.
3109 2765 3339 2849 Itaque
3381 2766 3686 2833 Ezechiel
3743 2779 3937 2836 n'mn
3997 2768 4281 2851 appellat
4338 2769 4571 2853 fatiga-

2647 2853 2882 2930 tiones,
2950 2851 3187 2935 quibus
3255 2874 3323 2917 se
3388 2853 3737 2918 conficiunt
3801 2861 3869 2917 et
3933 2853 4219 2919 obruunt
4272 2854 4572 2921 homines

2645 2949 3056 3019 praepostere
3091 2937 3460 3022 satagendo.
3527 2938 3754 3020 Neque
3790 2945 4011 3004 tamen
4055 2939 4320 3018 infitior,
4365 2960 4573 3022 quum

2642 3021 2928 3090 flaccidis
2972 3023 3205 3088 animis
3239 3024 3542 3102 iacerent,
3587 3023 3900 3106 sparsisse
3936 3023 4345 3109 obstreperas
4381 3046 4572 3093 voces

2644 3108 2959 3175 adversus
3003 3108 3252 3173 Deum:
3307 3111 3690 3192 praesertim
3746 3130 3948 3192 quum
4009 3108 4181 3175 dicat
4224 3111 4443 3176 Moses
4499 3109 4570 3177 id

2645 3195 3047 3277 displicuisse
3091 3192 3355 3260 auribus
3400 3195 3541 3272 Dei,
3591 3215 3721 3259 non
3764 3204 3981 3259 autem
4028 3195 4248 3261 oculis.
4319 3195 4572 3262 Verum

2646 3280 2801 3345 mali
2843 3282 3024 3364 origo
3065 3279 3193 3344 fuit
3234 3299 3430 3363 quam
3473 3279 3631 3358 dixi,
3678 3300 3830 3362 prae
3874 3280 4257 3346 lassitudine
4300 3300 4570 3348 evanes—

2645 3386 2807 3444 cere,
2853 3374 2930 3429 ut
2975 3365 3189 3429 Deum
3233 3366 3489 3449 longius
3533 3366 3717 3448 sequi
3759 3365 4143 3431 abnuerent.

2813 3450 3086 3516 Audivit
3115 3450 3365 3516 Iehova.
3433 3451 3692 3517 Clarius
3728 3451 4036 3534 exprimit
4069 3451 4382 3535 populum
4425 3473 4573 3518 eru-

2645 3536 2818 3618 pisse
2880 3537 2950 3600 in
3025 3544 3282 3618 apertas
3359 3537 3831 3619 querimonias:
3911 3556 3988 3602 ac
4064 3536 4395 3619 probabile
4470 3545 4573 3604 est

2646 3621 2845 3686 etiam
2900 3622 2968 3685 in
3028 3622 3241 3685 Deum
3307 3622 3545 3705 probra
3610 3622 3871 3688 iecisse:
3938 3622 4109 3705 quod
4176 3644 4256 3687 ex
4321 3643 4571 3706 poenae

2646 3708 2970 3791 gravitate
3012 3706 3357 3789 colligitur.
3438 3707 3825 3790 Quanquam
3870 3717 4088 3772 autem
4132 3708 4573 3791 metaphorice

2645 3792 2907 3875 quidam
2943 3793 3163 3877 ignem
3200 3804 3538 3874 exponunt
3572 3813 3692 3875 pro
3729 3792 4045 3859 vindicta:
4084 3794 4326 3859 rectius
4352 3805 4573 3860 tamen

2645 3885 2745 3944 est
2779 3879 3160 3962 simpliciter
3193 3877 3559 3961 intelligere
3595 3885 3671 3942 ut
3705 3878 3906 3943 verba
3960 3887 4226 3959 sonant,
4259 3880 4574 3963 flagrasse

2645 3971 2898 4046 partem
2944 3971 3301 4028 castrorum
3345 3962 3645 4029 incendio
3693 3963 4006 4029 divinitus
4044 3964 4296 4030 emisso,
4363 3964 4575 4046 Quae-

2649 4050 2815 4113 ritur
2858 4058 3075 4114 tamen
3123 4046 3336 4113 adhuc
3391 4069 3711 4131 quaenam
3770 4049 3893 4115 fuit
3948 4070 4101 4132 pars
4157 4049 4273 4115 illa
4329 4058 4576 4117 castro-

2648 4155 2794 4198 rum
2851 4134 2955 4200 vel
3016 4135 3397 4198 extremitas
3461 4155 3655 4216 quam
3720 4134 3895 4219 ignis
3963 4136 4296 4218 corripuit.
4402 4135 4578 4202 Sunt

2648 4220 2823 4283 enim
2856 4220 2966 4301 qui
3002 4219 3379 4284 existiment
3421 4239 3695 4301 poenam
3737 4220 4024 4303 coepisse
4069 4220 4148 4285 ab
4191 4221 4350 4304 ipsis
4393 4221 4574 4287 duci-

2649 4304 2798 4381 bus,
2878 4324 3153 4388 quorum
3215 4305 3498 4371 atrocius
3564 4315 3701 4370 erat
3767 4307 4034 4371 crimen.
4145 4305 4280 4371 Alii
4347 4307 4577 4371 volunt

2648 4390 2867 4474 ignem
2904 4390 3206 4457 saeviisse
3240 4389 3313 4453 in
3347 4391 3585 4474 vulgus
3618 4392 4079 4475 promiscuum,
4123 4413 4162 4456 a
4195 4412 4322 4475 quo
4358 4400 4573 4457 ortum

2648 4475 2863 4541 fuerat
2904 4496 3219 4541 murmur.
3287 4476 3431 4559 Ego
3476 4497 3649 4555 vero,
3694 4491 3768 4542 ut
3809 4478 3880 4541 in
3924 4499 3997 4541 re
4038 4477 4306 4554 incerta,
4352 4478 4575 4560 potius

2648 4562 2916 4629 coniicio
2958 4560 3175 4626 Deum
3217 4560 3441 4644 ignem
3484 4561 3849 4629 accendisse
3902 4562 3974 4626 in
4017 4570 4313 4628 extrema
4354 4563 4578 4646 aliqua

2649 4658 2834 4728 parte
2878 4647 2989 4729 qui
3035 4657 3352 4713 terrorem
3395 4646 3707 4726 iniiceret,
3755 4657 3827 4713 ut
3869 4648 4049 4713 locus
4091 4657 4260 4714 esset
4303 4647 4570 4714 veniae:

2649 4732 2840 4799 sicuti
2880 4753 3033 4796 mox
3076 4730 3417 4797 subiicitur
3451 4753 3804 4815 paucorum
3840 4733 4152 4817 supplicio
4187 4734 4386 4799 fuisse
4419 4754 4577 4801 con·

2649 4826 2921 4883 tentum.
3018 4816 3397 4883 Notandum
3453 4828 3671 4884 autem
3730 4826 3861 4897 est,
3917 4819 4068 4902 quia
4119 4819 4395 4903 populus
4447 4818 4575 4886 sibi

2817 5073 2876 5143 1)
2920 5072 3108 5129 Ubim's
3149 5073 3267 5140 fere
3314 5074 3374 5127 in
3421 5073 3748 5128 editionibus
3792 5072 4045 5128 1ιώνωίοα
4080 5072 4383 5141 depravata
4417 5080 4574 5128 sunt.-

2649 5142 2739 5196 hic
2770 5157 2896 5196 vero
2929 5145 3108 5198 nescio
3143 5145 3329 5196 autori
3361 5158 3438 5196 an
3470 5141 3810 5213 typoqrapho
3842 5143 3973 5197 haee
4004 5142 4158 5199 lectio
4178 5143 4467 5198 tribuenda
4484 5146 4573 5197 sit.

2655 5211 2861 5265 Lama
2905 5212 3117 5280 quidem
3163 5212 3479 5267 vocabulum
3527 5210 3594 5263 de
3637 5226 3744 5278 quo
3790 5214 3976 5279 aqimr
4020 5211 4097 5265 ad
4139 5212 4261 5264 rad.
4307 5225 4402 5308 lm
4434 5214 4573 5277 refe-

2650 5288 2797 5333 runt.
2851 5279 3040 5333 Etiam
3072 5284 3135 5334 in
3171 5281 3511 5350 sequentibus
3545 5279 3803 5334 mendosa
3848 5287 3927 5334 est
3966 5279 4118 5336 lectio
4160 5296 4322 5348 quam
4388 5281 4575 5349 prima

2652 5349 2765 5404 vice
2781 5350 3129 5414 correximus,
3164 5350 3389 5404 caeram
3407 5363 3533 5403 vero
3558 5350 3619 5403 in
3641 5347 3917 5404 Ezechiae
3949 5350 4162 5411 frustra
4195 5351 4574 5418 quaesivimus.
