5017 6142
524 432 608 498 31
1515 431 2093 501 SANCTIONES
2139 436 2202 499 A
2241 430 3035 500 PROMISSIONIBUS
3076 434 3196 498 ΕΤ
3238 433 3527 501 MINIS.
4432 431 4518 498 32

526 626 582 687 et
613 624 1064 703 persequentur
1104 625 1160 687 te
1214 620 1399 685 donec
1440 640 1686 703 pereas.
1774 621 1880 685 23.
1936 620 2264 703 Eruntque
2317 621 2467 687 coeli

525 709 624 773 tui
665 708 777 790 qui
818 711 965 773 sunt
1005 727 1208 788 supra
1250 711 1435 789 caput
1476 712 1669 783 tuum,
1713 708 1916 772 aerei.-
1958 711 2014 772 et
2052 712 2228 773 terra
2244 757 2261 786 ,
2304 726 2467 789 quae

521 798 617 859 est
645 792 855 858 subter
896 797 966 869 te,
1009 792 1236 876 ferrea.
1304 792 1407 858 24.
1444 791 1643 858 Dabit
1678 792 1910 858 lehova
1934 792 2224 875 pluviam
2265 798 2468 859 terrae

525 885 673 945 tuae
704 878 1026 960 pulverem
1068 883 1127 943 et
1167 879 1465 945 cinerem:
1517 883 1574 943 et
1615 899 1646 943 e
1688 878 1870 944 coelis
1923 879 2239 945 descendet
2277 898 2468 961 super

523 970 609 1046 te,
664 965 855 1030 donec
910 964 1324 1048 disper-daris.
1413 965 1514 1030 25.
1567 963 1771 1031 Dabit
1823 969 1880 1029 te
1937 964 2167 1032 Iehova
2221 985 2468 1031 caesum

524 1071 734 1118 coram
774 1051 1053 1116 inimicis
1094 1051 1254 1116 tuis.-
1309 1070 1432 1133 per
1483 1051 1655 1114 viam
1710 1071 1907 1115 unam
1964 1050 2340 1135 inyredieris
2382 1051 2469 1115 ad

525 1138 725 1217 illum,
770 1141 825 1202 et
857 1157 979 1220 per
1019 1140 1249 1217 septem
1289 1137 1431 1201 vias
1468 1135 1677 1219 fuyies
1718 1154 1931 1203 coram
1972 1157 2074 1202 eo.-
2118 1137 2363 1219 erisque
2397 1136 2467 1201 iu

524 1223 977 1289 commotionem
1018 1222 1300 1289 munibus
1352 1223 1562 1306 reynis
1610 1226 1829 1287 terrae.
1918 1223 2022 1289 26.
2083 1220 2237 1288 Erit
2279 1242 2470 1303 prae-

525 1315 693 1376 terea
734 1309 998 1374 cadaver
1038 1313 1216 1374 tuum
1256 1327 1394 1374 esca
1436 1308 1605 1374 omm'
1644 1307 1888 1375 volucri
1928 1307 2081 1376 coeli
2114 1312 2172 1373 et
2199 1308 2470 1374 animali

527 1401 761 1471 terrae,
820 1414 930 1459 uec
986 1394 1105 1458 erit
1158 1396 1269 1476 qui
1310 1394 1667 1460 absterreat.
1755 1394 1859 1458 27.
1921 1394 2231 1460 Percutiet
2269 1400 2326 1459 te
2369 1393 2470 1460 Ie-

526 1481 682 1546 hova
722 1481 925 1546 ulcere
968 1479 1254 1563 Aeqypti,
1298 1483 1354 1544 et
1393 1480 1627 1545 morbis
1667 1480 1798 1559 ani,
1843 1485 1900 1545 et
1940 1478 2175 1559 scabie,
2219 1484 2471 1561 etpru-

525 1567 766 1719 5335:
794 1565 1067 1717 w
1101 1567 1492 1717 &tentat
1544 1564 2471 1734 :t'tzzmffiaff'tt‘tffi

514 1738 825 1822 pabisque
865 1738 938 1803 im
979 1737 1269 1816 meridie,
1326 1737 1844 1819 quemadmodum
1878 1738 2106 1822 palpat
2143 1756 2360 1804 caecus
2402 1737 2472 1801 in

524 1825 820 1909 oaliyine,
875 1842 1071 1905 neque
1110 1822 1478 1889 secundabis
1519 1824 1662 1888 vias
1702 1828 1879 1889 tuas.-
1931 1829 1989 1889 et
2029 1823 2161 1890 eris
2203 1828 2474 1890 tautum-

526 1911 705 1976 modo
748 1929 1112 1992 oppressus,
1169 1914 1226 1975 et
1265 1909 1548 1991 direptus
1588 1908 1871 1975 omuibus
1914 1908 2162 1989 diebus,
2204 1928 2315 1975 uec
2354 1909 2473 1975 erit

702 2165 804 2233 15.
841 2165 930 2232 Et
962 2166 1097 2246 erit,
1132 2166 1194 2230 si
1226 2186 1365 2232 non.
1419 2166 1550 2231 Hic
1585 2166 2115 2232 maledictionum
2137 2166 2474 2250 catalogus

528 2254 864 2338 superiore
923 2252 1178 2336 longior
1236 2260 1367 2329 est,
1425 2253 1536 2336 qui
1603 2254 2061 2336 promulgatus
2124 2254 2341 2318 fuerat
2404 2253 2474 2317 111

530 2347 751 2405 111611ι6
791 2338 1010 2405 Sinai:
1077 2335 1255 2402 haud
1301 2336 1492 2403 dubie
1511 2389 1528 2418 ,
1589 2340 1745 2422 quia
1787 2339 2126 2422 prospexit
2169 2338 2298 2404 Dei
2341 2339 2474 2422 spi-

530 2428 699 2491 ritus
762 2424 1106 2509 segnitiem
1169 2423 1392 2507 populi
1457 2423 1756 2507 pluribus
1812 2424 2099 2490 stimulis
2155 2424 2473 2508 indigere.

533 2510 611 2579 Si
645 2509 953 2578 mediocri
989 2515 1250 2575 tantum
1288 2508 1620 2575 docilitate
1656 2509 1937 2594 praediti
1969 2508 2269 2590 fuissent,
2314 2509 2475 2576 satis

534 2617 860 2683 superque
914 2596 1136 2662 valere
1191 2593 1420 2660 debuit
1461 2593 1545 2661 ad
1589 2616 1697 2662 eos
1741 2596 2079 2663 terrendos
2122 2595 2293 2680 quod
2340 2597 2471 2660 iam

533 2683 906 2749 audierant:
966 2701 1200 2748 verum
1255 2700 1433 2746 nunc
1490 2680 1662 2764 apud
1721 2702 1958 2766 segnes
2015 2691 2083 2748 et
2124 2681 2476 2749 obliviosos

531 2770 744 2836 minas
799 2767 1165 2852 ingeminat
1219 2765 1436 2847 Deus,
1503 2775 1575 2832 ut
1639 2788 1773 2833 non
1839 2777 2092 2834 tantum
2158 2777 2478 2852 cogantur

532 2864 860 2934 metuere,
923 2854 1041 2920 sed
1105 2851 1367 2918 assidua
1425 2873 1682 2937 quoque
1742 2853 2185 2921 recordatione
2244 2875 2476 2937 exper-

533 2942 779 3027 gefieri.
882 2939 1029 3005 Hac
1093 2939 1344 3005 ratione
1402 2940 1717 3022 exprimit
1775 2940 2151 3006 maledictos
2209 2940 2346 3006 fore
2404 2939 2474 3004 in

532 3028 696 3094 urbe
739 3035 806 3093 et
847 3026 918 3090 in
962 3045 1140 3109 agro,
1186 3024 1312 3091 hoe
1355 3033 1456 3090 est
1497 3026 1679 3091 intus
1723 3033 1789 3090 et
1829 3026 2009 3106 foris,
2056 3026 2160 3093 vel
2199 3025 2375 3091 domi
2410 3033 2477 3091 et

532 3133 835 3197 peregre:
912 3110 1148 3176 deinde
1221 3110 1468 3177 victum
1541 3131 1767 3176 eorum
1839 3111 1975 3178 fore
2053 3111 2476 3178 maledictum

532 3209 674 3265 tam
727 3199 798 3262 in
858 3218 1064 3282 grano
1123 3217 1319 3280 quam
1380 3196 1445 3260 in
1508 3195 1740 3262 farina.
1829 3198 2067 3264 Postea
2124 3207 2259 3263 tres
2304 3199 2477 3264 fruc·

533 3294 723 3350 tuum
767 3284 1016 3366 species
1058 3293 1435 3358 enumerat,
1479 3282 1552 3346 in
1599 3284 1832 3365 quibus
1876 3293 2076 3349 erunt
2118 3283 2474 3350 maledicti:

532 3390 773 3455 nempe
836 3368 1127 3435 sobolem
1190 3369 1553 3451 propriam,
1633 3377 1847 3434 terrae
1924 3378 2347 3453 proventum,
2413 3377 2480 3435 et

534 3456 916 3523 animalium
997 3455 1236 3519 foetus:
1326 3455 1488 3520 haec
1564 3456 1740 3519 enim
1818 3458 2041 3520 omnia
2118 3457 2238 3523 sub
2319 3476 2479 3521 voce

531 3544 785 3695 il'lructlus
850 3541 1176 3625 scriptura
1241 3541 1727 3624 complectitur,
1791 3553 1870 3606 ut
1926 3543 2087 3608 satis
2156 3551 2340 3626 patet
2396 3563 2476 3607 ex

582 3649 656 3695 oo
725 3648 857 3694 oce.

708 3713 807 3778 19.
866 3711 1253 3779 Maledictus
1309 3713 1437 3779 eris
1478 3714 1550 3778 im
1592 3718 1694 3779 tuo
1734 3713 2044 3796 inyressu.
2142 3713 2274 3778 Hic
2331 3733 2479 3796 pro·

534 3800 811 3867 nunciat
854 3798 1068 3879 Deus,
1128 3797 1440 3883 quidquid
1485 3798 1919 3876 tentaverint,
1964 3798 2308 3865 infeliciter
2351 3819 2484 3864 ces-

532 3906 758 3953 surum
801 3884 936 3950 illis
971 3905 1133 3951 esse.
1221 3884 1569 3969 Ingressus
1604 3884 1782 3949 enim
1825 3895 1891 3948 et
1925 3905 2229 3968 egressus
2263 3885 2481 3950 varias

533 3972 821 4039 actiones
865 3970 1225 4055 significat,
1292 3991 1367 4036 ac
1424 3978 1637 4035 totum
1692 3970 1871 4035 vitae
1914 3991 2197 4037 cursum.
2287 3969 2482 4051 Quod

534 4058 836 4143 proximo
882 4077 1080 4122 versu
1124 4055 1364 4122 clarius
1403 4057 1813 4140 exprimitur,
1858 4057 1970 4122 ubi
2014 4056 2369 4122 denunciat
2411 4057 2480 4120 in

535 4142 839 4210 omnibus
884 4142 1163 4227 negotiis
1203 4143 1343 4206 fore
1385 4143 1691 4208 miseros:
1750 4142 1902 4226 quia
1944 4142 2127 4208 Deus
2171 4141 2481 4226 quidquid

537 4230 831 4316 aggressi
874 4226 1138 4294 fuerint
1168 4227 1456 4293 turbabit
1499 4239 1566 4293 et
1608 4234 2000 4313 corrumpet.
2089 4227 2293 4292 Varie
2335 4227 2481 4311 qui·

537 4316 688 4383 dem
752 4324 1179 4400 exponuntur
1236 4335 1429 4381 voces
1484 4326 1695 4383 rima-m
1752 4323 1819 4378 et
1870 4328 2102 4392 nwm.
2204 4312 2484 4380 Summa

537 4413 760 4469 tamen
804 4399 936 4466 huc
976 4399 1167 4479 redit,
1214 4398 1431 4465 Deum
1473 4399 1606 4467 illis
1647 4400 1787 4465 fore
1820 4401 2189 4479 adversum,
2236 4408 2313 4464 ut
2356 4399 2484 4466 dis-

538 4490 711 4573 sipet
753 4509 828 4554 ae
874 4492 1207 4569 pervertat
1250 4485 1473 4551 omnia
1507 4507 1735 4552 eorum
1778 4486 2055 4552 consilia
2096 4505 2172 4551 66
2205 4484 2479 4552 labores.

538 4574 734 4642 Unde
779 4573 1112 4649 docemur,
1173 4571 1482 4655 quidquid
1527 4581 1847 4639 conentur
1900 4571 2200 4639 homines
2244 4571 2483 4638 inutile

538 4663 674 4728 fore
722 4669 787 4725 et
830 4657 1184 4723 evanidam
1229 4658 1358 4727 nisi
1403 4677 1787 4741 prosperum
1832 4679 2211 4725 successum
2255 4677 2295 4722 a
2336 4656 2483 4723 Deo

587 4756 787 4815 etant.

536 4769 584 4832 P
710 4833 813 4898 21.
860 4829 1219 4898 Adhaerere
1256 4829 1462 4908 faciet.
1527 4827 1672 4893 Iam
1717 4828 1799 4894 ad
1843 4828 2104 4895 morbos
2150 4828 2484 4895 descendit

540 4920 653 5003 qui
696 4926 849 4984 sunt
892 4928 1208 5000 tanquam
1251 4914 1384 4980 Dei
1427 4914 1718 4992 lictores,
1779 4934 1856 4980 ao
1911 4914 2178 4980 tandem
2221 4916 2482 4979 carnifi-

540 5025 681 5084 ces,
737 5006 792 5069 si
835 5001 1259 5088 pertinaciter
1302 5000 1602 5064 homines
1645 5021 1834 5065 suam
1881 5001 2285 5085 impietatem
2329 5021 2482 5066 con-

540 5093 823 5156 tinuent.
931 5087 1089 5153 Ideo
1166 5108 1298 5152 non
1367 5085 1749 5168 simpliciter
1812 5098 2061 5169 pestem
2126 5088 2482 5152 missurum

541 5176 915 5253 denunciat,
959 5174 1072 5240 sed
1117 5174 1317 5238 etiam
1356 5173 1682 5238 facturum
1719 5179 1791 5238 ut
1828 5173 1962 5240 illis
1999 5172 2368 5252 adhaereat,
2408 5193 2485 5239 ac

541 5263 746 5330 semel
809 5283 918 5326 eos
986 5260 1315 5342 amplexa,
1380 5278 1717 5343 nunquam
1782 5258 1937 5325 inde
2001 5259 2196 5325 avelli
2262 5266 2479 5343 queat.

541 5351 774 5416 Posset
818 5348 1015 5414 etiam
1059 5345 1260 5411 verti:
1308 5343 1538 5411 Faciet
1573 5344 1756 5410 Deus
1793 5354 1864 5410 ut
1900 5355 1964 5411 te
2006 5347 2206 5430 pestis
2249 5367 2483 5430 appre-

2573 621 2853 688 hendat:
2908 623 3025 688 sed
3069 622 3295 688 eodem
3342 645 3570 701 sensu,
3613 631 3863 706 pestem
3908 621 4159 688 scilicet
4199 621 4331 687 illis
4376 620 4520 687 fore

2572 708 2841 774 affixam
2859 759 2874 788 ,
2919 707 3025 774 vel
3069 709 3547 793 agglutinatam
3566 760 3582 788 ,
3637 730 3803 792 quae
3846 711 4022 791 ipsos
4060 719 4401 774 consumat
4443 708 4516 772 in

2571 795 2714 877 ipsa
2769 806 2946 859 terra
2999 805 3241 859 sancta.
3348 794 3672 878 Adiungit
3727 794 4053 879 phthisim
4113 794 4215 859 vel
4274 792 4511 872 tabm,

2570 881 2683 963 qui
2730 880 2994 945 morbus
3038 881 3242 947 macie
3286 887 3604 946 extenuat
3644 899 3909 965 corpus:
3956 888 4025 945 et
4058 900 4326 947 succum
4360 899 4518 963 pau·

2571 965 2756 1030 latim
2794 966 3118 1031 exhaurit.
3186 966 3291 1031 De
3326 967 3470 1031 aliis
3499 965 3742 1031 morbis
3790 967 3987 1032 verba
4029 965 4243 1032 facere
4285 986 4514 1049 super·

2569 1072 2856 1118 vacuum
2914 1060 3116 1117 esset:
3181 1059 3439 1118 tantum
3498 1052 3851 1132 discamus,
3904 1068 4107 1135 quum
4165 1052 4515 1117 innumera

2570 1157 2772 1220 prope
2837 1137 2925 1202 sit
2991 1137 3363 1204 morborum
3428 1137 3622 1203 turba
3637 1189 3652 1215 ,
3714 1135 3988 1205 totidem
4053 1144 4315 1221 praesto
4371 1157 4515 1203 esse

2573 1222 2889 1289 satellites
2951 1223 3035 1289 ad
3089 1222 3572 1307 exsequendam
3618 1224 3747 1289 Dei
3793 1223 4172 1290 vindictam.
4259 1222 4513 1288 Verum

2572 1308 2831 1393 quidem
2914 1319 3013 1374 est
3090 1308 3365 1376 diversis
3430 1310 3645 1376 causis
3709 1309 3969 1376 morbos
4033 1308 4371 1387 contrahi,
4437 1329 4514 1375 ac

2572 1394 2958 1478 praesertim
2980 1396 3401 1478 intemperie:
3439 1394 3505 1459 id
3529 1410 3750 1461 tamen
3777 1416 3908 1460 non
3932 1394 4148 1461 obstat
4168 1394 4513 1479 quominus

2571 1480 2702 1546 illis
2755 1480 2941 1545 Deus
3007 1481 3332 1562 percutiat
3388 1481 3551 1565 legis
3608 1490 4157 1566 transgressores,
4211 1479 4516 1565 quamvis

2574 1565 2761 1631 nulla
2817 1574 3129 1650 appareat
3185 1568 3507 1633 naturalis
3561 1587 3775 1632 661166.
3877 1564 4199 1650 Adiungit
4250 1566 4516 1648 bellum,

2573 1652 2743 1736 quod
2790 1650 3090 1735 designat
3146 1653 3408 1719 nomine
3464 1651 3695 1737 gladii,
3757 1652 3872 1718 sed
3916 1650 3996 1717 de
4039 1653 4165 1717 hac
4207 1651 4515 1719 maledie-

2575 1739 2756 1803 tione
2810 1738 3034 1804 statim
3090 1737 3407 1820 prolixius
3467 1738 3760 1805 disseret.
3851 1737 4044 1821 Quod
4101 1746 4320 1803 autem
4367 1738 4516 1803 bre-

2573 1824 2749 1889 viter
2790 1824 3102 1908 attigerat
3144 1824 3226 1888 de
3279 1823 3730 1890 maledictione
3771 1825 3842 1889 in
3898 1833 4113 1890 terrae
4167 1830 4518 1907 proventu,

2576 1909 2946 1976 distinctius
3000 1930 3115 1992 per
3164 1919 3384 1992 partes
3441 1910 3743 1993 explicat.
3834 1911 3933 1977 Ac
3989 1911 4199 1994 primo
4255 1908 4516 1993 quidem

2574 1995 2873 2061 nominat
2916 1995 3081 2062 duas
3119 2005 3416 2081 segetum
3459 2006 3693 2079 pestes,
3731 2018 3896 2079 quae
3929 1997 4104 2079 ipsas
4138 1997 4272 2062 iam
4303 2003 4518 2061 matu·

2576 2090 2901 2148 rescentes
2946 2091 3395 2164 corrumpunt,
3441 2101 3517 2148 ac
3559 2083 3615 2148 si
3651 2103 3887 2166 panem
3922 2103 4007 2148 ex
4040 2102 4154 2148 ore
4188 2089 4515 2164 raperent.

2576 2166 2751 2232 Nam
2796 2166 3063 2232 ariditas
3107 2165 3215 2234 hic
3258 2189 3390 2233 non
3432 2188 3551 2251 pro
3607 2168 3899 2252 qualibet
3956 2168 4251 2234 siccitate
4303 2175 4518 2233 terrae

2577 2254 2878 2336 ponitur,
2944 2252 3060 2318 sed
3127 2273 3246 2337 pro
3303 2254 3752 2320 exinanitione
3814 2253 4143 2338 spicarum
4164 2304 4179 2331 ,
4244 2274 4412 2337 quae
4479 2274 4520 2319 a

2581 2349 2775 2406 vento
2840 2339 3141 2404 orientali
3186 2340 3525 2424 contingit.
3612 2340 3878 2424 Rubigo
3921 2341 3998 2404 fit
4039 2361 4121 2404 ex
4174 2338 4518 2422 repentino

2578 2424 2734 2490 solis
2778 2433 2985 2500 aestu,
3019 2425 3072 2490 si
3111 2426 3333 2510 fruges
3375 2424 3612 2510 frigido
3657 2446 3804 2492 rore
3848 2424 4245 2492 madefactas
4288 2445 4520 2508 percu-

2581 2510 2723 2577 tiat.
2826 2511 2975 2577 Etsi
3034 2519 3251 2576 autem
3313 2532 3398 2576 ex
3462 2513 3678 2578 causis
3742 2512 4155 2578 naturalibus
4217 2512 4523 2576 oriuntur

2581 2596 2745 2663 haec
2790 2596 2971 2676 vitia,
3017 2597 3199 2664 Deus
3246 2605 3466 2663 tamen
3504 2606 3778 2663 naturae
3813 2607 4034 2676 autor,
4096 2617 4213 2679 pro
4265 2616 4522 2663 summo

2576 2681 2851 2766 imperio
2913 2682 3008 2748 ita
3070 2696 3288 2749 aerem
3354 2683 3713 2767 gubernat,
3780 2692 3854 2749 ut
3918 2683 4059 2750 eius
4102 2683 4523 2766 intemperies

2578 2778 2829 2835 certum
2874 2767 2963 2834 sit
3004 2768 3146 2834 eius
3186 2769 3541 2853 flagellum.

2749 2854 2853 2919 23.
2898 2852 3231 2936 Eruntque
3269 2855 3424 2922 coeli
3464 2855 3576 2921 tui.
3666 2854 3854 2921 Alias
3889 2854 4255 2921 sterilitatis
4289 2872 4524 2921 causas

2581 2951 2927 3006 enumerat
2944 2991 2961 3018 ,
3017 2941 3364 3025 praecipue
3422 2941 3805 3007 siccitatem.
3893 2938 4108 3024 Saepe
4152 2941 4327 3025 apud
4369 2961 4517 3025 pro-

2582 3024 2813 3110 phetas
2856 3027 3039 3092 Deus
3082 3027 3346 3112 signum
3405 3026 3648 3093 favoris
3704 3025 4046 3093 ostendere
4089 3027 4318 3093 volens
4363 3047 4524 3111 erga

2579 3112 2891 3196 populum
2907 3162 2924 3193 ,
2960 3113 3282 3196 promittit
3316 3112 3611 3197 pluviam
3645 3112 3977 3193 autumni,
4014 3119 4082 3178 et
4114 3113 4320 3179 veris:
4358 3111 4523 3178 alte-

2581 3219 2723 3264 ram
2768 3219 2933 3282 quae
2977 3199 3296 3263 sationem
3341 3221 3497 3263 mox
3540 3198 3990 3283 subsequitur,
4034 3198 4311 3265 alteram
4355 3217 4523 3282 quae

2582 3284 2696 3350 dat
2745 3285 3224 3350 incrementum
3286 3283 3589 3368 frugibus
3653 3293 4003 3367 antequam
4067 3291 4522 3363 maturescant,

2580 3370 2808 3436 multis
2867 3377 3091 3436 autem
3145 3370 3320 3436 -locis
3385 3372 3525 3436 eius
3590 3371 4092 3453 prohibitionem
4156 3370 4522 3436 minitatur.

2583 3456 2738 3521 Huc
2779 3457 3065 3540 pertinet
3147 3452 3281 3521 'uod
3339 3476 3515 3521 nunc
3569 3456 3757 3535 dicit,
3817 3476 4041 3523 aereos
4096 3457 4236 3522 fore
4292 3456 4525 3537 coelos,

2585 3550 2835 3608 terram
2890 3562 3049 3609 vero
3134 3562 3421 3608 erream:
3481 3542 3636 3626 quia
3689 3563 3900 3626 neque
3941 3564 3980 3607 e
4031 3543 4229 3609 coelis
4284 3541 4526 3609 defluet

2585 3628 2822 3694 humor
2866 3629 2978 3712 qui
3020 3634 3264 3694 terram
3308 3628 3676 3695 foecundet:
3733 3628 3880 3712 ipsa
3931 3649 4091 3695 vero
4105 3680 4123 3708 ,
4189 3635 4525 3696 contracta

2585 3712 2845 3795 duritie,
2889 3714 3055 3779 nihil
3098 3715 3275 3781 succi
3319 3714 3423 3781 vel
3467 3714 3764 3780 humoris
3804 3712 4043 3780 habeat
4081 3715 4164 3780 ad
4200 3735 4524 3799 generan-

2584 3799 2761 3865 dum.
2850 3797 3043 3868 Unde
3085 3800 3480 3884 colligimus,
3526 3821 3610 3865 ne
3655 3807 3911 3885 guttam
3955 3799 4219 3884 quidem
4260 3799 4523 3885 pluviae

2584 3886 2817 3953 cadere
2859 3887 2927 3950 in
2973 3896 3217 3952 terram
3234 3934 3251 3964 ,
3309 3886 3434 3951 nisi
3495 3885 3784 3952 stillante
3827 3887 4000 3952 Deo:
4062 3887 4310 3970 quoties
4365 3907 4524 3952 vero

2583 3971 2785 4056 pluit,
2830 3973 3018 4056 quasi
3060 3972 3205 4037 eius
3249 3991 3449 4038 manu
3492 3980 3738 4038 terram
3771 3971 4057 4057 irrigari.
4143 3971 4524 4039 Notandum

2584 4065 2689 4123 est
2731 4065 2949 4123 autem
3010 4055 3180 4141 quod
3238 4070 3392 4122 ante
3449 4057 3766 4138 vidimus,
3822 4059 4152 4142 regionem
4198 4058 4523 4124 Chanaan

2585 4163 2719 4208 non
2765 4164 2907 4208 esse
2948 4143 3230 4209 similem
3267 4147 3368 4210 Ae
3462 4152 3592 4227 pte,
3628 4165 3794 4229 quae
3831 4142 4175 4209 hominum
4216 4164 4416 4227 opera
4459 4152 4525 4209 et

2584 4229 2807 4295 labore
2850 4229 3102 4314 irrigua
3143 4238 3245 4294 est
3259 4280 3274 4306 ,
3334 4251 3404 4295 se
3504 4228 3891 4297 foecundam
3935 4251 4077 4297 esse
4118 4229 4283 4295 coeli
4326 4229 4525 4296 bene-

2584 4316 2749 4382 ficio.
2837 4313 3075 4400 Itaqua
3130 4316 3314 4380 Deus
3372 4313 3549 4399 apud
3605 4316 3992 4400 prophetam
4050 4313 4230 4403 (066.
4289 4315 4349 4392 2,
4409 4314 4523 4403 21)

2587 4401 2830 4485 gradus
2869 4403 3059 4486 ponit
3099 4408 3328 4467 notatu
3387 4399 3618 4486 dignos
3635 4453 3651 4481 ,
3710 4423 3910 4487 quum
3966 4401 4266 4485 placatus
4321 4401 4526 4468 fuerit

2587 4487 2826 4571 populo
2843 4537 2858 4566 ,
2916 4508 2987 4552 se
3029 4486 3493 4553 exauditurum
3539 4508 3681 4554 esse
3723 4489 3936 4555 coelos
3952 4539 3969 4566 ‚
4028 4499 4101 4552 ut
4138 4488 4265 4571 ipsi
4322 4509 4524 4554 exau·

2586 4572 2772 4638 diant
2815 4581 3090 4638 terram:
3137 4583 3315 4638 terra
3358 4593 3512 4639 vero
3554 4573 3865 4654 triticum,
3909 4574 4144 4639 vinum
4189 4581 4257 4638 et
4290 4574 4526 4654 oleum,

2586 4666 2663 4724 ut
2685 4659 2849 4724 haec
2887 4659 3109 4724 omnia
3144 4658 3412 4724 tandem
3442 4659 3800 4726 exaudiant
3835 4661 4137 4726 homines
4174 4659 4523 4726 famelicos.

2587 4743 2782 4826 Quod
2842 4745 3057 4810 coelos
3126 4745 3439 4827 exprimit
3501 4767 3642 4812 6666
3707 4766 3906 4830 super
3969 4746 4207 4829 capita,
4276 4754 4524 4811 terram

2585 4850 2746 4895 vero
2789 4831 2908 4897 sub
2949 4830 3243 4913 pedibus,
3280 4851 3756 4915 supervacuum
3791 4852 3922 4897 non
3957 4842 4087 4898 est:
4134 4832 4285 4915 quia
4318 4832 4524 4916 signi-

2584 4917 2738 4982 ficat
2793 4936 3054 4983 sursum
3109 4928 3176 4981 et
3231 4916 3534 4984 deorsum
3578 4918 3702 4983 sibi
3755 4925 3983 5000 parata
4027 4938 4169 4982 esse
4212 4917 4396 4982 arma
4439 4917 4526 4983 ad

2585 5000 2947 5068 vindictam
3025 5003 3487 5085 exercendam,
3575 5022 3742 5089 quae
3834 5003 4121 5087 undique
4209 5004 4523 5088 populum

2583 5097 2886 5173 urgeant.
2975 5089 3245 5157 Accedit
3278 5090 3445 5156 alter
3486 5088 3809 5175 propheta
3848 5087 4048 5177 (Agg.
4096 5088 4155 5170 1,
4201 5088 4330 5177 10),
4371 5089 4526 5155 licet

2584 5171 2853 5240 brevius
2890 5196 3030 5240 rem
3074 5177 3384 5262 attingat:
3428 5177 3786 5261 Propterea
3828 5175 4137 5258 prohibiti
4172 5185 4326 5241 sunt
4360 5175 4524 5243 coeli

2586 5281 2670 5324 ne
2727 5260 2959 5326 darent
3014 5282 3263 5342 rorem,
3319 5270 3386 5326 et
3440 5270 3616 5328 terra
3669 5261 3999 5345 prohibita
4042 5269 4141 5328 est
4194 5283 4279 5328 ne
4339 5261 4525 5328 daret

2586 5367 2858 5431 germen
2923 5368 3131 5413 suum.
3237 5348 3326 5412 Et
3376 5346 3635 5414 vocavit
3691 5346 4083 5424 siccitatem,
4145 5355 4265 5414 etc.
4367 5347 4522 5414 AJia
