5017 6142
404 458 535 525 533

409 651 678 716 Interea
733 649 791 716 si
848 649 1233 728 tacuissent,
1295 648 1480 715 nulla
1531 649 1761 716 fuisset
1817 649 2042 717 habita
2097 650 2362 716 illarum

408 738 593 803 ratio.
637 737 819 821 Ergo
857 755 941 800 ne
976 735 1303 802 cunctatio
1340 733 1655 802 damnosa
1689 736 1794 813 sit,
1843 737 2034 803 Iosue
2069 750 2136 802 et
2170 737 2363 802 Elea-

409 844 526 889 zar
567 821 846 900 adeunt,
902 832 965 886 et
1020 830 1262 905 urgent
1317 841 1401 886 ne
1441 820 1738 906 legitima
1782 821 2188 888 successione
2233 823 2364 907 pri-

409 918 672 975 ventur.
782 908 977 974 Mora
1041 905 1303 990 quidem
1361 927 1489 972 non
1552 907 1991 992 interponitur
2050 929 2091 974 a
2146 908 2361 988 Iosue,

412 995 759 1079 quominus
814 994 1040 1060 statim
1100 992 1440 1059 obtineant
1496 992 1669 1076 quod
1721 995 1971 1060 iustum
2017 1004 2136 1060 est.
2225 993 2365 1060 Nec

409 1102 571 1148 vero
615 1080 898 1163 populus
941 1080 1422 1145 obmurmurat:
1482 1080 1658 1145 unde
1715 1080 1863 1147 colli
1916 1080 2085 1146 â€˜mus
2134 1100 2363 1145 omnes

411 1168 495 1234 ad
541 1168 938 1250 aequitatem
996 1165 1197 1230 fuisse
1256 1186 1371 1248 pro
1418 1185 1642 1232 ensos:
1702 1165 1814 1231 sed
1919 1187 2030 1232 um
2089 1166 2363 1250 quisque

410 1275 529 1321 sua
572 1262 778 1329 curat,
824 1251 1024 1317 nimis
1067 1271 1292 1317 secure
1336 1271 1373 1314 a
1403 1251 1499 1316 ios
1541 1251 1837 1336 negligit.

585 1339 644 1406 5.
711 1336 1076 1404 Ceciderunt
1128 1335 1540 1403 mediantes
1592 1338 1813 1404 decem.

411 1427 539 1494 hoc
574 1426 714 1492 loco
748 1434 995 1508 septem
1034 1423 1270 1506 stirpes
1313 1423 1383 1487 in
1420 1424 1699 1506 posteris
1734 1424 2061 1505 Manasse,
2106 1424 2365 1492 Machir

409 1511 886 1597 primogenitus
948 1529 1244 1576 seorsum
1308 1508 1652 1575 statuitur:
1733 1509 1968 1575 deinde
2034 1510 2145 1576 alii
2225 1532 2361 1577 sex.

412 1599 609 1665 Nunc
674 1596 1013 1680 quaeritur
1076 1593 1398 1678 quomodo
1463 1595 1536 1660 in
1592 1604 1811 1678 partes
1868 1595 2092 1663 decem
2151 1597 2364 1662 divisa

410 1685 610 1751 fuerit
654 1679 1041 1749 haereditas.
1130 1677 1415 1761 Quidam
1475 1690 1690 1746 astute
1748 1681 1928 1748 hunc
1982 1682 2360 1766 scrupulum

411 1769 852 1837 dissimulant.
953 1767 1091 1832 Alii
1144 1767 1297 1849 quia
1367 1765 1613 1832 nodum
1686 1768 1938 1834 solvere
2008 1776 2361 1852 nequeunt,

410 1855 773 1924 obtendunt
808 1873 1021 1919 meras
1056 1872 1285 1936 nugas.
1374 1852 1571 1919 Certe
1610 1852 1805 1919 valde
1849 1853 2202 1920 absurdum
2238 1865 2361 1932 est,

410 1942 701 2027 quinque
759 1938 1019 2005 filiabus
1078 1938 1262 2004 datas
1317 1959 1459 2004 esse
1515 1948 1793 2021 quatuor
1848 1948 2091 2006 sortes:
2150 1940 2360 2007 nihilo

410 2028 626 2112 magis
670 2032 1178 2093 consentaneum
1198 2074 1213 2104 ,
1279 2023 1429 2107 quia
1473 2033 1659 2109 pater
1702 2033 1845 2090 erat
1933 2027 2362 2111 rimogcnitus

414 2113 815 2199 duplicatam
874 2110 1006 2177 illis
1064 2130 1205 2176 esse
1261 2130 1446 2175 suam
1513 2120 1789 2193 partem.
1961 2133 2036 2179 oc
2100 2112 2359 2195 quidem

411 2212 605 2267 extra
682 2198 1191 2265 controversiam
1272 2207 1370 2262 est
1394 2247 1409 2275 ,
1492 2195 1728 2262 Gilead
1806 2196 2018 2262 filium
2102 2198 2362 2265 Machir

410 2305 732 2372 proavum
785 2281 1135 2351 mulierum
1198 2279 1276 2347 de
1327 2281 1567 2365 quibus
1629 2304 1802 2348 nunc
1846 2284 2092 2367 agit-ur,
2140 2282 2358 2350 sedem

409 2373 482 2438 in
529 2379 753 2437 monte
777 2367 1015 2435 Gilead
1060 2375 1126 2432 et
1147 2366 1371 2433 Basan
1418 2367 1543 2433 sibi
1580 2368 1872 2452 elegisse.
1941 2369 2124 2455 Ergo
2159 2391 2361 2453 quum

409 2460 546 2525 iam
605 2464 797 2522 extra
855 2463 1101 2520 sortem
1157 2452 1503 2537 privilegio
1556 2452 2029 2521 haereditatem
2086 2455 2361 2540 adeptus

409 2551 616 2623 esset,
687 2563 819 2607 non
886 2538 1113 2605 debuit
1164 2538 1238 2603 in
1295 2547 1473 2604 terra
1528 2537 1844 2606 Ohanaan
1910 2541 2166 2608 sortiri:
2232 2542 2362 2608 nisi

408 2630 583 2697 forte
625 2636 878 2711 partem
926 2625 1251 2691 duntaxat
1282 2624 1564 2690 familiae
1607 2646 1767 2692 suae
1808 2634 1995 2693 trans
2014 2627 2360 2695 Iordanem

410 2715 673 2783 locavit.
760 2711 1039 2796 Hepher
1082 2732 1256 2777 unus
1298 2711 1474 2777 enim
1518 2711 1645 2777 fuit
1687 2733 1768 2779 ex
1813 2712 1957 2780 eius
2000 2713 2188 2792 filiis,
2248 2713 2361 2780 sed

410 2823 547 2869 non
593 2800 804 2867 solus:
859 2798 1052 2865 sicuti
1107 2796 1385 2862 aliorum
1443 2798 1731 2881 quinque
1787 2798 2066 2865 fratrum
2112 2799 2363 2869 soboles

410 2887 484 2953 in
520 2886 711 2970 plura
743 2884 960 2967 capita
994 2883 1312 2968 distingui
1347 2883 1578 2966 potuit,
1624 2904 1744 2967 pro
1780 2905 2057 2970 quorum
2088 2907 2360 2953 numero

411 2971 667 3040 sortitio
720 2972 926 3037 fieret.
1009 2969 1240 3054 Neque
1294 2971 1468 3035 enim
1523 2970 1729 3037 scitur
1784 2972 1853 3037 in
1912 2982 2106 3055 quoto
2151 2972 2360 3058 gradu

411 3065 716 3144 sumptae
768 3056 1013 3122 fuerint
1060 3056 1381 3135 familiae,
1440 3055 1675 3139 quibus
1732 3058 2010 3142 contigit
2070 3059 2139 3124 in
2186 3067 2362 3125 terra

415 3145 739 3212 Chanaan
783 3143 1013 3227 portio.
1091 3141 1231 3206 Nec
1276 3162 1432 3208 vero
1476 3141 1654 3208 aliud
1698 3142 1806 3210 hic
1846 3142 2129 3229 legimus
2164 3164 2360 3228 quam

410 3232 617 3297 iactas
659 3229 860 3296 fuisse
903 3227 1123 3293 decem
1159 3227 1359 3293 fortes
1402 3228 1576 3294 inter
1617 3228 1787 3294 filios
1821 3229 2131 3295 Manasse
2173 3251 2359 3314 prae-

413 3327 517 3384 ter
573 3316 941 3401 regionem,
1003 3334 1200 3396 quam
1250 3312 1376 3379 sibi
1430 3323 1625 3380 antea
1682 3315 2118 3398 acquisierant
2172 3325 2362 3383 trans

412 3401 782 3471 Iordanem.
839 3400 947 3466 Ita
978 3400 1227 3466 frustra
1259 3400 1676 3466 contenditur
1711 3401 1792 3465 de
1826 3421 2122 3481 numero,
2167 3422 2360 3484 quem

410 3497 666 3558 certum
712 3487 948 3552 elicere
1000 3507 1084 3551 ex
1141 3485 1476 3570 praesenti
1533 3487 1910 3553 narratione
1954 3507 2086 3553 non
2129 3508 2361 3571 possu-

408 3593 591 3642 mus:
633 3573 787 3658 quia
828 3580 981 3639 ante
1024 3572 1247 3637 omnia
1289 3571 1531 3656 alioqui
1565 3573 1923 3639 tenendum
1969 3581 2159 3653 esset,
2203 3580 2364 3657 quot

407 3660 680 3729 familiis
730 3657 1093 3726 communis
1141 3658 1342 3723 fuerit
1427 3657 1664 3724 artitio.
1754 3659 1899 3724 Imo
1939 3659 2083 3724 fieri
2126 3667 2358 3742 potest,

402 3756 483 3813 ut
516 3744 777 3812 filiabus
799 3742 1169 3826 Selophead
1205 3742 1339 3810 illic
1420 3753 1601 3809 atum
1638 3744 1837 3810 fuerit
1869 3744 2355 3828 patrimonium.

402 3832 744 3901 Dicuntur
786 3828 1054 3914 quidem
1095 3828 1425 3895 habitasse
1468 3829 1646 3895 inter
1687 3832 1923 3896 fratres
1966 3830 2174 3914 patris
2221 3832 2356 3897 sui:

402 3917 522 3985 sed
569 3917 751 3984 locus
793 3937 930 3982 non
972 3913 1376 3999 designatur.
1466 3914 1803 4000 Quidquid
1838 3916 1925 3982 sit
1961 3936 2093 3981 non
2132 3916 2358 3983 dubito

402 4004 566 4089 quin
624 4010 889 4069 servata
947 4008 1179 4066 mutua
1232 4001 1723 4085 aequabilitate,
1793 4010 2142 4086 postquam
2210 4003 2358 4070 aliis

404 4098 823 4174 prospectum
878 4096 1022 4154 erat
1038 4137 1053 4167 ,
1116 4096 1359 4152 terram
1426 4108 1595 4170 quae
1648 4088 1810 4154 sorti
1868 4088 2159 4155 subiecta
2216 4099 2359 4155 erat

405 4175 866 4328 gistribuerint
906 4174 1079 4239 inter
1122 4172 1346 4239 decem
1389 4173 1702 4240 familias:
1761 4194 2037 4259 quarum
2091 4176 2360 4241 nomina

460 4261 519 4329 ic
561 4270 883 4327 tacentur.

429 4478 435 4485 .
586 4433 685 4498 11.
755 4430 1027 4514 Fuitque
1086 4431 1218 4515 ipsi
1279 4429 1588 4497 Manasse
1651 4431 1722 4498 in
1790 4431 2094 4499 Issaehar
2170 4437 2225 4498 et
2289 4433 2359 4498 in

407 4520 598 4599 Aser,
645 4516 1004 4598 Beth-sean,
1046 4521 1102 4582 et
1144 4517 1379 4598 oppida
1411 4516 1581 4584 eius:
1633 4521 1691 4585 et
1727 4517 1984 4599 Ibleam,
2029 4521 2086 4583 et
2127 4518 2360 4601 oppida

406 4606 579 4671 eius.-
619 4610 676 4670 et
707 4603 1083 4671 habitatores
1116 4601 1277 4683 Dor,
1319 4607 1375 4668 et
1406 4603 1643 4687 oppida
1683 4605 1855 4670 eius.-
1895 4609 1952 4671 et
1983 4603 2359 4672 habitatores

408 4690 665 4771 Didor,
729 4695 788 4756 et
850 4690 1085 4772 oppida
1147 4689 1313 4753 eius:
1375 4693 1432 4754 et
1490 4688 1865 4756 habitatores
1924 4689 2239 4771 Thaanac,
2303 4695 2360 4757 et

408 4775 643 4861 oppida
698 4776 870 4842 eius.-
924 4780 980 4841 et
1020 4774 1393 4841 habitatores
1434 4774 1770 4861 Mayiddoâ€š
1824 4781 1880 4843 et
1921 4776 2159 4859 oppida
2199 4777 2355 4856 eicos,

408 4868 538 4933 ms
589 4862 895 4947 reqiones.
1000 4861 1102 4928 12.
1158 4860 1248 4927 Et
1299 4881 1423 4927 non
1472 4866 1809 4943 potuerunt
1869 4862 1997 4945 filii
2055 4861 2360 4929 Manasse

414 4947 719 5032 expellere
739 4946 1110 5016 habitatores
1128 4948 1383 5013 urbiam
1422 4948 1712 5028 istarum,
1755 4948 1865 5014 sed
1897 4949 2092 5030 eoepit
2117 4947 2360 5014 Chana-

409 5054 610 5101 Ï…ÏƒÎ¸Ï…Îµ
651 5033 931 5101 habitare
970 5036 1043 5100 in
1084 5040 1256 5100 terra
1295 5034 1461 5117 ipsa.
1553 5034 1654 5099 13.
1706 5034 1911 5117 Quam
1954 5037 2160 5099 autem
2191 5033 2362 5100 robo-

409 5121 543 5186 rati
582 5122 780 5187 essent
811 5119 936 5204 filii
969 5119 1195 5199 Israel,
1229 5125 1573 5202 posuerant
1610 5118 2060 5187 Ghananaeam
2101 5119 2363 5186 tributa-

410 5206 615 5288 rofam,
672 5224 782 5272 neo
1243 5205 1614 5288 expulerunt
1674 5226 1833 5270 eum.
1936 5206 2036 5271 14.
2086 5205 2361 5288 Loquuti

412 5296 563 5358 sunt
604 5296 811 5359 autem
848 5290 978 5373 filii
1010 5289 1236 5373 Ioseph
1279 5292 1365 5357 ad
1400 5291 1606 5375 lom,
1648 5292 1931 5359 dicendo:
1969 5290 2103 5358 Gur
2134 5290 2361 5359 dedisti

413 5376 575 5444 mihi
627 5379 700 5445 in
752 5377 1188 5444 haereditatem
1244 5383 1469 5445 sortem
1523 5397 1745 5459 unam,
1814 5383 1871 5445 et
1922 5377 2359 5445 haereditatem

1911 1337 2364 1405 Numerantur

1544 459 2288 531 COMMENTARIUS
2333 464 2432 530 IN
2476 462 2758 532 IOSUE
2804 463 3002 531 OAP.
3047 464 3275 531 XVII.

4286 465 4418 532 534

2466 671 2679 731 unam,
2725 672 2919 734 quum
2961 671 3065 736 eqo
3091 653 3230 743 ,sim
3254 654 3539 737 populas
3571 653 3823 734 multus,
3867 654 3963 721 ita
3995 655 4160 736 quod
4191 652 4415 720 hucus-

2466 758 2585 820 que
2639 737 3015 805 benedixerit
3064 737 3225 803 mihi
3277 738 3553 805 Iehova?
3646 739 3745 806 15.
3804 739 4116 823 Dixitque
4172 740 4257 806 ad
4315 759 4417 807 eos

2469 822 2688 889 Ios-ue.-
2752 821 2827 888 Si
2873 824 3154 905 populus
3209 826 3440 892 multus
3493 844 3587 904 es,
3645 827 3903 892 ascende
3945 826 4015 892 in
4055 824 4315 909 sylvam,
4361 830 4418 891 et

2467 909 2716 974 succide
2770 909 2884 974 tibi
2936 909 3070 975 illic
3125 910 3196 974 in
3238 917 3409 977 terra
3465 909 3790 990 Perieaei,
3851 916 3908 978 et
3951 911 4297 993 Rephaim,
4354 912 4415 978 si

2466 999 2775 1079 angustus
2828 1000 2920 1061 est
2967 995 3079 1060 tibi
3132 1016 3316 1062 mons
3356 995 3690 1079 Ephraim.
3784 998 3883 1064 16.
3930 996 4052 1064 Oui
4090 998 4417 1079 responde-

2464 1085 2613 1146 rtmt
2664 1080 2789 1163 filii
2841 1081 3097 1163 Ioseph:
3165 1082 3312 1149 Non
3371 1081 3643 1165 sufficiet
3696 1083 3874 1150 nobis
3933 1103 4114 1149 mons
4164 1083 4303 1149 ille:
4358 1088 4418 1149 et

2466 1185 2698 1233 carrus
2760 1165 2959 1248 ferrei
3013 1171 3158 1233 sunt
3213 1170 3281 1233 in
3336 1169 3506 1235 omni
3574 1167 3943 1235 clmnanaeo
4005 1169 4118 1252 qui
4179 1167 4418 1235 habitat

2467 1253 2539 1317 in
2578 1257 2752 1318 terra
2791 1251 3011 1333 vallis,
3066 1260 3124 1319 et
3176 1255 3237 1319 ei
3279 1254 3390 1335 qui
3432 1252 3672 1319 habitat
3709 1256 3781 1320 in
3823 1253 4169 1321 Beth-scau
4209 1260 4268 1320 et
4308 1275 4418 1338 op-

2455 1337 2644 1419 pidis
2683 1339 2838 1417 eiua,
2883 1343 2940 1403 et
2971 1341 3030 1404 ei
3063 1340 3175 1421 qai
3204 1339 3442 1405 habitat
3472 1341 3544 1405 in
3563 1339 3720 1406 valle
3740 1339 4002 1407 Ieerael.
4062 1342 4162 1407 17.
4199 1341 4418 1408 Dixit-

2467 1444 2586 1506 que
2624 1421 2814 1490 Iasae
2852 1424 2939 1489 ad
2980 1425 3233 1492 domum
3275 1425 3530 1507 Ioseph,
3588 1446 3804 1509 nempe
3860 1427 3945 1493 ad
3986 1425 4303 1510 Ephraim
4360 1432 4418 1493 et

2469 1509 2793 1590 Manasse,
2847 1509 3135 1576 dicendo.-
3218 1510 3502 1594 Populus
3555 1510 3789 1578 mauvis
3842 1532 3937 1590 cs,
4002 1519 4060 1579 et
4108 1512 4412 1596 fortitudo

2465 1616 2697 1679 mayna
2739 1600 2826 1661 est
2870 1596 3014 1661 tibi:
3070 1617 3196 1663 non
3241 1599 3364 1663 erit
3417 1596 3535 1663 tibi
3590 1618 3731 1664 sors
3771 1598 3992 1664 unica.-
4080 1598 4181 1664 18.
4231 1598 4417 1664 Mons

2466 1683 2632 1747 enim
2689 1682 2808 1747 erit
2850 1682 2981 1765 tibi,
3039 1683 3197 1764 quia
3231 1683 3410 1767 sylva
3451 1688 3569 1749 est:
3632 1684 3907 1751 succides
3946 1704 4090 1768 erqo
4132 1705 4300 1763 eam,
4360 1689 4417 1750 et

2465 1772 2646 1833 erunt
2708 1767 2821 1832 tibi
2887 1769 3096 1833 exitus
3160 1769 3326 1835 eius:
3402 1770 3558 1852 quia
3618 1769 3881 1853 capellas
3948 1768 4414 1849 Chamimaum,

2464 1873 2825 1937 quanquam
2869 1872 3095 1920 currus
3131 1854 3329 1937 ferrei
3369 1856 3498 1921 sint
3538 1857 3597 1922 ei
3612 1903 3628 1935 â€š
3684 1876 4045 1938 quanquam
4083 1857 4271 1939 fortis
4311 1858 4413 1923 sit.

2639 2025 2741 2089 11.
2785 2024 3059 2107 Fuitque
3113 2025 3244 2106 ipsi
3300 2024 3620 2092 Manasse.
3718 2025 4060 2107 Quomodo
4115 2027 4211 2092 ita
4265 2047 4415 2111 perÎ‡

2464 2110 2664 2177 mixti
2695 2110 2966 2192 fuerint,
3002 2120 3078 2177 ut
3111 2110 3426 2194 quasdam
3460 2112 3655 2178 urbes
3689 2112 4100 2195 possederint
4133 2113 4202 2177 in
4238 2121 4416 2180 sorte

2467 2202 2641 2264 Aser
2693 2206 2761 2262 et
2803 2196 3141 2276 Issachar,
3201 2218 3400 2280 quum
3457 2197 3634 2263 intra
3690 2217 3914 2263 eorum
3957 2197 4200 2265 limites
4233 2197 4416 2266 habi-

2467 2291 2639 2349 taret
2681 2282 2891 2349 tribus
2933 2282 3277 2367 Ephraim,
3343 2282 3640 2349 divinare
3684 2282 3874 2349 facile
3917 2304 4053 2349 non
4097 2294 4223 2350 est:
4285 2286 4414 2352 nisi

2466 2370 2623 2452 quia
2665 2368 2835 2435 forte
2875 2377 3288 2455 prospectum
3333 2369 3477 2449 fuit,
3529 2389 3613 2434 ne
3658 2366 3972 2434 habitatio
4017 2370 4417 2437 commodior

2467 2456 2789 2523 obnoxior
2831 2464 3003 2521 esset
3044 2455 3269 2520 multis
3311 2454 3770 2537 querimoniis:
3843 2455 3953 2520 vel
4013 2456 4180 2521 forte
4220 2465 4417 2540 prout

2468 2540 2705 2607 deinde
2747 2541 2993 2608 certius
3035 2541 3322 2607 innotuit
3353 2548 3497 2607 tota
3529 2541 3729 2625 regio,
3773 2537 4019 2623 aliquid
4054 2541 4412 2608 secundum

2467 2628 2813 2710 aequitatis
2857 2627 3153 2712 regulam
3209 2626 3281 2692 in
3325 2627 3647 2711 superiori
3689 2627 4042 2711 partitione
4084 2635 4412 2693 mutatum

2464 2713 2608 2780 fuit.
2653 2713 2940 2779 Videtur
2981 2714 3201 2797 itaque
3244 2712 3407 2779 haec
3448 2734 3621 2779 nova
3653 2713 3856 2779 fuisse
3890 2712 4194 2790 accessio,
4237 2722 4414 2797 postÎ‡

2462 2820 2658 2884 quam
2725 2807 3129 2884 compertum
3183 2799 3309 2864 fuit
3361 2799 3532 2865 filios
3588 2798 3902 2865 Manasse
3956 2798 4199 2881 absque
4255 2798 4414 2864 alio-

2464 2904 2614 2950 rum
2658 2885 2911 2952 iactura
2954 2906 3142 2970 posse
3185 2885 3466 2951 dilatari.
3550 2883 3692 2951 Nec
3744 2905 3901 2951 vero
3943 2884 4074 2951 illis
4117 2883 4270 2950 data
4312 2891 4416 2950 est

2463 2978 2698 3055 pacata
2739 2970 3077 3051 habitatin,
3121 2992 3250 3056 qua
3292 2972 3518 3037 statim
3564 2971 3965 3037 fruerentur:
4024 2969 4137 3037 sed
4183 2971 4412 3037 haere-

2464 3057 2639 3123 ditas
2682 3056 2812 3124 illis
2865 3056 2989 3124 sub
3045 3078 3160 3141 spe
3215 3058 3501 3141 reposita
3557 3057 3681 3123 fuit
3725 3064 3802 3122 ut
3843 3057 3913 3122 in
3957 3055 4221 3123 coelesti
4261 3077 4413 3140 pro-

2464 3143 2778 3209 missione
2842 3144 3054 3228 magis
3117 3163 3316 3226 quam
3382 3144 3451 3207 in
3518 3151 3782 3209 terrena
3843 3143 4253 3225 possessione
4306 3161 4412 3207 ac-

2463 3229 2894 3314 quiescerent.
3000 3226 3191 3309 Quod
3245 3236 3468 3294 tamen
3524 3227 3795 3294 urbibus
3845 3227 3978 3294 illis
4030 3227 4218 3311 potiti
4275 3249 4411 3294 non

2463 3325 2637 3392 sunt,
2675 3335 2900 3381 eorum
2935 3314 3163 3398 culpae
3207 3312 3626 3380 adscribitur:
3672 3314 3823 3397 quia
3873 3334 4015 3379 sors
4049 3313 4182 3379 illis
4224 3312 4414 3380 induÎ‡

2463 3401 2646 3468 bium
2705 3411 2847 3467 erat
2901 3399 2965 3483 pi
3062 3420 3140 3466 us
3188 3399 3524 3467 victoriae.
3613 3399 3763 3464 Non
3807 3406 4165 3483 potuerunt
4205 3398 4416 3484 igitur

2464 3485 2791 3571 expellere
2831 3485 2984 3551 inco
3011 3505 3101 3566 as,
3143 3487 3296 3569 quia
3338 3506 3550 3568 neque
3584 3506 3669 3551 ex
3704 3484 3924 3552 animo
3966 3484 4238 3550 fuerunt
4272 3504 4413 3568 per-

2465 3573 2643 3672 suasi
2656 3622 2686 3672 ,Î‡
2739 3572 2955 3637 Deum
3014 3591 3158 3637 esse
3217 3591 3545 3652 veracem,
3601 3579 3669 3636 et
3720 3570 3863 3637 eius
3923 3571 4237 3671 virtutem
4268 3590 4414 3671 'sua

2464 3657 3279 3829 affiaâ€˜ssâ€˜fflâ€˜tttm
3314 3655 3461 3810 51:2Â¹
3483 3657 4139 3810 stimma&
4174 3676 4415 3821 3Â³:35

2464 3850 2597 3895 non
2643 3827 2834 3896 modo
2877 3850 3113 3913 segnes
3157 3828 3424 3895 fuerunt
3485 3830 3557 3894 in
3602 3827 4012 3911 exsequendo
4054 3826 4182 3893 Dei
4228 3848 4412 3893 manÎ‡

2464 3914 2653 3981 dato:
2707 3915 2824 3982 sed
2867 3913 3047 3999 turpi
3090 3914 3271 3982 lucro
3315 3913 3595 3991 adducti,
3641 3915 3829 3981 vivos
3870 3922 4219 3980 servarunt
4251 3934 4414 3998 quos

2462 4000 2649 4068 Deus
2713 4001 2916 4067 exitio
2985 4000 3445 4067 destinaverat.
3553 4001 3725 4066 Nam
3793 4000 4029 4083 quibus
4093 3999 4410 4066 tributum

2461 4087 2892 4172 imponimus,
2959 4106 3070 4153 eos
3137 4085 3612 4170 quodammodo
3677 4085 4026 4170 recipimus
4089 4085 4158 4151 in
4215 4083 4409 4151 fidem

2461 4182 2789 4254 nostram,
2857 4180 2925 4239 et
2984 4172 3383 4239 clientelam:
3461 4171 3792 4237 vindictae
3855 4192 4011 4238 suae
4075 4172 4411 4239 ministros

2459 4260 2861 4342 praefecerat
2904 4257 3118 4339 Deus,
3162 4259 3338 4324 vires
3380 4257 3462 4323 ad
3506 4279 3649 4323 eam
3695 4257 4126 4324 exercendam
4172 4276 4410 4341 suppe-

2464 4345 2665 4410 ditat:
2725 4345 2853 4428 ipsi
2911 4351 3131 4410 autem
3190 4365 3325 4409 non
3373 4343 3566 4409 modo
3608 4351 4035 4421 cunctantur,
4087 4341 4200 4409 sed
4248 4343 4410 4409 bene

2463 4429 2704 4516 agendi
2743 4429 3117 4496 libertatem
3159 4428 3281 4496 sibi
3328 4430 3631 4514 eripiunt.
3715 4428 3901 4495 Nihil
3955 4448 4113 4514 ergo
4168 4428 4407 4494 mirum

2461 4516 2521 4583 si
2586 4515 2770 4582 Deus
2831 4536 3206 4600 perversam
3274 4514 3435 4582 adeo
3500 4513 3859 4583 socordiam
3924 4534 4156 4581 severe
4234 4515 4409 4579 ultus

2461 4602 2691 4669 fuerit:
2751 4609 2830 4669 ut
2884 4610 3115 4686 gentes
3169 4601 3352 4683 illae,
3413 4601 3647 4685 quibus
3705 4609 3936 4667 contra
3993 4599 4406 4666 manifestam

2461 4688 2966 4773 prohibitionem
3008 4687 3418 4772 ignoverant,
3462 4688 3710 4754 fuerint
3751 4685 3997 4753 similes
4041 4684 4283 4752 aculeis
4326 4684 4407 4750 ad

2462 4774 2887 4859 configendos
2940 4793 3164 4838 eorum
3222 4773 3475 4852 oculos,
3542 4782 3610 4839 et
3651 4772 3934 4840 stimulis
3976 4771 4059 4837 ad
4101 4769 4410 4836 fodienda

2460 4861 2671 4926 latera
2743 4860 2938 4926 Num.
2984 4859 3088 4938 33,
3131 4857 3261 4947 55).
3348 4859 3655 4944 Emergit
3706 4859 3903 4923 etiam
3946 4856 4055 4922 hic
4096 4856 4409 4941 quaestio,

2462 4966 2659 5030 quom
2746 4968 2785 5013 o
2861 4965 3209 5012 concessae
3284 4945 3418 5010 illis
3496 4945 3743 5010 fuerint
3820 4944 4016 5009 urbes
4091 4942 4163 5007 in
4232 4942 4406 5009 tribu

2464 5035 2636 5099 Aser
2700 5041 2767 5097 et
2829 5030 3135 5098 Issachar
3157 5082 3174 5113 ,
3252 5052 3456 5114 quum
3537 5028 3747 5096 adhuc
3824 5028 4158 5112 incognita
4237 5034 4412 5095 esset

2462 5119 2806 5202 utriusque
2861 5118 3096 5202 portio.
3202 5117 3381 5203 Ergo
3438 5114 3590 5181 ÎºÎ±Ï„á½°
3654 5116 3951 5199 Ï€Ïá½¹Î»Î·ÏˆÎ¹Î½
4010 5111 4181 5197 quod
4241 5134 4410 5179 non-

2462 5202 2620 5268 dum
2666 5203 3010 5287 impletum
3055 5211 3199 5269 erat
3243 5205 3540 5269 refertur.
3628 5198 3962 5284 Quidquid
4005 5200 4107 5277 sit,
4159 5199 4408 5284 colligiÎ‡

2462 5309 2612 5355 mus
2678 5297 2947 5373 propter
3002 5289 3443 5375 ignorantiam
3501 5286 3791 5354 locorum
3848 5305 3976 5351 non
4035 5285 4129 5350 ita
4184 5293 4409 5351 exacte

2464 5374 2711 5442 divisas
2768 5375 2967 5444 fuisse
3019 5375 3316 5461 singulas
3369 5383 3619 5458 partes,
3686 5372 3846 5457 quin
3904 5391 4167 5438 necesse
4210 5371 4410 5437 fuerit

3968 5472 3996 5502 á¼¡
