5017 6142
448 420 576 487 509

446 614 808 700 colligitur,
851 610 1022 697 quod
1065 611 1240 678 caesi
1273 619 1430 678 sunt
1471 632 1515 679 u
1593 632 1679 677 ue
1720 611 1803 678 ad
1848 609 2182 690 Sidonem,
2228 631 2397 697 quae

447 704 642 787 longe
718 721 759 767 a
827 699 973 765 lacu
1048 697 1305 765 Merom
1392 697 1566 765 dista
1647 706 1695 763 t.
1783 696 2079 765 Vocatur
2177 706 2394 763 autem

444 808 692 873 magna
746 785 832 852 ob
878 784 1318 852 celebritatem
1380 783 1654 867 emporii
1706 792 1774 850 et
1828 784 1984 868 quia
2038 783 2199 850 urbs
2254 791 2399 850 erat

446 895 604 960 prae
649 871 800 939 aliis
855 869 1187 956 populosa.
1275 869 1505 954 Neque
1562 869 1739 935 enim
1789 878 2207 954 comparatur
2246 891 2396 938 cum

446 961 575 1027 alia
615 958 871 1025 minore
912 967 980 1023 et
1013 955 1305 1023 eiusdem
1349 956 1648 1022 nominis.
1716 954 2118 1022 Hebraicum
2155 975 2397 1021 nomen

444 1042 922 1128 Mozerephoth
937 1093 954 1124 ,
1021 1041 1194 1127 quod
1238 1050 1553 1125 tanquam
1593 1041 1938 1126 proprium
1989 1040 2256 1125 quidam
2301 1063 2398 1106 re-

444 1133 697 1213 tinent,
739 1138 1002 1196 vertere
1089 1128 1293 1195 lacuit
1334 1127 1665 1193 fervores:
1725 1127 1881 1210 quia
1920 1127 2255 1213 probabile
2299 1137 2399 1193 est

443 1237 646 1303 aquas
686 1214 931 1283 calidas
971 1214 1106 1280 ium
1145 1213 1494 1280 ebulliisse.
1561 1210 1775 1280 Sicuti
1815 1232 1975 1278 vero
2017 1222 2396 1279 consterna-

443 1305 537 1370 tio
581 1323 749 1388 quae
789 1301 939 1367 illos
981 1302 1052 1366 in
1094 1299 1320 1384 fugam
1365 1299 1526 1366 adeo
1574 1299 1851 1365 effusam
1896 1299 2133 1382 rapuit,
2177 1297 2395 1382 palam

444 1387 734 1457 ostendit
788 1406 1031 1454 arcano
1071 1387 1200 1453 Dei
1256 1385 1577 1453 instinctu
1620 1385 2009 1469 praecipites
2049 1384 2252 1450 fuisse
2292 1403 2397 1450 ac·

442 1486 575 1542 tos:
640 1475 734 1540 ita
785 1472 1122 1540 Israelitas
1165 1472 1277 1557 qui
1333 1492 1453 1556 per
1493 1478 1593 1537 tot
1648 1469 2025 1537 discrimina
2065 1469 2397 1555 fugientes

528 1560 746 1645 rsequi
791 1559 938 1626 ausi
979 1566 1151 1639 sunt,
1186 1557 1446 1625 coelesti
1493 1558 1737 1623 virtute
1778 1566 2030 1622 certum
2075 1563 2178 1621 est
2219 1555 2396 1620 ultra

437 1583 808 1716 ffimanum
889 1643 1157 1711 modum
1238 1643 1442 1710 fuisse
1520 1651 1947 1708 transvectos.
2050 1639 2398 1707 Laudatur

440 1732 676 1802 deinde
720 1739 853 1797 tam
900 1730 1296 1797 abstinentia
1322 1728 1518 1796 Iosue
1557 1748 1754 1813 quam
1796 1726 2088 1811 obsequii
2124 1747 2392 1813 promp-

437 1819 669 1886 titudo.
757 1816 985 1901 Neque
1041 1816 1214 1881 enim
1256 1823 1356 1881 tot
1410 1835 1724 1898 equorum
1784 1822 1853 1879 ct
1902 1833 2216 1880 curruum
2260 1813 2392 1880 iac·

435 1915 656 1972 turam
691 1904 973 1970 libenter
1007 1903 1300 1968 facturus
1332 1908 1496 1975 erat,
1539 1901 1668 1966 nisi
1703 1900 1973 1967 vicisset
2008 1899 2137 1965 Dei
2171 1904 2388 1965 timor.

437 1992 613 2059 Nam
657 2010 826 2075 quae
868 1997 1092 2054 nostra
1124 1996 1224 2054 est
1258 1987 1526 2054 solertia
1567 1985 1647 2052 ad
1693 1983 2157 2070 excogitandos
2198 2005 2388 2071 prae-

437 2086 661 2144 textus
681 2125 697 2156 ,
749 2076 1104 2142 obtendere
1147 2071 1492 2157 plausibile
1536 2079 1680 2137 erat
1724 2071 2026 2155 quamvis
2070 2071 2153 2137 ad
2198 2092 2390 2137 usum

437 2163 792 2230 militarem
827 2181 940 2227 eos
983 2181 1115 2226 non
1160 2168 1442 2243 aptaret,
1510 2158 1788 2242 pretium
1846 2164 2072 2223 tamen
2116 2158 2390 2222 minime

436 2244 1405 2415 ἑᾟῖιιέθῖἔὲῑῗωόωᾚέἴὲ
1444 2265 1602 2395 ι’)’ἓὲ
1645 2242 2391 2414 Ρῖῗὲξ-θὲὣὶιέἒῖἰὲἲὲ

990 2380 1007 2411 ἱ

438 2421 578 2487 suis
638 2416 996 2486 virtutibus
1052 2416 1326 2501 adeptus
1375 2425 1550 2495 crat,
1623 2423 1699 2481 ut
1752 2416 2068 2500 populum
2119 2415 2390 2481 haberet

436 2506 697 2573 facilem
760 2518 828 2570 et
887 2504 1320 2589 morigerum,
1385 2500 1559 2586 quod
1624 2522 1852 2568 omnes
1916 2501 2391 2586 praestiterunt

437 2593 671 2658 merito
713 2591 783 2656 in
827 2591 1026 2655 unius
1069 2587 1259 2656 laude
1302 2589 1589 2673 ponitur.

615 2676 715 2743 12.
791 2676 1019 2743 Ovnms
1090 2674 1273 2741 urbes
1357 2694 1573 2759 reque·
1644 2674 1926 2740 iswnm.
2029 2671 2390 2757 Profligato

437 2765 733 2831 exercitu
776 2763 1114 2847 regionem
1159 2761 1459 2846 populari
1492 2769 1561 2826 et
1592 2768 1873 2838 vastare,
1917 2758 2115 2825 urbes
2157 2778 2390 2841 capere

437 2859 506 2918 et
562 2849 847 2932 diripere
908 2856 1242 2932 ceperunt.
1330 2846 1557 2928 Quum
1620 2844 1895 2924 dicitur,
1970 2846 2165 2911 urbes
2222 2864 2389 2927 quae

437 2935 796 3003 manebant
836 2934 1133 3019 integrae
1175 2954 1311 2999 non
1351 2933 1558 2999 fnisse
1600 2939 1905 3012 exustas,
1967 2929 2119 2997 inde
2152 2930 2380 3015 proba·

437 3023 589 3089 bilis
667 3021 1043 3089 coniectura
1120 3019 1412 3097 elicitur,
1491 3016 1805 3104 quasdam
1870 3016 1940 3083 vi
2007 3026 2074 3083 et
2135 3016 2389 3101 impetu

437 3110 641 3175 fnisse
696 3115 946 3208 captas,
1014 3113 1209 3189 atque
1253 3106 1347 3170 ita
1401 3104 1674 3171 dirutas.
1764 3102 1926 3170 Sola
1967 3102 2191 3169 Hazor
2239 3109 2389 3187 post

437 3203 995 3279 expugnationem
1038 3201 1108 3257 et
1165 3191 1391 3259 sedato
1448 3188 1679 3257 ardore
1722 3189 1845 3255 fuit
1895 3186 2198 3254 incendio
2232 3207 2387 3254 con·

437 3292 702 3433 ww
715 3276 1899 3447 ὅξὲἒέἔὲοζὶξᾚωὲἱέηὲᾞῗέἑ.
1918 3272 2388 3427 ifflffffl

438 3451 821 3519 iracundiae
884 3452 1111 3516 fraena
1176 3450 1434 3516 laxasse
1492 3448 1649 3514 dum
1714 3467 1943 3513 omnes
2008 3467 2047 3512 a
2111 3445 2387 3511 minimo

438 3559 648 3622 usque
704 3539 787 3602 ad
852 3537 1212 3602 maximum
1279 3535 1637 3613 interfecit,
1702 3532 1965 3616 saepius
2018 3542 2085 3598 et
2147 3531 2388 3598 clarius

441 3625 567 3691 hoc
604 3623 743 3691 loco
792 3623 1130 3707 repetitur.
1220 3621 1391 3688 Nam
1436 3619 1606 3705 quod
1662 3620 1953 3686 nondum
2002 3637 2386 3702 expressum

440 3710 657 3776 fuerat
713 3731 887 3776 nnnc
932 3708 1174 3775 diserte
1230 3707 1643 3792 designatur:
1710 3705 1906 3771 Iosne
1947 3703 2232 3770 fideliter
2276 3702 2386 3770 de-

440 3798 736 3864 functum
780 3815 924 3861 esse
968 3795 1104 3860 suis
1146 3794 1473 3880 partibus,
1536 3793 1690 3876 quia
1731 3790 2030 3874 implevit
2071 3788 2388 3875 quidquid

441 3881 627 3949 Deus
691 3902 811 3965 per
874 3881 1107 3947 Mosen
1177 3881 1572 3946 iniunxerat.
1662 3876 1949 3944 Perinde
2026 3896 2184 3961 ergo
2261 3875 2390 3940 fuit

438 3990 515 4037 ac
577 3969 635 4034 si
691 3987 925 4033 manus
978 3987 1134 4033 suas
1190 3976 1637 4033 consecrasset
1696 3964 1867 4040 Dec,
1937 3962 2052 4029 ubi
2112 3983 2196 4027 ex
2246 3961 2388 4043 eius

438 4054 755 4122 mandato
818 4061 1053 4139 gentes
1117 4052 1263 4119 illas
1309 4051 1573 4118 delevit.
1662 4049 1771 4116 Ita
1834 4048 2194 4114 tenendum
2261 4055 2384 4126 est,

435 4140 740 4226 quamvis
783 4147 960 4205 totus
1000 4138 1292 4204 mundus
1335 4159 1455 4203 nos
1497 4137 1781 4213 damnet,
1823 4135 2121 4201 sufficere
2164 4141 2386 4199 tamen

435 4227 519 4293 ad
585 4246 707 4292 nos
770 4224 951 4291 omni
1011 4224 1206 4308 culpa
1269 4222 1638 4289 liberandos
1689 4222 1908 4288 Deum
1972 4219 2214 4286 habere
2270 4239 2385 4285 au-

434 4323 665 4379 torem.
753 4309 1019 4377 Interea
1058 4310 1417 4394 prudenter
1466 4307 1838 4392 expendere
1880 4305 2187 4374 convenit
2228 4303 2385 4389 quid

434 4398 609 4466 ferat
671 4398 991 4480 cuiusque
1066 4398 1354 4463 vocatio:
1434 4417 1518 4461 ne
1583 4395 1638 4461 si
1699 4393 1846 4478 quis
1911 4413 2030 4476 pro
2092 4392 2215 4457 zeli
2280 4392 2384 4457 sui

434 4485 703 4552 licentia
764 4483 1007 4549 imitari
1088 4482 1249 4548 velit
1313 4481 1505 4548 Iosue
1522 4531 1538 4559 ,
1625 4478 1909 4547 crudelis
1971 4488 2040 4544 et
2115 4478 2384 4564 sangui-

435 4571 664 4637 narius
742 4570 1065 4636 iudicetur
1144 4568 1359 4651 potius
1436 4586 1633 4651 quam
1707 4586 1980 4633 severus
2057 4563 2186 4630 Dei
2266 4563 2384 4628 mi·

430 4659 661 4724 nister.

612 4828 712 4894 16.
779 4826 1296 4910 EtcepitIoeue
1351 4843 1591 4892 omnem
1644 4823 2388 4889 terramistammenta-

430 4935 615 4993 παθη,
675 4918 731 4980 et
771 4933 1011 4979 omnem
1066 4911 1436 4991 australem,
1494 4928 1852 4991 omnemque
1902 4913 2135 4974 terram
2183 4907 2387 4974 Goeen

430 5000 857 5087 etplanitiem
897 5003 1084 5083 atque
1130 4996 1537 5082 campestria,
1594 5000 1856 5061 montem
1901 5014 2136 5078 quoque
2175 4993 2388 5061 Israel

427 5093 490 5154 et
530 5086 868 5170 planitiem
925 5085 1078 5152 eius.
1174 5085 1272 5150 17.
1341 5083 1405 5148 A
1459 5087 1660 5149 monte
1719 5080 1888 5147 laevi
1939 5082 2051 5163 qui
2106 5082 2388 5165 assumit

428 5166 2386 5255 vermSeirusqueBaalqadinoampoLibaniwb

1820 5272 2032 5318 eorum
2080 5254 2271 5337 cepit,
2327 5257 2386 5318 et

428 5264 633 5326 monte
676 5258 984 5324 Hermon.-
1042 5276 1250 5323 ornnes
1301 5274 1541 5339 quoque
1937 5338 2155 5405 mis
2190 5340 2387 5425 μή

420 5347 740 5430 ρεταιθειϊ
793 5364 895 5410 eos
950 5347 1007 5409 et
1057 5342 1378 5426 interfecit.
1470 5339 1571 5407 18.
1589 5273 1884 5407 rffiue

1638 423 2385 493 COMMENTARIUS
2429 421 2532 490 IN
2577 420 2858 490 IOSUE
2904 422 3101 492 OAP.
3145 425 3273 493 XI.

4320 430 4452 498 510

2502 611 2692 713 Iosue
2754 632 2896 679 cum
2949 613 3238 682 omnibus
3290 615 3544 702 raythu-s·
3591 618 3739 685 istis
3792 616 4029 684 bellum.
4129 618 4230 686 19.
4303 619 4451 687 Non

2495 698 4452 799 fuiturbsquaepacemfeeeritcumfiliislmelpraeter

2500 784 2802 886 Hwaeoe·
2834 784 3211 853 habitatores
3268 788 3536 855 Gibeon:
3586 810 3795 856 omnes
3844 795 4133 874 oeperunt
4177 793 4445 874 proelia

2499 869 2604 936 20.
2676 871 2845 953 Quia
2885 892 2931 936 a
2973 872 3207 965 Iehopa
3257 874 3410 955 ficit,
3468 880 3540 940 ut
3588 877 3919 942 induraret
3971 896 4077 943 cor
4127 896 4341 943 eorum
4379 878 4453 944 in

2498 976 2818 1056 qectorsam
2858 957 3001 1023 belli
3040 977 3182 1024 cum
3222 958 3435 1026 Israel
3450 986 3470 1025 .·
3509 966 3580 1026 ut
3618 960 3845 1027 deleret
3883 980 4004 1038 eos,
4045 981 4156 1028 nec
4193 967 4455 1030 restaret

2499 1041 2636 1109 vlt-s
2672 1043 3135 1109 meriaco-dia.-
3187 1046 3298 1112 sed
3338 1051 3410 1110 ut
3455 1047 3837 1128 disperderet
3873 1067 4006 1127 eos,
4061 1048 4226 1114 sicut
4264 1070 4451 1132 prae·

2497 1133 2739 1227 ceperat
2781 1127 3009 1195 Iehova
3055 1129 3243 1196 Moci.
3331 1131 3435 1197 21.
3498 1131 3680 1199 Venit
3719 1138 3925 1199 autem
3959 1133 4148 1200 Iosue
4187 1139 4451 1218 tempore

2498 1213 2666 1312 azzo,
2700 1217 2757 1277 et
2810 1215 3040 1281 excidit
3090 1216 3373 1283 Anakim
3425 1239 3457 1284 e
3510 1219 3849 1285 montanis:
3904 1239 3983 1286 ex
4036 1218 4314 1301 Hebron,
4373 1240 4450 1286 ex

2499 1298 3136 1383 Debvr,exAnab,
3204 1305 3618 1370 etexomni
3682 1304 4450 1386 montelehuda‚etex

2501 1385 3213 1454 omnimontelsrael:
3274 1389 4452 1458 memurbibuseommdelevit

2498 1488 2608 1570 eos
2671 1471 2875 1538 Ioeue.
2964 1472 3069 1538 22.
3137 1474 3282 1540 Non
3336 1476 3639 1543 remansit
3690 1496 3770 1542 ex
3820 1475 4104 1542 Anubim
4158 1477 4231 1542 in
4276 1482 4452 1543 terra

2492 1555 2773 1637 filiorum
2826 1558 3066 1623 Braez:
3126 1563 3366 1625 tantum
3414 1563 3482 1628 in
3532 1562 3680 1627 Gad
3728 1567 3787 1628 et
3826 1564 3898 1628 ia
3933 1563 4154 1629 Asdod
4203 1562 4450 1629 residui

2493 1642 2770 1725 fuerunt.
2813 1644 2955 1743 ‚²3·
3010 1646 3266 1727 Accepit
3307 1647 3518 1728 itaque
3561 1649 3750 1714 Ioeue
3782 1652 3972 1713 totam
4002 1653 4236 1714 terram
4256 1667 4446 1729 pror·

2496 1748 2614 1828 sae
2643 1733 2716 1793 ut
2755 1729 3008 1796 duxerat
3041 1729 3277 1799 Iehova
3310 1731 3505 1814 Mosi,
3548 1739 3606 1801 et
3645 1733 3914 1799 tradidit
3945 1753 4085 1800 eam
4124 1734 4196 1798 in
4237 1732 4446 1799 haere-

2496 1814 2754 1880 ditatem
2790 1813 3027 1882 Israeli
3072 1816 3408 1884 seeundum
3469 1820 3812 1887 divisiones
3842 1839 4054 1886 eorum
4078 1839 4203 1900 per
4240 1818 4446 1885 tribus

2495 1920 2684 1967 suas.-
2724 1907 2784 1968 et
2821 1905 2994 1968 terra
3034 1904 3271 1985 quievit
3310 1925 3352 1969 a
3396 1904 3566 1973 bello.

2609 2159 2622 2174 ⁸
2672 2073 2774 2138 16.
2839 2071 2929 2138 Et
2986 2076 3148 2156 cepit
3204 2075 3409 2141 Ioeue.
3497 2074 3579 2140 In
3646 2077 3956 2142 continua
4019 2075 4443 2143 victoriarum

2496 2178 2665 2223 serie
2720 2180 2925 2243 quum
2984 2169 3160 2225 terra
3215 2171 3449 2245 sponte
3508 2170 3761 2228 veteres
3815 2161 4064 2229 incolas
4112 2168 4446 2228 evomeret

2494 2252 2575 2309 ut
2616 2265 2824 2311 vacua
2876 2245 3134 2312 cederet
3176 2245 3501 2313 Israelitis
3557 2249 3909 2331 possessio,
3975 2247 4189 2331 palam
4211 2308 4218 2313 ,
4243 2267 4445 2331 appa·

2493 2331 2633 2430 ruit
2672 2330 2845 2415 quod
2892 2331 3132 2398 dicitur
3173 2332 3242 2396 in
3289 2333 3556 2399 Psalmo
3599 2332 3743 2420 (44,
3801 2332 3905 2421 4),
3970 2333 4269 2418 quamvis
4311 2334 4444 2398 for·

2493 2423 2652 2483 uter
2708 2418 3149 2503 pugnaverint
3190 2439 3317 2484 non
3384 2430 3604 2485 tamen
3646 2417 3866 2504 gladio
3908 2440 4028 2485 suo
4069 2418 4446 2502 acquisiisse

2494 2510 2768 2583 terram,
2848 2524 2968 2570 nec
3033 2504 3311 2570 salutem
3379 2506 3645 2571 brachio
3713 2525 3832 2570 suo
3895 2504 4021 2572 sibi
4085 2504 4443 2588 peperisse:

2494 2587 2610 2654 sed
2656 2609 2880 2688 ‘manu
2946 2596 3011 2656 et
3092 2588 3395 2671 brachio,
3478 2600 3545 2656 et
3609 2590 3957 2676 splendore
4021 2590 4248 2657 vultus
4312 2588 4443 2654 Dei

2494 2694 2719 2740 omma
2777 2673 3063 2758 adeptos.
3153 2675 3300 2743 Hoc
3364 2676 3635 2744 consilio
3696 2685 4119 2743 recensentur
4183 2675 4326 2741 loca
4377 2684 4445 2740 et

2492 2761 2796 2845 regiones
2814 2812 2831 2841 ,
2903 2771 2980 2826 ut
3042 2761 3324 2829 sciamus
3383 2764 3603 2830 Deum
3660 2783 3825 2848 opus
3884 2761 4057 2847 quod
4121 2769 4442 2844 coeperat,

2491 2847 2805 2947 continuo
2870 2855 3100 2914 tencre
3177 2850 3605 2931 pertexuisse.
3710 2849 4064 2916 Caeterum
4125 2846 4444 2913 falluntur

2492 2952 2607 3015 qm
2687 2940 2939 2998 certum
3010 2942 3307 3000 montem
3386 2936 3599 3001 notari
3678 2945 3916 3020 putant
3979 2934 4100 3001 sub
4182 2932 4447 2997 nomine

2491 3017 2735 3086 Israel:
2826 3019 2983 3102 quia
3058 3018 3334 3103 liquebit
3395 3042 3481 3088 ex
3543 3024 3678 3087 fine
3755 3021 3989 3105 capitis
4064 3026 4446 3085 montanam

2491 3112 2746 3189 partem
2803 3103 3012 3171 Israel
3072 3114 3140 3170 et
3192 3106 3361 3173 Iuda
3417 3108 3784 3191 promiscue
3840 3106 3935 3173 sic
3991 3104 4231 3172 vocari.
4319 3104 4447 3170 Est

2489 3192 2709 3275 itaque
2746 3192 3005 3258 numeri
3041 3191 3375 3278 enallage:
3419 3195 3571 3278 quia
3604 3203 3859 3259 montes
3894 3191 4116 3258 decem
4152 3190 4443 3257 tribuum

2489 3277 2823 3343 montibus
2888 3276 3143 3343 Iehuda
3220 3288 3699 3362 comparantur.
3786 3278 4074 3361 Ideoque
4139 3273 4447 3342 subaudi-

2489 3362 2663 3428 enda
2725 3362 3090 3429 antithesis.
3179 3364 3263 3429 In
3330 3365 3536 3431 altero
3614 3374 3836 3430 monte
3911 3382 4274 3448 cognomen
4340 3369 4445 3427 est

2491 3447 2907 3533 ambiguum,
2969 3447 3236 3533 quidam
3289 3451 3621 3535 accipiunt
3667 3472 3788 3534 pro
3846 3449 4200 3527 divisione,
4266 3466 4344 3512 ac
4385 3448 4443 3513 si

2487 3534 2723 3600 fuisset
2766 3535 3116 3603 dissectus:
3182 3536 3295 3602 alii
3336 3557 3457 3621 pro
3498 3537 3671 3603 laevi
3687 3586 3704 3618 ,
3746 3535 4056 3621 quoniam
4100 3532 4442 3599 arboribus

2489 3621 2774 3700 carebat,
2817 3631 2895 3686 ut
2927 3630 3130 3706 caput
3173 3622 3472 3689 redditur
3514 3623 3815 3707 glabrum
3858 3620 4137 3687 calvitie.
4198 3619 4442 3685 Libera

2490 3706 2578 3772 sit
2621 3708 2803 3790 optio
2853 3705 3202 3774 lectoribus
3245 3710 3313 3773 in
3359 3729 3431 3775 re
3489 3710 3740 3774 incerta
3782 3717 3851 3774 et
3899 3707 4062 3774 levis
4104 3705 4437 3771 momenti.

2668 3792 2769 3859 18.
2826 3791 3074 3860 Diebus
3124 3795 3363 3861 multis.
3453 3795 3628 3861 Ante
3685 3795 3863 3859 intra
3919 3793 4230 3878 exiguum
4277 3801 4441 3856 tem-

2490 3899 2617 3964 pus
2663 3888 2733 3945 et
2788 3881 2975 3963 quasi
3030 3880 3227 3947 celeri
3284 3901 3478 3948 cursu
3546 3880 3831 3966 quinque
3896 3899 4101 3964 regna
4164 3897 4440 3959 occupa·

2490 3973 2709 4032 verat:
2775 3967 2846 4031 in
2901 3965 3047 4032 aliis
3106 3966 3368 4034 diversa
3408 3967 3534 4033 fuit
3590 3967 3789 4045 ratio,
3848 3987 3979 4032 non
4023 3963 4440 4032 cunctatione

2491 4051 2595 4119 vel
2655 4051 2872 4119 taedio
2938 4051 3043 4118 vel
3155 4052 3405 4137 igritia:
3474 4052 3588 4119 sed
3652 4052 3805 4136 quia
3876 4051 4060 4118 varie
4126 4049 4439 4134 populum

2491 4158 2685 4203 suum
2744 4139 3040 4205 exercuit
3151 4160 3298 4217 eus,
3354 4147 3429 4204 ut
3480 4138 3826 4223 multiplex
3875 4136 4092 4223 gratia
4144 4135 4439 4202 luculen-

2488 4224 2626 4288 tius
2669 4223 2981 4309 fulgeret,
3031 4244 3198 4307 quae
3239 4225 3622 4308 plerumque
3666 4221 3843 4310 apud
3887 4244 4007 4289 nos
4050 4221 4307 4289 vilescit
4321 4270 4337 4298 ,
4383 4220 4442 4286 si

2490 4330 2625 4375 uno
2675 4320 2741 4375 et
2797 4308 3024 4376 eodem
3088 4309 3280 4375 modo
3335 4330 3408 4376 se
3450 4319 3726 4377 exserat.
3818 4310 3914 4375 Er
4041 4309 4232 4375 sicuti
4286 4316 4439 4372 ante

2490 4394 2574 4461 ad
2618 4394 3251 4462 commendationem
3301 4396 3631 4479 potentiae
3666 4394 3796 4462 Dei
3840 4418 3880 4463 v
3949 4396 4050 4461 uit
4090 4392 4438 4461 incredibi-

2490 4481 2572 4546 lis
2631 4481 2913 4549 facilitas
2931 4532 2947 4560 ,
2993 4481 3150 4548 dum
3215 4489 3547 4547 momento
3603 4481 3936 4568 profligati
3988 4489 4146 4548 sunt
4199 4479 4437 4558 hostes,

2488 4568 2586 4633 ita
2626 4566 2808 4633 lenta
2849 4567 3084 4635 militia
3139 4567 3437 4652 pluribus
3496 4567 3898 4635 documentis
3942 4568 4073 4634 Dei
4119 4564 4440 4631 auxilium

2489 4653 2816 4736 patefecit.
2905 4653 3134 4737 Neque
3175 4652 3247 4719 id
3300 4664 3570 4736 repente
3625 4652 3862 4721 accidit
3908 4662 3977 4719 et
4031 4652 4441 4734 inexspecta-

2490 4750 2631 4805 tum
2651 4790 2667 4818 ‚
2732 4738 2885 4823 quia
2940 4739 3126 4805 Deus
3180 4740 3277 4805 ita
3339 4740 3479 4806 fore
3536 4760 3657 4824 per
3703 4740 3938 4806 Mosen
4049 4737 4439 4815 raedixerat,

2489 4847 2577 4891 ne
2638 4826 2696 4892 si
2769 4834 2945 4892 terra
3020 4825 3091 4891 in
3146 4825 3562 4892 solitudinem
3637 4825 3860 4893 statim

2487 4910 2934 4995 irrumperent
2987 4912 3162 4978 ferae
3214 4911 3464 4981 bestiae
3516 4910 3742 4999 (Deut.
3791 4911 3829 4976 7
3849 4961 3865 4989 ,
3914 4907 4045 4996 22).
4135 4907 4441 4990 Denique

2486 4997 2597 5065 hic
2640 4999 2824 5083 quasi
2867 4997 2941 5063 in
2982 4998 3246 5082 speculo
3302 4999 3732 5083 perspicimus
3749 5047 3764 5075 ,
3828 4994 4145 5080 quidquid
4193 4993 4439 5078 promi·

2488 5091 2668 5151 serat
2732 5085 2915 5150 Deus
2991 5105 3108 5167 per
3165 5085 3396 5152 Mosen
3416 5132 3432 5163 ,
3496 5105 3570 5148 re
3629 5083 3773 5167 ipsa
3844 5090 3914 5146 et
3976 5102 4106 5147 non
4163 5084 4438 5147 obscuro

2487 5179 2733 5237 eventu
2790 5169 2994 5236 fuisse
3048 5171 3394 5238 sancitum.
3485 5170 3739 5234 Verum
3791 5185 3940 5233 cum
3986 5167 4114 5233 fide
4155 5166 4437 5252 promis-

2485 5258 2746 5323 sionum
2824 5254 2952 5321 Dei
3018 5256 3218 5322 simul
3297 5252 3807 5323 considerandus
3871 5261 3972 5319 est
4032 5263 4213 5320 ratus
4277 5272 4438 5338 erga

2486 5343 2765 5410 electum
2832 5342 3144 5427 populum
3208 5343 3426 5421 favor,
3504 5339 3676 5424 quod
3736 5346 4048 5424 tanquam
4118 5336 4436 5425 providus

4042 4833 4189 4889 acta
4252 4831 4442 4902 esset,
4551 4896 4558 4903 ‚
