5017 6142
551 416 683 483 247

553 605 695 673 voti
782 601 1133 670 damnatus
1222 610 1410 668 esset.
1500 600 1659 667 Fuit
1751 608 1969 666 autem
2045 598 2238 665 laude
2315 597 2516 683 digna

556 689 1067 776 magnanimitas
1084 740 1099 768 ,
1165 685 1505 754 habitandi
1571 685 2094 753 commoditatem
2162 684 2514 769 negligere,

557 776 758 843 urbes
815 773 1124 851 dolende,
1180 793 1345 856 quas
1398 773 1543 838 iure
1603 772 1754 838 belli
1824 772 2285 856 acquisierant.
2383 769 2515 836 Ne-

558 862 766 930 scitur
812 868 1032 926 tamen
1074 880 1157 925 an
1192 859 1415 925 statim
1453 866 1600 942 post
1644 859 1866 924 hostes
1910 858 2292 942 profligatos
2337 853 2517 921 diru-

561 954 670 1014 tae
740 947 987 1013 fuerint
1065 945 1275 1011 urbes.
1366 944 1510 1009 Imo
1592 945 1811 1028 potius
1891 943 2161 1010 coniicio
2231 940 2517 1024 aliquam

559 1033 768 1100 fuisse
830 1031 1142 1115 temporis
1192 1029 1603 1096 distantiam:
1675 1031 1827 1113 quia
1889 1049 2022 1094 non
2074 1028 2296 1094 statim
2355 1028 2520 1093 fines

562 1127 780 1185 terrae
821 1117 1182 1201 promissae
1219 1115 1560 1200 ingressus
1604 1124 1705 1181 est
1747 1115 2060 1198 populus:
2104 1111 2271 1197 quod
2318 1114 2520 1178 etiam

563 1205 807 1273 clarius
846 1212 1032 1287 patet
1077 1223 1159 1267 ex
1204 1202 1418 1285 capite
1461 1201 1565 1267 33.
1621 1201 1730 1266 ubi
1773 1214 1924 1283 post
1977 1199 2299 1283 praelium
2345 1219 2520 1265 com-

565 1291 839 1357 missum
904 1297 1338 1353 numerantur
1413 1287 1729 1354 stationes
1796 1307 1962 1369 quae
2029 1293 2186 1350 sunt
2256 1285 2326 1349 in
2392 1284 2521 1350 alio

567 1383 802 1442 tractu.
889 1372 1236 1440 Probabile
1291 1392 1446 1456 ergo
1505 1381 1603 1438 est
1663 1381 2027 1456 pugnatum
2076 1370 2280 1437 fuisse
2327 1378 2521 1436 extra

565 1463 734 1528 fines
777 1459 1366 1527 Chananaeorum:
1412 1457 1647 1531 deinde
1682 1478 1885 1542 quum
1931 1457 2128 1542 paulo
2171 1464 2319 1539 post
2360 1456 2521 1523 illuc

564 1547 854 1616 venisset
880 1544 1177 1629 populus,
1219 1553 1459 1609 terram
1484 1542 1726 1609 'ultima
1751 1540 1933 1608 clade
1961 1541 2166 1608 fuisse
2197 1542 2518 1608 affectam.

737 1632 935 1698 Num.
981 1630 1085 1711 33,
1131 1630 1236 1696 40.
1274 1629 1544 1696 Audivit
1571 1634 1776 1696 autem
1813 1626 2250 1697 Ghananaeus.
2289 1626 2518 1709 Quan-

566 1739 762 1802 quam
800 1717 1062 1782 nullum
1093 1714 1411 1799 praelium
1450 1721 1913 1781 commemorat
1948 1713 2188 1790 Moses,
2233 1713 2522 1780 breviter

565 1814 788 1869 tamen
825 1804 1208 1868 memoriam
1254 1810 1529 1867 renovat
1564 1801 1913 1884 superioris
1949 1798 2286 1865 historiae:
2333 1798 2521 1883 quasi

564 1890 844 1968 diceret,
908 1889 979 1952 in
1047 1887 1161 1952 illa
1223 1886 1487 1952 demum
1544 1884 1938 1970 profectione
1988 1884 2253 1951 obvium
2319 1885 2520 1950 fuisse

568 1975 825 2041 hostem
869 1973 1205 2051 Israelitis,
1249 1972 1403 2055 quia
1440 1984 1598 2037 tunc
1639 1991 1933 2056 pugnare
1977 1979 2330 2054 coeperunt
2368 1990 2518 2038 cum

567 2080 704 2127 una
732 2070 927 2145 gente
954 2058 1294 2125 Chanaan.
1342 2057 1643 2142 Denique
1671 2078 1905 2123 sensus
1932 2064 2051 2136 est,
2083 2056 2208 2124 hoc
2232 2055 2516 2124 bellandi

566 2147 770 2213 fuisse
807 2143 1216 2229 principium,
1254 2164 1455 2226 quum
1490 2141 1868 2227 occupanda
1901 2148 2072 2209 esset
2108 2150 2285 2210 terra
2321 2163 2519 2227 quam

567 2229 754 2298 Deus
796 2232 868 2296 in
914 2228 1387 2295 haereditatem
1432 2230 1842 2313 promiserat.

1034 2571 1159 2638 EX
1210 2569 1561 2640 NUMER.
1607 2569 1806 2637 CAP.
1851 2568 2048 2636 XXI.

741 2744 803 2810 4.
870 2743 958 2810 Et
1011 2742 1281 2825 profecti
1355 2746 1501 2808 sunt
1563 2742 1641 2808 de
1705 2740 1848 2806 Hor
1911 2745 2110 2808 monte
2158 2761 2283 2824 per
2343 2741 2517 2807 viam

571 2830 777 2895 man‘s
821 2828 1018 2912 Suph,
1063 2832 1133 2893 ut
1174 2828 1513 2895 circuirent
1553 2831 1787 2892 terram
1830 2825 2065 2893 Edem:
2104 2832 2163 2893 et
2203 2828 2518 2912 anqustiis

570 2915 791 2999 affecta
849 2920 939 2980 est
982 2914 1201 2980 anima
1230 2912 1456 2996 populi
1497 2913 1567 2978 in
1608 2913 1734 2978 via.
1824 2911 1884 2979 5.
1951 2911 2176 2995 Itaque
2229 2912 2518 2995 loquutus

570 3006 663 3068 est
1009 3002 1223 3065 contra
1262 2998 1468 3064 Deum
1503 3002 1562 3063 et
1601 2996 1841 3079 Mosen,
1883 3002 1953 3063 ut
1994 2998 2150 3080 quid
2190 2998 2522 3065 ascendere

570 3106 687 3153 nos
714 3086 955 3169 fecistis
987 3105 1065 3151 ex
1087 3084 1385 3168 AeyyptO,
1425 3088 1497 3148 ut
1526 3103 1907 3149 moreremur
1938 3084 2010 3149 in
2038 3084 2328 3150 deserto?
2373 3084 2521 3149 Non

571 3177 662 3239 est
687 3173 855 3238 enim
876 3170 1078 3253 panis
1106 3189 1301 3252 neque
1333 3190 1518 3251 aqua.
1579 3168 1666 3235 Et
1698 3170 1894 3237 taedet
1925 3169 2208 3236 animam
2239 3174 2520 3236 nostram

572 3277 765 3339 super
794 3277 964 3340 pane
1003 3256 1124 3322 levi
1151 3260 1220 3335 ¹).
1308 3256 1368 3321 6.
1436 3253 1626 3321 Misit
1682 3256 1880 3340 iqitur
1937 3254 2169 3322 Iehova
2209 3255 2281 3320 in
2313 3275 2519 3339 popu·

573 3343 704 3409 lum
745 3346 1059 3424 serpentes
1100 3345 1365 3422 mcntcS,
1407 3341 1520 3422 qui
1558 3342 2016 3408 momorderunt
2044 3339 2386 3424 populum,-
2426 3342 2522 3406 ita

570 3433 642 3494 ut
704 3433 1043 3494 moreretur
1096 3427 1374 3510 populus
1434 3427 1670 3493 multus
1733 3446 1811 3491 ex
1868 3426 2122 3493 Israete.
2213 3426 2270 3491 7.
2341 3427 2523 3493 Tunc

571 3515 740 3581 venit
788 3512 1067 3597 populus
1121 3513 1207 3577 ad
1270 3510 1520 3591 Mosen,
1586 3517 1643 3577 et
1703 3512 2031 3578 dixerunt.-
2098 3511 2521 3590 Peccavimus,

572 3601 731 3682 quia
786 3598 1022 3681 lowuti
1062 3617 1283 3663 sumus
1325 3603 1534 3663 contra
1578 3597 1870 3664 Iehovam
1911 3603 1967 3663 et
2007 3602 2222 3665 contra
2262 3603 2348 3663 te.-
2407 3619 2523 3665 ora

573 3684 872 3751 Iehovam
924 3688 994 3749 ut
1034 3682 1287 3765 auferat
1328 3704 1371 3749 a
1412 3682 1590 3747 nobis
1640 3688 1948 3763 serpentes
1989 3683 2162 3750 istos.
2249 3682 2338 3749 Et
2379 3704 2520 3751 ora·

572 3770 663 3835 vit
704 3769 916 3835 Moses
945 3787 1071 3850 pro
1101 3769 1353 3851 populo.
1419 3769 1479 3833 8.
1533 3764 1623 3833 Et
1662 3768 1830 3834 dixit
1872 3767 2103 3835 Iehova
2144 3770 2230 3836 ad
2274 3767 2523 3836 Mosen:

574 3853 713 3920 Fac
745 3854 859 3919 tibi
895 3858 1190 3932 urentem,
1229 3859 1288 3920 ct
1317 3873 1484 3935 pone
1517 3873 1659 3918 eum
1695 3873 1886 3934 super
1918 3853 2250 3920 vexillum.-
2297 3860 2354 3921 et
2386 3856 2522 3935 erit,

572 3941 922 4022 quicunque
964 3958 1213 4005 morsus
1248 3939 1467 4023 fuerit,
1495 3944 1550 4006 et
1580 3939 1892 4021 aspexerit
1922 3938 2122 4019 illum,
2165 3944 2307 4007 tunc
2348 3941 2523 4006 vivet.

571 4025 633 4090 9.
703 4024 879 4092 Fecit
931 4044 1072 4109 erqo
1116 4023 1327 4091 Moses
1366 4030 1703 4109 serpentem
1743 4044 2004 4091 aeneum
2019 4075 2035 4104 ,
2092 4045 2275 4107 quem
2304 4026 2527 4108 posuit

572 4129 772 4192 supra
826 4110 1126 4176 vexillum
1139 4134 1159 4175 .·
1210 4116 1267 4176 et
1296 4109 1456 4192 fuit,
1508 4110 1755 4193 quando
1811 4108 2229 4177 momorderat
2268 4130 2527 4194 serpens

568 4214 961 4279 quemquam,
1005 4195 1346 4278 aspiciebat
1373 4196 1460 4263 ad
1490 4200 1827 4278 serpentem
1862 4215 2137 4277 acum,
2181 4201 2236 4262 ct
2267 4197 2522 4264 vivebat.

744 4364 805 4430 4.
874 4364 963 4430 Et
992 4366 1258 4449 profecti
1290 4372 1438 4432 sunt
1476 4367 1552 4432 de
1594 4366 1735 4434 Hor
1773 4371 1994 4433 monte.
2081 4367 2229 4434 Hoc
2271 4388 2524 4456 quoque

573 4448 646 4515 in
690 4470 916 4516 eorum
953 4450 1211 4517 laudem
1257 4461 1591 4534 narratur,
1637 4452 1816 4538 longi
1861 4467 1925 4518 et
1967 4454 2242 4520 flexuosi
2289 4454 2521 4520 circui-

570 4547 681 4603 tus
725 4537 1089 4602 molestiam
1126 4538 1498 4621 pertulisse:
1564 4546 1752 4603 ‘uum
1800 4548 2021 4605 tamen
2064 4541 2195 4605 iam
2240 4538 2521 4624 quadra-

570 4622 781 4706 ginta.
824 4643 1145 4689 annorum
1203 4645 1424 4689 errore
1482 4621 1561 4687 de
1592 4624 1718 4689 essi
1782 4633 2019 4691 essent.
2107 4624 2291 4691 Dicit
2361 4646 2521 4711 ergo

572 4707 812 4784 Moses,
850 4708 1157 4791 quoniam
1191 4718 1492 4789 vetuerat
1515 4708 1701 4775 Deus
1736 4711 2056 4795 attingere
2086 4713 2249 4778 fines
2282 4710 2520 4791 Edem,

570 4793 703 4859 alia
747 4794 857 4859 via
914 4794 1114 4861 fuisse
1162 4794 1506 4878 profectost.
1594 4794 1732 4861 Sed
1778 4797 2085 4863 continuo
2130 4806 2281 4881 post
2316 4795 2520 4876 addit,

564 4878 859 4963 turpiter
904 4901 1013 4945 eos
1074 4879 1414 4958 defecisse,
1479 4900 1678 4964 quum
1737 4880 1921 4947 nulla
1983 4902 2092 4948 eos
2150 4882 2521 4949 stimularet

566 4983 747 5029 nova
801 4966 987 5032 ratio.
1069 4966 1287 5032 Antea
1330 4974 1613 5050 urgente
1668 4966 1841 5032 fame
1888 4967 1990 5033 vel
2035 4968 2179 5050 siti,
2238 4970 2341 5035 vel
2393 4969 2522 5035 alio

566 5049 860 5133 quolibet
900 5051 1338 5130 incommodo,
1396 5051 1777 5117 tumultuati
1836 5060 2059 5118 erant:
2127 5077 2300 5122 nunc
2367 5076 2523 5121 vero

574 5135 685 5200 ubi
709 5136 890 5201 nulla
919 5139 1202 5206 occurrit
1229 5136 1587 5204 rebellandi
1616 5138 1912 5217 materia,
1937 5159 2007 5205 se
2027 5140 2206 5223 ipsos
2231 5141 2523 5226 maligne

711 5320 770 5392 1)
806 5323 880 5379 1η
914 5327 1192 5395 maraine.-
1226 5327 1329 5389 vel,
1366 5327 1476 5380 vili.

1971 409 2384 481 REDITUS
2431 411 2561 478 AD
2604 408 3151 478 HISTORIAM.

4436 406 4564 473 248

2618 603 3008 682 exasperant
3051 601 3281 663 contra
3323 596 3558 663 Deum.
3616 594 3902 678 Quidam
3945 595 4325 681 intelligunt
4369 595 4571 662 afflic-

2619 692 2719 749 tos
2778 684 2994 749 animo
3049 681 3249 748 fuisse
3306 690 3573 766 propter
3622 683 3832 750 viam:
3890 689 3968 747 ut
4009 695 4051 749 :2
4088 701 4351 749 causam
4395 702 4572 749 moe-

2619 768 2786 835 roris
2831 780 2898 833 et
2931 767 3273 853 angustiae
3308 766 3626 852 designet.
3716 766 3899 833 Fieri
3935 766 4201 851 quidem
4237 774 4451 851 potest
4493 775 4572 833 ut

2622 853 2904 922 difficilis
2959 865 3025 919 et
3068 853 3436 919 salebrosus
3480 874 3596 937 per
3650 864 3907 919 montes
3963 854 4280 920 transitus
4339 853 4567 920 suerit:

2621 939 2736 1006 sed
2805 959 3007 1024 prope
3064 939 3134 1003 in
3202 949 3547 1022 conspectu
3606 951 3747 1005 erat
3805 958 4078 1005 amoena
4127 938 4345 1025 regio,
4407 960 4572 1024 quae

2620 1027 2797 1110 ipsos
2850 1023 3086 1091 blande
3153 1025 3465 1092 alliceret.
3564 1024 3823 1091 Deinde
3885 1044 4228 1109 perperam
4287 1046 4571 1109 querun-

2623 1123 2733 1177 tur
2775 1109 2854 1177 de
2913 1131 3118 1195 aquae
3174 1111 3481 1194 penuria,
3531 1112 3635 1178 cui
3672 1110 3855 1177 Deus
3911 1110 4162 1195 pridem
4209 1109 4572 1178 remedium

2624 1196 3025 1263 adhibuerat.
3111 1196 3295 1262 Nihil
3346 1218 3501 1281 ergo
3557 1197 3844 1280 iniquius
3897 1217 4091 1285 quam
4137 1195 4355 1263 odiose
4391 1217 4572 1263 revo-

2624 1303 2772 1350 care
2815 1284 2884 1347 in
2927 1284 3307 1349 memoriam
3352 1283 3778 1367 praeteritum
3818 1283 4091 1366 malum,
4150 1284 4217 1349 in
4264 1304 4389 1367 quo
4434 1284 4571 1349 sin-

2717 1368 2853 1434 lare
2889 1368 3016 1435 Dei
3062 1369 3381 1435 auxilium
3426 1369 3681 1452 experti
3726 1369 4011 1435 fuerant.
4104 1367 4235 1436 Sed
4281 1369 4572 1454 apertius

2670 1454 2953 1538 etegitur
3009 1475 3233 1521 eorum
3290 1454 3587 1538 pravitas
3606 1505 3621 1533 ,
3691 1453 3846 1519 dum
3905 1474 4153 1521 manna
4206 1453 4569 1533 fastidiunt,

2624 1540 2809 1624 quasi
2868 1539 3080 1607 cibum
3142 1541 3410 1605 minime
3452 1538 3642 1606 solidi
3685 1540 4013 1623 alimenti,
4071 1540 4176 1607 vel
4239 1550 4572 1624 contemp-

2623 1626 2895 1694 tibilem.
2941 1626 3167 1692 Primo
3210 1626 3477 1710 ponitur
3514 1626 3785 1693 verbum
3830 1638 3955 1716 ‘¹317
3972 1676 3988 1708 ,
4031 1625 4200 1710 quod
4244 1627 4569 1694 constrin-

2625 1732 2780 1797 gere
2824 1712 3169 1797 significat.
3259 1711 3494 1795 Itaque
3537 1723 3881 1796 exponunt
3958 1712 4180 1779 uidam
4199 1764 4213 1791 ,
4274 1733 4568 1778 moerore

2622 1799 2694 1863 in
2740 1799 3140 1864 anxietatem
3188 1796 3393 1863 fuisse
3437 1796 3751 1865 redactos.
3832 1798 3921 1867 Se
4014 1799 4168 1882 quia
4211 1797 4383 1865 idem
4420 1820 4569 1864 ver-

2624 1883 2781 1950 bum
2838 1905 2956 1968 pro
3013 1884 3395 1950 abbreviare
3451 1883 3769 1962 sumitur,
3828 1886 3939 1951 alii
3994 1893 4262 1950 vertunt
4313 1885 4571 1952 animos

2623 1969 2824 2037 fuisse
2868 1968 3084 2036 taedio
3122 1969 3395 2048 fractos,
3447 1976 3522 2034 ut
3555 1970 3625 2034 in
3660 1992 3855 2037 cursu
3900 1971 4269 2037 deficerent.
4359 1969 4569 2053 Quid-

2626 2053 2780 2140 quid
2815 2056 2921 2136 sit,
2958 2064 3224 2121 notatur
3251 2054 3615 2121 voluntaria
3650 2056 4098 2136 amarulentia,
4136 2077 4268 2206 (qua
4304 2057 4572 2123 fuerunt

2623 2141 2991 2221 constricti,
3048 2150 3122 2206 ut
3161 2161 3430 2225 prorsus
3479 2140 3850 2209 concideret
3892 2163 4131 2226 pergen
4181 2144 4197 2207 i
4241 2142 4567 2210 alacritas.

2623 2226 2917 2294 Verbum
2956 2240 3110 2319 mep,
3147 2247 3266 2311 pro
3309 2247 3436 2310 quo
3479 2226 3933 2313 Hieronymus
3976 2226 4217 2294 redidit
4258 2228 4569 2309 Nauseat,

2622 2334 2757 2378 non
2802 2312 3189 2397 simpliciter
3232 2333 3352 2396 pro
3394 2311 3656 2379 fastidio
3701 2314 3998 2398 ponitur,
4042 2313 4155 2381 sed
4201 2314 4571 2381 molestiam

2622 2397 2950 2483 significat
2990 2418 3155 2482 quae
3197 2399 3492 2464 animum
3530 2399 3867 2467 excruciat
3901 2399 4007 2467 vel
4051 2401 4252 2485 angit.
4319 2400 4571 2466 Manna

2619 2505 2779 2550 vero
2821 2484 3036 2551 cibum
3082 2484 3413 2568 appellant
3453 2483 3701 2550 levem:
3759 2489 3944 2569 quasi
4001 2484 4294 2552 dicerent
4332 2487 4570 2553 inflare

2617 2570 2838 2655 potius
2901 2590 3099 2653 quam
3156 2570 3397 2636 satiare
3454 2577 3569 2636 aut
3634 2570 3839 2638 alere:
3907 2578 4052 2648 aut,
4121 2571 4292 2657 quod
4354 2573 4571 2658 magis

2619 2655 2839 2739 probe,
2882 2655 3323 2738 metaphorice
3371 2657 3626 2740 capitur
3664 2677 3903 2723 nomen
3945 2641 4107 2749 5275?
4148 2679 4267 2742 pro
4304 2658 4420 2726 vili
4465 2658 4570 2725 vel

2622 2740 2889 2823 abiecto,
2933 2762 3007 2808 ac
3043 2740 3286 2808 nullius
3330 2742 3541 2825 pretii.

2794 2827 2855 2894 5.
2917 2829 3141 2910 Itaque
3182 2827 3470 2910 loquutus
3512 2832 3602 2893 est
3631 2829 3912 2910 populus
3944 2834 4173 2896 contra.
4238 2828 4368 2895 Vel
4414 2830 4569 2913 quia

2621 2912 2694 2978 in
2752 2933 3031 2996 persona
3075 2913 3280 2979 Mosis
3323 2934 3470 2980 cum
3516 2913 3659 2980 Deo
3713 2914 3956 2999 iurgati
4012 2926 4198 2982 sunt:
4259 2915 4368 2981 vel
4415 2916 4569 2999 quia

2621 3019 2904 3082 eousque
2937 2998 3178 3064 furoris
3201 2999 3420 3082 erupit
3456 3019 3681 3065 eorum
3704 3000 4006 3084 impietas
4032 3010 4106 3067 ut
4137 3000 4281 3066 Deo
4311 3022 4568 3085 quoque

2623 3090 2849 3168 aperte
2884 3082 3373 3151 maledicerent:
3430 3083 3602 3169 quod
3657 3084 4012 3152 secundum
4069 3086 4290 3153 verbis
4333 3088 4567 3154 melius

2622 3171 2947 3248 convenit,
2993 3171 3146 3253 quia
3188 3169 3428 3254 plurali
3471 3190 3749 3236 numero
3795 3170 3959 3238 duos
4001 3173 4196 3239 simul
4242 3179 4568 3240 accusant.

2624 3255 2974 3323 Caeterum
3010 3255 3163 3339 quia
3204 3255 3370 3321 nihil
3406 3278 3446 3321 a
3483 3256 3626 3322 Deo
3660 3265 4031 3340 separatum
4069 3258 4299 3325 habuit
4333 3259 4571 3340 Moses,

2624 3363 2816 3408 nemo
2859 3349 3190 3408 certamen
3234 3349 3463 3408 contra
3509 3342 3726 3427 ipsum
3773 3345 4101 3427 suscipere
4154 3345 4371 3429 potuit
4411 3346 4569 3430 quin

2624 3427 2898 3494 bellaret
2955 3447 3105 3494 cum
3161 3428 3301 3512 ipso
3345 3427 3506 3494 Deo.
3595 3427 3725 3495 Hic
3784 3436 4006 3495 tamen
4058 3429 4160 3516 (ut
4213 3429 4377 3517 dixi)
4434 3431 4573 3497 lon-

2625 3514 2771 3598 gius
2817 3522 3117 3599 grassata
3174 3523 3276 3579 est
3327 3533 3555 3579 eorum
3612 3514 4006 3597 petulantia:
4065 3525 4140 3581 ut
4195 3537 4327 3582 non
4378 3515 4570 3583 modo

2625 3607 2854 3666 contra
2917 3599 3294 3666 ministrum
3362 3599 3792 3680 blaterarent,
3875 3600 3990 3667 sed
4055 3618 4435 3669 evomerent
4498 3603 4568 3668 in

2624 3685 2841 3769 ipsum
2886 3683 3106 3750 Deum
3150 3684 3422 3769 impiam
3481 3685 3984 3769 blasphemiam:
4046 3708 4122 3756 ac
4165 3688 4222 3754 si
4265 3709 4373 3755 eos
4417 3688 4571 3755 libc-

2624 3770 2832 3836 rando
2877 3770 3259 3854 gravissime
3299 3771 3614 3837 laesisset.

2798 3858 2859 3923 6.
2925 3854 3115 3923 Misit
3171 3856 3415 3923 Iehova.
3506 3857 3654 3923 Hac
3707 3878 3919 3941 poena
3974 3867 4150 3925 recte
4206 3868 4274 3926 et
4319 3859 4571 3925 utiliter

2625 3942 2947 4027 castigata
2987 3942 3115 4008 fuit
3157 3963 3381 4009 eorum
3425 3942 3847 4028 ingratitudo,
3885 3945 4040 4028 quia
4085 3945 4326 4031 reipsa
4360 3944 4572 4013 edocti

2625 4027 2897 4094 fuerunt
2941 4029 3201 4094 nonnisi
3250 4037 3521 4112 paterna
3575 4027 3704 4094 Dei
3761 4050 3919 4097 cura
3982 4030 4313 4097 immunes
4378 4040 4573 4099 antea

2626 4114 2826 4180 fuisse
2863 4114 2944 4181 ab
2978 4114 3345 4181 innumeris
3386 4113 3594 4195 noxis,
3630 4122 3696 4181 et
3730 4114 3813 4181 ad
3857 4116 3999 4182 eius
4041 4126 4276 4183 nutum
4315 4127 4572 4202 praesto

2626 4220 2767 4265 esse
2820 4199 3215 4284 multiplices
3277 4219 3633 4284 poenarum
3697 4203 3975 4285 species,
4034 4203 4270 4286 quibus
4332 4205 4572 4288 impios

2627 4284 3071 4352 ulcisceretur.
3173 4287 3320 4351 Etsi
3385 4294 3605 4352 autem
3664 4287 3889 4353 multis
3944 4288 4285 4356 virulentis
4342 4289 4571 4356 bestiis

2625 4371 2867 4437 referta
2925 4379 3084 4437 sunt
3133 4370 3417 4450 deserta,
3486 4372 3816 4456 probabile
3871 4383 4088 4441 tamen
4149 4387 4249 4441 est
4301 4386 4571 4460 repente

2626 4464 2889 4522 exortos
2946 4457 3142 4523 fuisse
3200 4465 3538 4541 serpentes
3594 4457 3771 4539 illos,
3829 4469 3897 4525 et
3953 4470 4204 4528 creatos
4260 4460 4330 4527 in
4375 4481 4568 4545 pecu-

2628 4541 2858 4608 liarem
2917 4562 3143 4609 usum:
3199 4563 3274 4608 ac
3328 4544 3386 4610 si
3442 4544 3626 4610 Deus
3679 4545 3903 4628 populi
3946 4548 4314 4631 superbiam
4376 4548 4570 4613 corri-

2627 4649 2780 4713 gere
2819 4629 3076 4708 volens,
3122 4649 3330 4695 novos
3374 4629 3596 4697 hostes
3640 4634 3959 4697 excitaret
4003 4632 4084 4699 ad
4130 4632 4569 4700 exhibendam

2624 4713 3011 4781 molestiam.
3073 4713 3438 4782 Senserunt
3473 4716 3647 4781 enim
3684 4727 3970 4799 quantae
4004 4718 4328 4786 stultitiae
4359 4720 4568 4785 fuerat

2623 4811 2853 4865 contra
2898 4801 3112 4866 Deum
3146 4801 3515 4886 insurgere,
3617 4823 3774 4868 uum
3833 4803 4117 4887 impares
4172 4813 4394 4872 essent
4436 4827 4569 4872 ser·

2624 4885 2948 4969 pentibus.
3037 4886 3222 4952 Haec
3278 4889 3482 4970 igitur
3535 4824 3617 4953 ad
3675 4910 3783 4955 eos
3839 4888 4278 4958 humiliandos
4322 4892 4570 4976 optima

2625 4971 2751 5037 fuit
2793 4972 2990 5052 ratio,
3050 4975 3476 5057 contemptim
3524 4984 3858 5058 serpentes
3901 4996 4227 5060 opponere
4282 4976 4362 5042 ad
4415 4999 4568 5044 con-

2624 5058 2910 5135 flictum,
2993 5059 3104 5142 qui
3179 5080 3288 5125 eos
3379 5081 3536 5126 suae
3612 5061 4011 5127 infirmitatis
4091 5063 4568 5129 convincerent.

2623 5141 2856 5227 Itaque
2892 5156 2958 5209 et
2999 5144 3257 5229 culpam
3294 5145 3587 5212 fatentur
3622 5155 3686 5212 et
3730 5157 4095 5231 agnoscunt
4136 5149 4390 5215 nullum
4427 5170 4570 5215 esse

2624 5228 2801 5294 aliud
2861 5229 3218 5296 remedium
3276 5232 3406 5297 nisi
3461 5240 3532 5297 ut
3580 5234 3838 5298 veniam
3898 5254 3938 5298 a
3994 5233 4136 5299 Deo
4193 5235 4566 5318 impetrent.

2626 5315 2776 5381 Duo
2835 5315 2997 5383 haec
3052 5314 3155 5403 (ut
3208 5315 3473 5403 scimus)
3517 5316 3599 5382 ad
3643 5319 3858 5385 Deum
3918 5318 4306 5403 placandum
4348 5341 4565 5387 neces-
