5017 6142
643 397 771 463 375

644 589 721 635 ac
778 566 1125 648 Quamvis,
1185 567 1293 634 vel
1352 566 1628 634 etiamsi.
1730 565 1928 634 Certe
1985 566 2326 634 eonsilium
2378 565 2583 632 Mosis

644 661 745 720 est
783 654 1070 738 rigorem
1117 652 1245 719 Dei
1290 674 1446 739 erga
1497 674 1580 737 po
1626 653 1812 718 ulum
1868 653 2143 720 electum
2202 650 2582 736 mitigando,

645 741 789 822 pios
830 740 945 823 qui
990 739 1378 824 profecerint
1419 740 1538 805 sub
1651 738 1711 804 ei
1755 739 1963 804 ferula
2009 739 2298 804 animare
2342 736 2426 802 ad
2468 736 2581 802 bo-

646 845 802 889 nam
865 845 1044 909 spem
1064 876 1080 904 ,
1153 826 1307 909 quia
1371 825 1553 891 Deus
1616 824 1688 888 in
1751 824 1855 889 ira
1915 822 2361 890 recordabitur
2424 842 2582 888 suae

645 909 1147 978 misericordiae.
1234 910 1439 993 Atqui
1491 909 1587 974 ita
1651 930 1825 975 nunc
1880 908 2051 974 idem
2115 908 2302 974 docet
2358 908 2582 973 Moses

646 994 817 1079 quod
869 997 1124 1079 plenius
1167 995 1482 1079 explicuit
1525 993 1708 1061 Deus
1752 1003 1973 1078 postea
2015 993 2293 1061 Davidi:
2353 992 2429 1059 Si
2463 992 2582 1058 filii

646 1082 741 1146 tui
777 1081 986 1165 legem
1030 1102 1244 1147 meam
1288 1079 1714 1159 deseruerint,
1756 1080 2033 1147 visitabo
2067 1080 2260 1164 virga
2293 1078 2584 1145 hominis

647 1167 883 1233 delicta
924 1186 1179 1232 eorum:
1243 1166 1588 1231 clementia
1630 1186 1785 1231 vero
1843 1186 2055 1231 meam
2095 1185 2226 1231 non
2287 1163 2581 1231 auferam

648 1250 729 1316 ab
770 1251 960 1335 ipsis,
1003 1261 1122 1318 etc.
1159 1250 1360 1339 (Psal.
1407 1250 1521 1330 89,
1566 1250 1668 1316 31.
1734 1252 1795 1317 2.
1844 1250 2018 1318 Sam.
2065 1251 2135 1330 7,
2183 1248 2309 1337 14).
2396 1249 2583 1316 Nihil

648 1345 868 1401 autem
926 1338 1140 1421 aptius
1185 1337 1266 1402 ad
1310 1358 1429 1404 nos
1481 1336 1553 1401 in
1607 1335 1801 1402 rebus
1859 1335 2152 1402 adversis
2200 1335 2580 1414 fulciendos,

647 1443 843 1506 quam
885 1422 998 1487 ubi
1040 1423 1362 1506 promittit
1408 1422 1590 1487 Deus
1632 1422 1895 1486 modum
1940 1421 2221 1505 aliquem
2266 1421 2441 1499 fore,
2496 1442 2582 1485 ne

646 1509 905 1589 penitus
950 1507 1164 1574 deleat
1205 1528 1363 1590 quos
1407 1507 1623 1591 elegit.
1710 1507 1889 1590 Ergo
1932 1507 2183 1590 quoties
2226 1506 2309 1573 ad
2354 1506 2581 1590 despe-

646 1593 967 1658 rationem
991 1613 1109 1659 nos
1144 1593 1499 1658 sollicitant
1542 1611 1705 1675 quae
1740 1594 2026 1676 patimur
2058 1593 2249 1670 mala,
2293 1594 2361 1656 in
2398 1613 2598 1658 men-·

648 1689 780 1743 tem
839 1680 1064 1743 veniat
1118 1678 1279 1745 haec
1333 1678 1663 1757 doctrina,
1722 1678 2116 1761 temporales
2158 1697 2300 1744 esse
2338 1698 2583 1762 poenas

648 1764 884 1847 quibus
940 1763 1109 1829 filios
1173 1784 1325 1829 suos
1389 1762 1577 1828 Deus
1642 1764 1950 1847 castigat,
2025 1764 2179 1846 quia
2242 1783 2580 1847 nunquam

647 1848 833 1914 fallet
887 1849 1263 1933 promissio,
1322 1850 1489 1914 iram
1535 1849 1675 1915 eius
1718 1849 1801 1914 ad
1850 1858 2253 1919 momentum
2314 1847 2576 1914 durare:

649 1935 1032 2000 continuum
1095 1955 1250 1999 vero
1313 1935 1450 1998 fore
1514 1932 1993 1999 misericordiae
2051 1955 2314 2001 cursum
2381 1932 2582 2019 (Psal.

651 2020 767 2094 30,
813 2020 873 2085 6.
930 2019 1059 2086 Isa.
1106 2019 1221 2096 54,
1265 2018 1352 2105 8).
1437 2020 1617 2085 Hinc
1661 2028 1875 2085 autem
1921 2020 2035 2085 illa
2080 2020 2377 2087 doctrina
2416 2039 2585 2103 quae

651 2104 733 2169 ad
799 2106 1134 2171 ecclesiam
1200 2106 1612 2189 peculiariter
1678 2105 2012 2189 dirigitur:
2088 2104 2169 2170 In
2253 2114 2585 2170 momento

652 2190 859 2254 afflixi
901 2199 984 2270 te,
1027 2191 1474 2257 miserationes
1518 2197 1738 2256 autem
1783 2200 2085 2256 aeternas
2127 2210 2284 2275 erga
2327 2199 2393 2256 te
2436 2211 2589 2274 pro-

653 2296 905 2358 sequar.
996 2275 1240 2342 Servos
1296 2284 1516 2341 autem
1560 2276 1669 2341 hic
1723 2278 2047 2358 nominat,
2105 2296 2236 2341 non
2281 2276 2396 2360 qui
2449 2276 2588 2341 suis

653 2362 980 2444 obsequiis
1025 2363 1284 2427 veniam
1328 2363 1665 2445 promeriti
1700 2363 1973 2442 fuerint,
2031 2362 2145 2427 sed
2199 2382 2360 2446 quos
2406 2362 2588 2427 Deus

652 2467 770 2529 pro
833 2447 971 2511 suis
1047 2467 1400 2530 agnoscere
1481 2446 1805 2530 dignatur.
1906 2446 2161 2513 Pendet
2238 2447 2417 2513 enim
2478 2447 2588 2512 hic

654 2533 862 2596 honor
891 2552 931 2595 a
959 2533 1247 2616 gratuita
1288 2533 1632 2599 electione:
1678 2532 1870 2599 sicuti
1901 2554 2099 2617 quum
2143 2532 2301 2600 dicit
2334 2531 2586 2598 David:

650 2617 795 2700 Ego
838 2639 1066 2684 servus
1109 2626 1287 2695 tuus,
1333 2627 1401 2684 et
1446 2618 1621 2684 filius
1656 2618 1930 2684 ancillae
1975 2626 2143 2698 tuae,
2187 2618 2357 2683 nihil
2413 2626 2589 2683 certe

651 2703 773 2768 sibi
817 2703 1153 2787 proprium
1196 2711 1489 2789 arrogat:
1547 2702 1660 2769 sed
1720 2711 1973 2768 tantum
2033 2703 2351 2788 gloriatur
2392 2725 2462 2769 se
2506 2705 2588 2770 ab

652 2797 841 2853 utero
884 2808 1025 2854 esse
1061 2809 1148 2853 ex
1183 2787 1308 2853 Dei
1356 2789 1618 2867 familia,
1664 2790 1848 2854 sicuti
1894 2810 2137 2854 vernae
2182 2788 2355 2874 apud
2396 2790 2591 2855 heros

652 2894 803 2939 suos
846 2886 1222 2939 nascuntur.
1290 2874 1553 2938 Interea
1587 2874 1943 2939 notandum
1986 2883 2103 2953 est,
2149 2876 2398 2958 quoties
2442 2896 2589 2959 pro-

653 2960 922 3024 nunciat
979 2958 1164 3024 Deus
1228 2980 1297 3025 se
1358 2959 1495 3025 fore
1559 2961 1766 3024 servis
1829 2961 1965 3025 suis
2030 2961 2415 3044 propitium,
2480 2979 2592 3026 eos

653 3053 908 3108 tantum
975 3044 1323 3126 respicere,
1392 3044 1504 3128 qui
1565 3045 2158 3112 reconciliationem
2224 3068 2307 3111 ex
2372 3045 2591 3112 animo

651 3136 1005 3211 quaerunt:
1049 3150 1181 3194 non
1226 3138 1444 3195 autem
1487 3130 1813 3213 reprobos,
1860 3133 1968 3212 qui
2009 3131 2263 3215 perdita
2303 3131 2591 3197 obstina-

653 3214 829 3278 tione
897 3213 975 3278 ad
1043 3215 1385 3280 interitum
1464 3217 1780 3282 feruntur.
1869 3215 2169 3300 Denique
2234 3226 2309 3281 ut
2373 3217 2591 3283 Deum

654 3299 887 3382 rigoris
942 3302 1047 3365 sui
1088 3302 1444 3384 poeniteat,
1500 3301 1852 3384 requiritur
1903 3312 2133 3367 mutua
2186 3302 2592 3385 poenitentia

652 3384 723 3447 in
767 3386 1238 3466 peccatoribus:
1299 3387 1466 3452 sicut
1508 3387 1659 3452 alibi
1704 3387 1920 3453 docet:
1981 3387 2461 3454 Convertimini
2505 3388 2589 3453 ad

541 3473 547 3480 “
653 3490 774 3547 me,
822 3478 889 3535 et
933 3491 1053 3554 ego
1096 3482 1438 3537 convertar
1477 3472 1557 3537 ad
1603 3493 1718 3538 vos
1760 3472 1983 3559 (Zach.
2032 3474 2091 3552 1,
2169 3472 2257 3561 3).
2302 3472 2590 3555 Quidam

651 3574 769 3637 pro
827 3555 1223 3634 Poenitebit,
1288 3566 1585 3623 vertunt:
1652 3557 2109 3625 Consolabitur
2174 3580 2263 3626 se.
2349 3559 2590 3625 Hiero·

653 3660 892 3726 nymus
950 3661 1090 3706 rem
1142 3643 1359 3726 potius
1408 3663 1602 3725 quam
1657 3645 1841 3710 verbi
1895 3645 2442 3728 significationem
2484 3666 2588 3710 se·

653 3733 930 3808 quutus,
986 3728 1351 3793 transtulit:
1412 3728 1850 3795 Miserebitur.
1939 3731 2190 3796 Verum
2239 3731 2588 3797 observan-

654 3812 807 3876 dum
844 3820 945 3876 est
980 3812 1156 3896 quod
1185 3813 1368 3879 Deus
1402 3815 1705 3898 praefigit
1741 3816 1987 3899 gratiae
2023 3824 2315 3899 tempus:
2353 3836 2590 3900 nempe

652 3899 764 3962 ubi
813 3900 1027 3963 omnis
1071 3899 1282 3965 virtus
1326 3899 1712 3981 diffluxerit,
1756 3909 1825 3967 et
1866 3922 2094 3968 omnes
2137 3903 2324 3985 quasi
2366 3902 2448 3968 ad
2487 3902 2589 3969 in-

651 3984 1085 4049 ternecionem
1142 3984 1387 4050 fuerint
1441 3984 1704 4051 redacti.
1791 3987 2033 4052 Manus
2091 3988 2262 4052 enim
2319 3987 2427 4052 hic
2470 4007 2590 4070 pro

653 4070 879 4151 vigore
931 4070 1226 4151 ponitur:
1274 4091 1349 4137 ac
1392 4070 1450 4135 si
1492 4071 1737 4138 dictum
1782 4081 1970 4153 esset,
2015 4073 2228 4138 Deum
2274 4072 2405 4139 levi
2452 4092 2592 4139 cas-

654 4154 965 4238 tigatione
1008 4155 1277 4220 minime
1332 4157 1470 4221 fore
1526 4166 1937 4223 contentum:
1996 4158 2213 4241 itaque
2264 4160 2593 4242 placatum

655 4260 786 4304 non
842 4239 925 4304 iri
979 4240 1184 4307 donec
1249 4252 1519 4307 ventum
1575 4242 1776 4308 fuerit
1828 4243 1910 4308 ad
1969 4251 2282 4309 extrema.
2372 4246 2591 4327 Atque

654 4326 817 4391 haec
837 4326 1326 4392 circumstantia
1362 4335 1593 4393 notatu
1623 4329 1822 4412 digna
1857 4337 1974 4407 est,
2006 4350 2092 4394 ne
2116 4330 2311 4395 etiam
2345 4330 2417 4395 in
2440 4349 2592 4414 gra-

652 4411 942 4477 vissimis
983 4412 1289 4477 ecclesiae
1324 4413 1783 4480 afflictionibus
1817 4435 1965 4499 spes
1998 4424 2222 4481 nostra
2263 4415 2592 4481 concidat:

654 4496 767 4563 sed
812 4498 1107 4580 persuasi
1145 4498 1369 4576 simus,
1410 4499 1523 4563 ubi
1558 4500 1777 4564 omnia
1819 4521 2078 4582 pessum
2121 4502 2333 4581 ierint,
2378 4500 2592 4568 adhue

654 4592 1089 4665 opportunum
1150 4583 1432 4648 remedio
1490 4592 1747 4667 tempus
1799 4587 1955 4651 fore.
2043 4586 2391 4652 Neminem
2431 4588 2592 4653 resi·

655 4667 859 4733 duum
891 4687 1176 4747 manere,
1217 4668 1326 4733 vel
1361 4670 1670 4745 clausum,
1715 4669 1821 4736 vel
1865 4672 2265 4752 derelictum,
2301 4673 2593 4757 loquutio

655 4763 757 4818 est
799 4751 937 4818 fere
980 4754 1406 4835 proverbialis
1447 4755 1516 4818 in
1554 4755 1781 4839 lingua
1815 4756 2115 4824 hebraica
2152 4759 2341 4825 sicuti
2387 4779 2592 4841 quum

656 4838 924 4904 dicitur:
972 4838 1315 4906 Succidam
1361 4861 1397 4905 e
1431 4839 1771 4906 Ieroboam
1813 4843 2212 4928 mingentem
2258 4845 2339 4910 ad
2382 4846 2593 4928 parie-

656 4931 808 5003 tem,
845 4932 979 4989 tam
1016 4924 1308 4993 clausum
1344 4946 1538 5010 quam
1575 4924 1950 4993 derelictum
1995 4926 2082 5014 (1.
2108 4930 2272 5015 Reg.
2314 4929 2412 5009 14,
2452 4929 2591 5016 10):

656 5009 780 5076 hoc
823 5022 925 5077 est
966 5020 1103 5076 tam
1146 5011 1217 5075 in
1260 5012 1419 5078 urbe
1478 5031 1673 5094 quam
1720 5014 1788 5076 in
1831 5033 2017 5099 agro,
2079 5016 2181 5082 vel
2240 5025 2372 5082 tam
2419 5016 2593 5081 domi

658 5115 854 5178 quam
914 5117 1220 5181 peregre,
1263 5098 1433 5180 quod
1478 5096 1651 5162 idem
1698 5104 1921 5181 postea
1963 5102 2282 5184 repetitur
2325 5100 2406 5167 de
2446 5123 2594 5186 pos·

658 5183 819 5247 teris
881 5182 1109 5249 Achab
1153 5181 1239 5270 (1.
1286 5183 1450 5269 Reg.
1495 5183 1609 5262 21,
1667 5181 1795 5270 21).
1896 5184 2089 5252 Unde
2148 5197 2421 5272 apparet
2484 5209 2594 5255 eos

658 5266 797 5331 falli
861 5269 972 5352 qui
1034 5288 1189 5352 opes
1254 5270 1321 5335 in
1389 5270 1716 5336 thesauris
1779 5270 2032 5337 clausas
2097 5281 2463 5357 exponunt,
2530 5284 2595 5341 et

2054 393 2460 463 REDI'I'US
2508 393 2637 463 AD
2680 392 3222 462 HISTORIAM.

4479 388 4561 454 37
4566 389 4608 455 6

2685 585 2883 649 pecus
2945 565 3018 630 in
3080 566 3255 714 agris
3333 564 3717 715 diszersum.
3807 562 3996 663 Quod
4070 562 4268 662 etiam
4337 580 4418 626 ex
4481 561 4609 626 alio

2685 652 2823 717 loco
2857 651 3096 717 clarius
3163 651 3364 734 iquet,
3408 672 3452 716 u
3498 652 3518 715 i
3550 648 3728 715 haud
3768 649 3962 715 dubie
3996 656 4285 733 respexit
4322 646 4404 712 ad
4438 646 4611 713 hunc

2684 737 2896 804 locum
2950 736 3302 820 propheta:
3356 735 3544 802 Vidit
3585 735 3834 801 Iehova
3891 733 4308 801 afflictionem
4349 731 4613 798 Israelis

2686 822 3033 907 aggravari
3091 820 3312 901 valde,
3371 830 3444 887 ut
3487 840 3619 887 non
3660 833 3832 887 esset
3873 820 4135 885 clausus
4179 838 4388 903 neque
4431 817 4612 884 dere-

2686 908 2880 974 lictus
2945 906 3030 994 (2.
3095 908 3261 992 Reg.
3332 908 3445 986 14,
3511 907 3595 972 26
3626 956 3641 972 .
3736 906 3829 974 Et
3889 905 4040 990 quia
4103 926 4234 971 non
4298 910 4616 970 statuerat

2688 993 2903 1059 delere
2968 994 3308 1078 populum,
3373 993 3520 1059 ideo
3611 991 3889 1059 iberavit
3951 1011 4103 1057 eum
4167 1010 4283 1074 per
4347 1008 4615 1054 manum

2685 1078 3056 1144 Ieroboam:
3132 1081 3316 1163 quasi
3383 1078 3625 1144 diceret
3640 1127 3654 1154 ,
3730 1075 3949 1142 Deum
4027 1078 4214 1143 sicuti
4290 1075 4616 1159 pollicitus

2685 1163 2920 1249 fuerat,
2963 1166 3032 1230 in
3069 1164 3305 1230 ultima
3345 1165 3652 1231 vastitate
3685 1162 4027 1228 misertum
4061 1182 4206 1228 esse
4238 1161 4460 1245 populi
4497 1160 4617 1226 sui.

3135 1504 3263 1571 EX
3310 1503 3571 1571 DEU'P.
3617 1502 3818 1571 OAP.
3865 1502 4168 1569 XXXII.

2857 1674 2960 1740 37.
3029 1675 3119 1741 Et
3159 1676 3349 1741 dicet.-
3421 1674 3543 1743 Ubi
3582 1681 3731 1742 sunt
3768 1675 3870 1741 dii
3908 1694 4152 1750 eorum,
4195 1674 4350 1739 deus
4388 1673 4460 1738 in
4503 1690 4622 1754 quo

2688 1761 3071 1840 sperabant?
3159 1760 3261 1826 38.
3348 1761 3470 1842 Qui
3546 1762 3793 1844 adipem
3866 1759 4314 1841 sacrificiorum
4374 1757 4624 1825 illorum

2689 1847 3085 1924 comedebant,
3131 1853 3186 1912 et
3228 1845 3510 1913 bibebant
3549 1849 3764 1913 vinum
3806 1846 4128 1911 bibaminis
4167 1845 4444 1910 illorum.-
4489 1863 4625 1908 sur-

2684 1936 2836 2013 9ant
2898 1936 2955 1996 et
3016 1932 3387 2014 opitulentur
3449 1933 3640 2009 vobis,
3708 1932 3794 1997 sit
3869 1951 4062 2013 super
4121 1951 4229 1997 vos
4292 1930 4625 1996 absconsio,

2689 2015 2792 2082 39.
2875 2016 3083 2083 Videte
3123 2037 3288 2083 nunc
3327 2019 3489 2100 quod
3529 2038 3663 2102 eqo,
3715 2037 3820 2101 eqo
3861 2037 4034 2091 sum,
4088 2021 4145 2082 et
4183 2036 4306 2081 non
4345 2021 4495 2081 sant
4532 2015 4627 2081 dii

2688 2122 2948 2168 mecum.-
2983 2123 3087 2188 eqo
3129 2105 3295 2169 mori
3332 2104 3586 2186 faciam,
3627 2108 3687 2169 et
3717 2105 3919 2168 vivere
3954 2103 4224 2180 faciam:
4257 2102 4625 2184 permetiam,

2690 2192 2746 2252 et
2800 2208 2903 2272 eqo
2960 2189 3211 2269 sanabo,
3262 2194 3317 2255 et
3357 2209 3529 2254 nevno
3578 2194 3668 2255 est
3718 2190 3828 2271 qui
3866 2189 3941 2255 de
3991 2208 4187 2254 manu
4232 2208 4373 2253 mea
4424 2192 4626 2252 eruat.

2691 2273 2793 2338 40.
2866 2271 3038 2355 Certe
3077 2273 3283 2340 levabo
3325 2275 3410 2340 ad
3449 2274 3680 2341 coelum
3720 2294 3976 2339 manum
4017 2293 4250 2354 meam,
4294 2278 4351 2339 et
4390 2274 4628 2340 dicam.-

2706 2359 2858 2425 Vivo
2921 2380 3028 2445 eqo
3082 2361 3152 2425 in
3215 2360 3543 2428 saeculum.
3631 2361 3735 2426 41.
3806 2360 3882 2426 Si
3924 2380 4143 2425 acuero
4194 2360 4389 2424 aciem
4426 2358 4629 2442 yladii

2689 2446 2831 2527 mei,
2871 2450 2946 2596 {to
2971 2446 3319 2595 {aeff‘e'if‘
3359 2446 3666 2597 iugicigqn
3707 2465 4124 2596 ἵαηαεῶπῖἑα,
4157 2445 4420 2544 reddam
4452 2443 4632 2509 ultio-

2690 2549 2830 2593 nem
2946 2551 2980 2596 s
3110 2550 3372 2609 smees,
3526 2532 3936 2597 owabent
4113 2530 4625 2597 meretmbuam.

2693 2616 2795 2681 42.
2863 2615 3196 2681 Inebriabo
3273 2617 3538 2702 sayittas
3601 2636 3775 2683 meas
3841 2618 4172 2702 sanquine,
4257 2622 4314 2682 et
4372 2615 4628 2699 yladius

2692 2720 2865 2766 meus
2904 2702 3217 2767 devorabit
3254 2722 3507 2769 earnem
3520 2752 3536 2782 ‚
3580 2703 3917 2788 sanquine,
3959 2704 4249 2785 inquam,
4293 2703 4629 2769 occisorum

2695 2791 2750 2853 et
2780 2788 3166 2868 captivorum
3200 2810 3243 2855 a
3274 2789 3473 2870 capite
3505 2789 3576 2852 in
3603 2788 3939 2855 ultionibus
3970 2789 4232 2853 inimici.
4297 2787 4399 2853 43.
4462 2787 4631 2852 Lau-

2694 2873 2836 2938 date
2873 2877 3081 2956 yentes
3121 2872 3431 2956 populum
3487 2874 3623 2940 eius
3637 2925 3653 2953 ‚
3711 2876 3865 2956 quia
3905 2875 4271 2958 sanquinem
4312 2891 4631 2940 servorum

2694 2977 2950 3023 suorum
2982 2959 3336 3037 vindicabit,
3372 2964 3429 3023 et
3459 2960 3797 3026 vindictam
3836 2961 4046 3027 reddet
4076 2959 4350 3026 hostibus
4380 2959 4541 3038 suis,
4578 2962 4631 3022 et

2683 3045 3008 3125 prwitius
3047 3045 3168 3109 erit
3204 3049 3406 3110 terrae
3445 3065 3617 3125 suae,
3648 3046 3887 3129 populo
3928 3066 4057 3112 suo.

2865 3214 2967 3280 37.
3035 3213 3124 3280 Et
3162 3215 3346 3281 dicet:
3406 3213 3528 3283 Ubi
3568 3223 3731 3283 sunt.
3820 3216 4242 3283 Dissentiunt
4282 3215 4390 3280 hic
4431 3216 4632 3280 inter·

2695 3309 2942 3384 protes,
3001 3301 3153 3383 quia
3205 3301 3321 3365 alii
3375 3322 3739 3368 sermonem
3798 3304 4217 3380 continuant,
4278 3323 4352 3368 ac
4397 3302 4456 3366 si
4501 3302 4630 3366 iac·

2696 3387 2974 3466 tantiae,
3029 3394 3096 3451 et
3148 3385 3606 3453 insultationes
3647 3388 3934 3453 hostium
3982 3389 4256 3453 referret
4298 3387 4523 3453 Moses
4565 3387 4630 3450 in

2694 3471 2933 3539 afflicto
2977 3472 3284 3538 ecclesiae
3328 3480 3535 3538 statu:
3604 3473 3711 3538 alii
3757 3494 3910 3540 vero
3955 3474 4130 3557 piam
4173 3471 4630 3558 gloriationem

2695 3578 2837 3624 esse
2880 3558 3146 3638 volunt,
3208 3576 3337 3641 qua
3388 3558 3613 3626 fideles
3655 3560 4076 3628 celebrabunt
4117 3559 4425 3625 ecclesiae
4472 3558 4632 3623 libe·

2693 3644 3032 3709 rationem.
3116 3642 3190 3709 Si
3245 3664 3612 3710 sermonem
3657 3647 4008 3728 accipimus
4051 3646 4122 3710 in
4164 3663 4443 3727 persona
4487 3642 4630 3708 hos-

2694 3729 2890 3807 tium,
2958 3730 3320 3821 ,improprie
3374 3749 3616 3796 nomen
3686 3730 3958 3797 deorum
4015 3731 4304 3814 positum
4373 3730 4500 3794 erit
4562 3729 4632 3792 in

2693 3815 2935 3900 plurali
2969 3834 3273 3880 numero:
3316 3814 3547 3881 deinde
3581 3837 3665 3883 ex
3686 3837 3905 3883 errore
3940 3824 4007 3882 et
4038 3817 4296 3883 inscitia
4330 3814 4636 3899 procedet

2693 3899 2867 3984 quod
2904 3899 3185 3977 additur,
3221 3899 3553 3966 Israelitas
3588 3903 3940 3968 comedisse
3974 3901 4263 3985 adipem:
4299 3899 4470 3986 quod
4505 3899 4637 3965 illis

2696 4007 2778 4052 ne
2830 3986 2901 4052 in
2956 3986 3284 4053 communi
3339 3986 3601 4070 quidem
3660 3988 3840 4055 victu
3894 3988 3992 4054 fas
4056 3995 4229 4066 erat,
4297 4008 4372 4053 ac
4427 3985 4638 4052 multo

2695 4073 2913 4137 minus
2956 4072 3026 4137 in
3070 4071 3435 4150 sacrificiis,
3492 4073 3561 4138 in
3607 4074 3844 4157 quibus
3888 4073 4086 4157 adeps
4133 4072 4632 4140 comburebatur

2694 4156 2864 4223 Mihi
2897 4178 3051 4223 vero
3073 4157 3306 4242 magis
3344 4159 3658 4241 probatur
3700 4158 3963 4226 diversa
3996 4160 4342 4244 expositio:
4396 4176 4633 4239 nempe

2693 4244 2835 4309 vice
2875 4263 3223 4322 conversa,
3268 4243 3538 4309 liberam
3584 4246 3736 4311 filiis
3779 4246 3904 4310 Dei
3948 4247 4201 4330 copiam
4244 4244 4384 4309 fore
4426 4242 4633 4309 insul-

2695 4328 2880 4395 tandi
2921 4329 3309 4409 incredulis,
3357 4331 3469 4396 ubi
3504 4328 3690 4397 Deus
3730 4330 3975 4398 vindex
4010 4330 4385 4415 apparuerit
4426 4329 4634 4394 inius-

2696 4425 2799 4480 tae
2878 4416 3206 4481 saevitiae.
3311 4416 3604 4481 Verbum
3671 4417 3865 4483 Dicet
3940 4417 4277 4483 indefinite
4352 4415 4634 4480 sumitur

2695 4521 2813 4584 pro
2846 4499 3123 4567 Dicetur
3157 4522 3197 4565 a
3229 4501 3625 4584 quibuslibet
3657 4503 3808 4570 filiis
3843 4503 3985 4568 Dei.
4070 4498 4632 4584 Quemadmodum

2696 4588 2913 4670 itaque
2954 4586 3306 4667 increduli,
3352 4587 3507 4652 dum
3553 4588 3755 4673 affligi
3797 4587 4024 4655 vident
4066 4597 4361 4665 sanctos,
4405 4605 4632 4651 eorum

2695 4672 2889 4738 fidem
2924 4673 3296 4756 petulanter
3329 4675 3751 4753 subsannant,
3797 4675 3891 4740 ita
3922 4675 4213 4741 vicissim
4248 4674 4486 4750 Moses,
4521 4670 4632 4736 ubi

2696 4760 2880 4824 Deus
2923 4758 3228 4825 ecclesiae
3272 4780 3429 4825 suae
3476 4761 3869 4843 opitulatur,
3923 4768 4184 4827 sanctos
4226 4759 4476 4826 inducit
4516 4778 4636 4840 per

2693 4843 3053 4910 ludibrium
3110 4853 3446 4930 rogantes,
3504 4847 3618 4913 ubi
3674 4847 3811 4912 sint
3867 4846 3958 4912 dii
4017 4847 4344 4931 gentium,
4405 4852 4470 4908 et
4519 4843 4631 4908 ubi

2697 4931 2784 4997 sit
2826 4931 3138 5013 cuiusque
3180 4938 3529 5016 patronus:
3585 4933 3893 5017 quoniam
3938 4932 4216 5019 singulis
4258 4930 4359 5016 (ut
4400 4938 4629 4995 notum

2697 5014 2821 5101 est)
2878 5025 3068 5081 erant
3123 5017 3213 5083 dii
3257 5019 3592 5084 tutelares.
3676 5018 3824 5083 Hac
3879 5019 4135 5085 ratione
4183 5017 4632 5102 perstringunt

2696 5101 3065 5167 adulterina
3119 5112 3187 5169 et
3243 5104 3505 5188 impura
3560 5105 3909 5184 sacrificia,
3965 5105 4036 5170 in
4091 5104 4328 5189 quibus
4377 5101 4628 5185 adipem

2696 5187 3150 5265 comedebant,
3196 5199 3264 5255 et
3305 5190 3613 5256 bibebant
3659 5190 3942 5258 libamen
3984 5191 4146 5257 vini.
4232 5190 4315 5256 In
4360 5207 4632 5266 summa,

2697 5273 3007 5360 intelligit
3063 5275 3318 5358 Moses,
3385 5279 3497 5345 ubi
3554 5278 3738 5343 Deus
3792 5277 3928 5344 suis
3980 5279 4331 5358 succurrit,
4396 5296 4467 5343 os
4501 5273 4637 5340 illis
