5017 6142
480 467 566 537 25
1475 464 2053 533 SANCTIONES
2104 467 2165 531 A
2203 463 2999 532 PROMISSIONIBUS
3043 466 3161 531 ΕΤ
3205 462 3492 532 MINIS.
4398 463 4484 528 26

489 656 647 724 alibi
683 655 841 723 dicit
863 656 1083 721 Moses
1121 653 1346 741 (Dent.
1393 654 1498 732 32,
1549 653 1685 741 15):
1737 652 1939 720 Satur
1958 652 2168 719 Israel
2205 662 2439 719 contra

490 747 708 812 Deum
751 742 1150 819 calcitravit,
1207 762 1342 807 non
1385 761 1571 807 secus
1616 763 1692 806 ac
1736 741 1889 823 equi
1945 740 2149 804 nimia
2206 740 2439 822 sagina

486 830 827 897 ferociunt.
895 825 1287 911 Superbiam
1335 847 1491 912 ergo
1534 825 1937 892 fortitudinis
1974 845 2202 890 eorum
2248 834 2440 891 vocat

490 915 987 991 contumaciam,
1024 916 1092 978 in
1130 933 1259 996 qua
1293 914 1504 997 magis
1542 934 1617 979 ac
1650 912 1866 996 magis
1900 911 2438 991 obdurescebant,

492 1003 876 1087 quantisper
937 998 1073 1064 illis
1138 997 1446 1082 parcebat
1504 997 1692 1063 Deus
1707 1018 1731 1061 :-
1790 998 2194 1082 prosperitas
2261 998 2438 1061 enim

492 1088 908 1154 securitatem
954 1087 1161 1170 parit,
1207 1105 1335 1168 qua
1379 1084 1598 1150 stolidi
1644 1084 1943 1149 homines
1987 1083 2113 1147 Dei
2159 1081 2437 1167 flagellis

491 1172 691 1240 robur
726 1193 917 1237 suum
953 1180 1312 1254 opponunt.

663 1259 767 1324 21.
830 1256 908 1323 Si
964 1262 1171 1322 autem
1226 1254 1715 1321 ambulaveritis,
1811 1255 2055 1320 Vocem
2097 1266 2203 1347 ’ἻΡ
2255 1255 2437 1321 varie

494 1351 836 1429 exponunt
869 1345 1283 1426 interpretes.
1351 1340 1726 1413 Chaldaeus
1762 1342 1961 1407 sumit
2004 1361 2124 1424 pro
2167 1339 2438 1420 duriter,

495 1452 570 1497 ac
633 1431 689 1496 si
752 1430 1156 1513 propositum
1223 1428 1355 1492 illis
1434 1436 1609 1492 esset
1685 1428 2040 1511 confligere
2118 1426 2436 1492 adversus

493 1516 732 1581 Deum.
780 1515 1233 1599 Hieronymus
1266 1511 1584 1579 reddidit:
1628 1511 1733 1579 Ex
1772 1510 2048 1579 adverso
2085 1512 2279 1576 mihi:
2322 1511 2436 1576 sed

496 1623 696 1686 quum
758 1622 997 1667 nomen
1053 1601 1174 1665 hoc
1230 1619 1456 1666 casum
1514 1600 1854 1663 fortuitum
1900 1599 2008 1664 vel
2051 1598 2436 1680 contingen-

497 1689 658 1753 tiam
701 1688 1056 1772 significet,
1115 1687 1301 1752 visus
1359 1695 1459 1751 est
1501 1682 1608 1752 hic
1664 1706 1895 1750 sensus
1953 1685 2146 1770 longe
2204 1684 2438 1748 melius

496 1794 876 1858 congruere.
965 1771 1327 1837 Ambulare
1371 1791 1526 1854 ergo
1579 1770 1848 1836 fortuito
1892 1791 2042 1836 cum
2086 1770 2246 1848 Deo,
2294 1777 2436 1833 tan-

496 1861 769 1925 tundem
815 1857 993 1924 valet
1038 1880 1114 1925 ac
1157 1856 1398 1923 clausis
1441 1857 1643 1922 oculis
1685 1857 2044 1939 praeterire
2088 1856 2227 1920 eius
2271 1854 2439 1920 iudi-

495 1947 626 2012 cia:
671 1946 804 2010 imo
848 1965 919 2010 se
961 1942 1469 2027 obstupefacere,
1517 1964 1600 2007 ne
1645 1942 2077 2007 humilientur
2119 1942 2239 2008 sub
2284 1940 2442 2005 forti

498 2034 640 2098 eius
695 2052 897 2096 manu
959 2031 1065 2113 qui
1121 2030 1421 2095 miserias
1480 2049 1633 2094 suas
1677 2029 1979 2093 fortunae
2024 2025 2438 2093 adscribunt:

496 2139 652 2183 nam
674 2116 830 2183 hinc
863 2113 1282 2181 indomabilis
1320 2113 1702 2197 pervicacia,
1743 2115 1897 2179 dum
1923 2124 2167 2179 temere
2189 2113 2441 2179 contin·

497 2224 653 2288 gere
675 2203 868 2286 fingit
894 2208 1193 2285 peccator
1229 2221 1693 2284 quaecunquae
1715 2201 1982 2283 patitur.
2030 2198 2187 2263 Ideo
2210 2219 2442 2265 severa

497 2289 954 2373 obiurgatione
988 2287 1325 2354 invehitur
1347 2287 1664 2353 Ieremias
1685 2284 1955 2371 (Thren.
1981 2285 2042 2365 3,
2065 2283 2177 2371 38)
2214 2294 2442 2350 contra

499 2374 809 2450 Iudaeos,
920 2374 1049 2439 uod
1095 2381 1407 2456 putarent
1448 2371 1620 2438 bona
1662 2383 1730 2437 et
1774 2372 1946 2436 mala
1989 2392 2118 2436 non
2180 2371 2443 2454 prodire

496 2481 583 2526 ex
620 2460 747 2525 Dei
793 2480 869 2525 or
914 2460 1203 2524 inatione
1240 2466 1306 2522 et
1342 2458 1617 2524 decreto.
1687 2458 1856 2523 Nam
1892 2457 2048 2523 inde
2082 2457 2443 2539 concipitur

496 2546 786 2613 belluina
829 2545 1073 2624 rabies,
1132 2554 1207 2609 ut
1262 2544 1485 2610 miseri
1539 2543 1840 2608 homines
1886 2554 2019 2608 toto
2059 2544 2312 2626 impetu
2358 2542 2441 2608 ad

499 2654 570 2698 se
613 2631 979 2718 perdendos
1021 2631 1295 2696 irruant.
1384 2627 1652 2714 Optime
1704 2631 1921 2713 itaque
1979 2630 2316 2707 convenit,
2384 2629 2441 2694 si

498 2739 636 2783 non
658 2718 1010 2784 observent
1044 2717 1342 2783 homines
1365 2714 1494 2782 Dei
1527 2714 1788 2792 iudicia,
1824 2716 1957 2780 imo
1993 2725 2440 2798 perrumpant,

497 2813 579 2869 ut
620 2805 1030 2869 truculentae
1065 2803 1329 2882 bestiae,
1374 2800 1717 2866 fortuitum
1748 2822 2003 2885 quoque
2040 2802 2178 2866 eius
2215 2821 2441 2866 occur-

499 2910 650 2956 sum
687 2890 842 2971 fore,
887 2889 995 2956 ubi
1040 2909 1080 2954 a
1123 2887 1356 2953 dextra
1399 2897 1466 2951 et
1508 2888 1793 2967 sinistra,
1839 2907 2098 2952 sursum
2144 2894 2211 2951 et
2255 2885 2442 2951 deor-

498 2997 682 3055 sum,
725 2974 996 3041 confuso
1040 2973 1230 3039 modo
1274 2973 1552 3039 saeviet:
1615 2974 1782 3057 quod
1841 2973 2073 3058 gallice
2132 2971 2439 3038 dicimus:

500 3061 683 3129 Alter
738 3083 781 3127 a
834 3065 963 3127 tors
1020 3064 1077 3126 et
1124 3081 1167 3125 a
1219 3064 1476 3125 {ft-avers.
1579 3058 1727 3125 Hoc
1783 3080 1939 3143 ergo
1998 3057 2263 3124 tandem
2319 3078 2442 3124 sua

502 3147 766 3232 stupida
822 3145 1257 3214 obstinatione
1312 3146 1734 3228 consequitur
1776 3152 2107 3229 peccator,
2152 3155 2228 3210 ut
2271 3144 2440 3218 mul-

499 3234 834 3317 tiplicibus
870 3233 1095 3316 poenis
1132 3232 1484 3311 attonitus,
1540 3231 1800 3297 nullum
1835 3230 2155 3297 malorum
2189 3231 2442 3297 exitum

501 3317 743 3386 videat.
830 3319 1095 3384 Interea
1151 3317 1420 3384 dubium
1481 3338 1615 3382 non
1659 3325 1758 3383 est
1801 3318 1960 3401 quin
2004 3317 2283 3383 ferream
2329 3336 2441 3398 po-

501 3406 639 3490 puli
691 3406 1189 3472 obstinationem
1254 3404 1652 3489 perstringat
1714 3402 1965 3469 Moses:
2035 3402 2226 3469 sicuti
2294 3422 2443 3486 pro-

502 3492 774 3558 nunciat
818 3490 1036 3556 David
1081 3488 1216 3577 (ΡΒ.
1267 3490 1368 3570 18,
1411 3488 1542 3577 26),
1595 3509 1744 3556 oum
1802 3491 2164 3556 mansuetis
2225 3488 2442 3555 Deum

499 3578 642 3644 fore
686 3585 1134 3657 mansuetum,
1178 3598 1327 3642 cum
1373 3575 1703 3659 perversis
1747 3588 1968 3641 autem
2006 3575 2192 3659 quasi
2238 3581 2444 3638 retor-

499 3671 640 3730 tum
686 3664 843 3728 fore.
909 3663 1197 3728 Tantum
1231 3661 1481 3727 fontem
1527 3662 1979 3732 obstinationis
2022 3660 2444 3740 demonstrat,

502 3748 677 3835 quod
720 3770 841 3814 sua
884 3747 1180 3815 socordia
1225 3747 1305 3813 ad
1351 3748 1483 3812 Dei
1536 3757 1986 3831 contemptum
2041 3769 2111 3812 se
2167 3746 2443 3812 inebriet

500 3843 835 3921 peccator,
889 3834 1047 3900 dum
1090 3854 1357 3899 sensum
1404 3835 1541 3899 irae
1584 3834 1725 3899 eius
1767 3842 2083 3917 quantum
2130 3840 2359 3916 potest,
2407 3853 2447 3896 a

502 3944 573 3989 se
615 3921 872 3987 avertit.
939 3920 1286 3986 Discamus
1329 3921 1546 4003 itaque
1581 3941 1621 3985 a
1663 3920 1850 4004 vagis
1893 3917 2447 4002 speculationibus

504 4028 737 4073 sensus
814 4015 1072 4072 nostros
1151 4006 1458 4091 colligere
1534 4005 1617 4071 ad
1694 4004 2235 4072 considerandam
2317 4002 2447 4068 Dei

504 4114 772 4160 manum
817 4093 887 4157 in
932 4091 1237 4157 omnibus
1280 4112 1442 4174 quas
1484 4091 1732 4175 infligit
1773 4092 2030 4176 poenis:
2085 4092 2237 4174 quia
2292 4089 2447 4154 inde

503 4186 813 4246 nascetur
872 4179 1100 4260 culpae
1167 4179 1451 4262 agnitio,
1529 4198 1692 4262 quae
1770 4176 1853 4242 ad
1932 4176 2447 4260 resipiscentiam

504 4265 803 4331 adducat.
882 4263 1148 4347 Alioqui
1188 4265 1524 4348 continget
1566 4262 1737 4347 quod
1780 4262 2044 4329 videtur
2087 4263 2448 4346 sumpsisse

501 4351 710 4417 Isaias
756 4372 838 4416 ex
883 4351 1009 4417 hoc
1067 4349 1234 4428 loco,
1292 4358 1369 4415 ut
1425 4372 1495 4415 se
1552 4371 1890 4433 nunquam
1950 4357 2207 4416 avertat
2269 4350 2450 4414 furor

503 4438 661 4503 Dei:
699 4436 814 4503 sed
837 4457 1038 4520 quum
1075 4435 1452 4519 putabimus
1482 4456 1600 4499 nos
1638 4456 1778 4501 esse
1813 4435 2170 4515 defunctos,
2210 4455 2448 4500 manus

506 4522 723 4589 adhuc
763 4525 851 4588 sit
894 4530 1165 4597 extenta
1208 4520 1363 4609 (Isa.
1409 4520 1469 4602 9,
1516 4519 1643 4608 16).

675 4609 779 4675 25.
842 4609 1193 4674 Immittam
1245 4608 1318 4673 in
1369 4626 1491 4673 vos.
1594 4608 1882 4673 Dubium
1943 4628 2077 4672 non
2132 4618 2236 4673 est
2289 4608 2447 4690 quin

504 4695 775 4761 hostiles
820 4695 1115 4779 gentium
1160 4693 1453 4775 omnium
1498 4692 1748 4776 gladios
1791 4693 2149 4778 intelligat,
2213 4692 2449 4776 quibus

504 4782 746 4847 misere
789 4780 1010 4848 afflicti
1052 4779 1324 4845 fuerunt
1358 4779 1715 4845 Israelitae.
1783 4781 2033 4844 Verum
2077 4779 2449 4862 quicunque

508 4867 637 4932 illis
681 4866 939 4933 molesti
986 4878 1052 4932 et
1095 4866 1311 4932 infesti
1358 4866 1629 4945 fuerint,
1670 4865 1875 4930 iustos
1917 4865 2249 4931 vindictae
2293 4885 2449 4930 suae

509 4961 980 5036 exsequutores
1016 4955 1154 5018 fore
1191 4951 1402 5017 docet:
1451 4952 1642 5018 sicuti
1679 4952 1917 5033 passim
1956 4950 2129 5035 apud
2165 4951 2451 5034 prophe-

511 5050 615 5104 tas
660 5040 815 5125 (Isa.
866 5038 966 5119 10,
1011 5037 1053 5104 5
1097 5048 1161 5103 et
1208 5038 1308 5117 18,
1353 5039 1394 5101 2
1410 5061 1427 5118 ;
1471 5038 1529 5114 7,
1578 5038 1658 5102 17
1705 5047 1769 5101 et
1810 5037 1992 5123 alibi)
2049 5038 2338 5102 affirmat
2382 5058 2452 5101 se

510 5125 797 5191 hostium
856 5123 1078 5208 populi
1133 5146 1275 5191 esse
1329 5122 1590 5203 ducem,
1656 5142 1730 5187 ac
1786 5123 1910 5188 sibi
1968 5124 2254 5189 militare
2312 5134 2449 5187 tam

510 5212 823 5296 Assyrios
857 5222 1049 5294 quam
1078 5209 1463 5277 Chaldaeos.
1532 5209 1880 5295 Assyrium
1919 5230 2107 5275 suam
2151 5209 2453 5289 securim,

512 5307 578 5363 et
632 5297 786 5363 alibi
851 5297 1156 5363 baculum
1220 5296 1462 5362 furoris
1526 5296 1630 5361 sui
1695 5308 1918 5373 vocat,
1988 5318 2178 5379 quem
2244 5295 2454 5380 agitat

510 5404 714 5449 manu
750 5400 903 5449 sua:
940 5381 1493 5448 Nebuchadnezer
1517 5402 1689 5462 ver0‚
1724 5381 2221 5464 stipendiarium
2258 5401 2450 5447 suum

2541 653 2839 719 militem.
2949 654 3313 739 Aegyptios
3377 651 3538 719 dicit
3612 673 3681 717 se
3761 660 4179 720 evocaturum
4261 654 4482 724 sibilo:

2543 739 2907 805 Chaldaeos
2988 760 3057 805 se
3135 740 3575 805 excitaturum
3642 737 3948 823 clangore
4029 739 4237 805 tubae.
4347 739 4483 809 Sed

2540 827 2695 909 quia
2738 825 2901 891 haec
2944 826 3100 891 satis
3144 826 3300 889 trita
3342 833 3443 890 cst
3487 823 3799 904 doctrina,
3843 825 4143 909 pluribus
4188 827 4481 895 testimo·

2543 911 2669 977 niis
2724 933 2884 994 opus
2942 932 3076 975 non
3133 919 3250 976 est.
3341 907 3619 976 Summa
3675 920 3804 991 est,
3862 910 4031 976 bella
4088 914 4310 976 omnia
4347 914 4484 981 Dei

2539 996 2815 1080 imperio
2859 997 3152 1074 excitari,
3195 995 3436 1061 armari
3482 993 3562 1059 ad
3609 997 3748 1061 eius
3791 996 4176 1061 mandatum
4222 998 4485 1082 milites,

2539 1090 2605 1147 et
2651 1084 2848 1148 fortes
2892 1102 3034 1148 esse
3078 1082 3218 1148 eius
3264 1082 3527 1146 virtute.
3588 1080 3781 1147 Unde
3835 1084 4131 1166 sequitur
4153 1134 4167 1162 ,
4220 1097 4483 1168 praesto

2539 1190 2680 1236 esse
2704 1170 3085 1234 innumeras
3126 1169 3361 1251 copias,
3399 1188 3679 1251 quarum
3715 1187 3938 1249 manu,
3975 1171 4227 1253 quoties
4265 1172 4483 1238 visum

2539 1254 2768 1333 fuerit,
2819 1254 3177 1321 vindictam
3243 1274 3431 1319 suam
3490 1262 3904 1336 exsequatur.
4003 1255 4213 1321 Porro
4280 1279 4485 1341 quum

2540 1339 2814 1407 subinde
2852 1341 3077 1407 vexati
3110 1340 3357 1406 fuerint
3393 1338 3752 1419 Israelitae,
3795 1348 3863 1406 et
3897 1339 4245 1407 crudeliter
4282 1344 4485 1410 etiam

2541 1447 2622 1510 op
2669 1428 2831 1491 ressi
2877 1448 2918 1492 a
2959 1426 3100 1493 suis
3144 1425 3471 1505 hostibus,
3533 1424 3811 1491 assiduis
3855 1426 3989 1491 illis
4032 1426 4325 1494 cladibus
4369 1452 4483 1513 pa-

2540 1518 2606 1576 te
2637 1521 2779 1577 acta
2823 1512 2952 1577 fuit
2994 1512 3120 1578 Dei
3181 1511 3453 1577 veritas:
3510 1511 3704 1578 sicuti
3762 1534 3844 1577 ex
3888 1520 4074 1578 tanta
4116 1515 4256 1580 eius
4299 1537 4482 1581 seve-

2541 1601 2733 1662 ritate
2794 1597 3097 1682 colligere
3155 1598 3311 1664 licet
3368 1618 3565 1681 quam
3622 1598 3915 1681 perversi
3968 1598 4216 1665 fuerint
4258 1600 4484 1683 populi

2542 1704 2775 1749 mores.

2712 1770 2816 1836 26.
2873 1769 3053 1836 Dwm
3106 1769 3455 1854 confreyero
3512 1770 3682 1836 vo'bis
3731 1768 4016 1837 baculum
4047 1771 4268 1853 panis.
4357 1772 4484 1839 His

2542 1853 2764 1921 verbis
2800 1856 3130 1940 significat
3152 1855 3354 1935 Deus,
3399 1857 3700 1939 quamvis
3748 1878 3856 1921 eos
3902 1866 4117 1922 terrae
4139 1857 4484 1924 sterilitate

2541 1962 2676 2007 non
2719 1942 2972 2024 puniat,
3019 1962 3089 2006 se
3134 1953 3355 2007 tamen
3390 1941 3472 2006 ad
3508 1964 3618 2008 eos
3662 1942 3833 2008 fame
3871 1942 4302 2009 conficiendos
4337 1944 4486 2009 aliis

2540 2026 2752 2093 modis
2794 2028 3191 2093 instructum
3238 2049 3396 2094 esse.
3486 2026 3876 2094 Videbimus
3935 2028 4198 2112 quidem
4245 2040 4486 2112 postea,

2543 2122 2788 2179 terram
2840 2114 3087 2177 offenso
3132 2113 3276 2179 Deo
3334 2116 3591 2179 viscera
3633 2136 3753 2181 sua
3796 2114 4267 2197 quodammodo
4311 2116 4487 2182 clau-

2545 2199 2732 2277 dere,
2789 2220 2873 2264 ne
2931 2198 3244 2264 alimenta
3297 2199 3645 2283 producat:
3691 2200 3944 2266 coelum
3990 2222 4242 2285 quoque
4285 2202 4488 2269 obdu-

2543 2304 2830 2364 rescere,
2888 2306 2972 2350 ne
3016 2305 3160 2349 eam
3205 2285 3554 2351 foecundet
3612 2307 3787 2363 rore,
3846 2298 3914 2351 et
3956 2287 4212 2371 pluvia:
4276 2289 4490 2354 omnis

2545 2370 2824 2455 denique
2859 2368 3022 2436 coeli
3048 2371 3490 2454 intemperies,
3535 2383 3877 2455 terraeque
3916 2373 4187 2439 ariditas
4224 2373 4485 2458 signum

2544 2470 2646 2522 est
2688 2454 3164 2523 maledictionis
3207 2458 3365 2523 Dei:
3413 2478 3643 2523 verum
3689 2479 3864 2525 nuuc
3910 2457 4174 2543 longius
4218 2480 4488 2544 progre-

2547 2542 2751 2609 ditur:
2801 2544 3100 2625 quamvis
3143 2542 3366 2609 inedia
3407 2566 3538 2609 non
3581 2542 3905 2623 laborent,
3951 2545 4088 2609 fore
4131 2552 4352 2611 tamen
4396 2546 4493 2610 fa·

2543 2629 2828 2705 melicos,
2859 2629 2975 2694 ubi
3012 2629 3150 2693 vim
3184 2628 3402 2694 alendi
3437 2631 3595 2713 pani
3630 2630 3990 2696 abstulerit.
4059 2629 4244 2696 Haec
4269 2643 4490 2713 autem

2545 2715 2929 2794 maledictio,
2973 2735 3168 2797 quam
3204 2714 3360 2781 alibi
3397 2716 3680 2783 vidimus
3716 2715 4075 2782 doctrinam
4114 2718 4490 2783 confirmat:

2546 2800 2698 2867 Non
2745 2801 2968 2866 vivere
3015 2802 3345 2866 hominem
3388 2821 3592 2885 pane,
3637 2802 3751 2868 sed
3796 2801 4107 2868 mandato
4150 2802 4312 2882 Dei,
4356 2824 4489 2868 non

2547 2906 2735 2952 secus
2779 2907 2854 2952 ac
2897 2887 2952 2952 si
2996 2907 3082 2952 ex
3127 2887 3267 2953 eius
3312 2908 3424 2953 ore
3467 2890 3701 2954 flueret
3741 2887 4019 2954 facultas
4061 2888 4219 2972 pani
4260 2887 4487 2955 indita.

2548 2971 2687 3038 Nec
2744 2982 2920 3038 certe
2977 2993 3212 3039 sensus
3269 2984 3526 3040 nostros
3590 2996 3696 3041 res
3759 2975 4071 3040 inanimis
4134 2981 4487 3059 vegetaret,

2548 3058 2675 3124 nisi
2719 3079 2958 3125 arcana
2980 3059 3110 3125 Dei
3143 3059 3569 3129 ordinatione.
3636 3059 4002 3143 Aptissima
4045 3068 4263 3125 autem
4308 3061 4488 3126 simi·

2546 3143 2829 3210 litudine
2873 3145 3114 3224 utitur,
3172 3143 3483 3211 baculum
3527 3146 3876 3213 nominans
3918 3146 4237 3212 fulturam
4278 3147 4488 3230 panis,

2547 3249 2675 3314 qua
2717 3240 3101 3296 recreantur
3140 3231 3320 3297 vires
3362 3231 3735 3297 homiuum:
3796 3231 4348 3315 quemadmodum
4392 3233 4491 3296 vi·

2548 3316 2775 3380 demus
2811 3336 2997 3381 senes
3033 3337 3107 3381 ac
3143 3314 3388 3383 debiles
3422 3316 3823 3400 scipionibus
3858 3319 4125 3383 innixos
4167 3318 4489 3393 incedere,

2547 3403 2656 3485 qui
2702 3404 2940 3484 alioqui
2988 3403 3370 3468 vacillarent
3413 3423 3487 3467 ac
3532 3404 3968 3470 conciderent.
4044 3402 4281 3468 Verum
4306 3404 4489 3469 Deus

2547 3489 2616 3552 in
2661 3489 2932 3553 arbitrio
2976 3509 3093 3553 suo
3135 3509 3279 3554 esse
3325 3490 3482 3554 dicit
3524 3489 3830 3573 frangere
3872 3489 4211 3568 baculum,
4259 3500 4331 3554 ut
4372 3510 4490 3573 pa·

2547 3576 2651 3638 nis
2697 3574 2860 3638 nihil
2905 3574 3084 3639 aliud
3129 3596 3323 3657 quam
3371 3586 3668 3641 ventrem
3713 3584 3968 3653 oneret,
4037 3577 4210 3642 vires
4266 3588 4489 3642 autem

2546 3681 2679 3725 non
2738 3661 3006 3725 reficiat.
3097 3660 3290 3728 Hanc
3333 3663 3613 3745 figuram
3657 3671 3994 3727 mutuatus
4041 3669 4141 3727 cst
4181 3662 4488 3729 Ezechiel

2546 3766 2586 3810 a
2617 3745 2820 3821 Mose,
2865 3768 3061 3829 quam
3106 3748 3396 3814 inculcat
3439 3747 3735 3830 pluribus
3780 3747 3941 3814 locis
3985 3745 4252 3833 (Ezech.
4297 3747 4358 3828 4,
4405 3747 4488 3813 16

2546 3841 2615 3897 et
2648 3831 2709 3909 5,
2757 3831 2837 3896 17
2883 3843 2950 3898 et
2985 3832 3087 3910 14,
3141 3831 3262 3920 13).
3328 3833 3723 3916 Quanquam
3760 3833 3895 3899 illic
3931 3834 4096 3899 duos
4131 3854 4489 3917 poenarum

2548 3917 2776 3983 modos
2798 3927 3111 4004 recenset,
3148 3920 3318 3985 sicut
3354 3930 3420 3985 et
3455 3919 3620 3984 alter
3653 3919 3972 4003 propheta
3995 3917 4280 4006 (Aggaei
4304 3920 4363 3997 1,
4388 3918 4491 4006 6):

2549 4002 2942 4069 Seminastis
3001 4005 3313 4084 multum,
3382 4005 3694 4071 intulistis
3751 4025 4020 4089 parum:
4088 4004 4485 4083 comedistis,

2549 4098 2616 4154 et
2701 4111 2833 4155 non
2916 4090 3074 4157 estis
3166 4092 3470 4157 saturati:
3570 4091 3854 4169 bibistis,
3950 4101 4018 4156 et
4108 4112 4239 4156 non
4332 4093 4489 4158 estis

2549 4174 2882 4241 inebriati:
2939 4177 3287 4259 operuistis
3346 4199 3493 4257 vos,
3549 4185 3614 4242 et
3660 4199 3794 4242 non
3840 4178 3998 4243 estis
4039 4177 4362 4244 calefacti:
4424 4190 4492 4243 et

2549 4262 2662 4347 qui
2705 4261 3067 4328 mercedem
3127 4263 3418 4348 collegit,
3480 4285 3554 4330 ac
3598 4264 3654 4330 si
3711 4264 3998 4328 misisset
4040 4265 4110 4328 in
4155 4266 4489 4332 sacculum

2550 4357 2906 4431 pertusum.
2994 4347 3199 4414 Item:
3248 4350 3699 4434 Exspectastis
3742 4349 4054 4434 amplius,
4102 4359 4167 4415 ot
4209 4373 4359 4418 ecce
4394 4351 4492 4415 di-

2550 4434 2878 4500 minutum
2938 4444 3071 4500 est:
3128 4437 3448 4502 intulistis
3505 4437 3576 4500 in
3639 4436 3936 4513 domum,
3995 4449 4060 4502 et
4119 4437 4488 4503 exsufflavi.

2551 4520 2907 4586 Penuriam
2965 4523 3138 4586 enim
3206 4543 3504 4588 annonae
3549 4544 3754 4586 unum
3800 4521 3934 4593 Dei
3971 4523 4305 4607 flagellum
4350 4543 4492 4587 esse

2552 4605 2766 4671 docet:
2821 4607 3097 4672 alterum
3146 4630 3330 4686 vero,
3390 4609 3559 4691 quod
3614 4607 3835 4673 nullus
3894 4609 3980 4673 sit
4031 4610 4255 4694 copiae
4314 4630 4488 4672 nsua.

2553 4692 2856 4758 Concinit
2892 4701 2957 4757 et
3001 4693 3297 4760 Micheas
3343 4691 3429 4780 (6,
3479 4692 3617 4777 14);
3680 4701 4026 4777 postquam
4073 4696 4247 4758 enim
4291 4692 4488 4758 dixit:

2552 4777 2887 4853 Comedes,
2933 4786 2998 4842 et
3034 4799 3167 4843 non
3213 4780 3584 4846 satiaberis:
3633 4777 3953 4864 adiungit,
4000 4778 4387 4852 Seminabis,
4427 4788 4492 4843 et

2551 4887 2679 4929 non
2741 4871 2976 4943 metes,
3044 4866 3321 4933 calcabis
3377 4866 3621 4945 oleum,
3690 4878 3755 4931 et
3814 4889 3941 4932 non
4003 4865 4270 4948 ungeris
4330 4863 4490 4941 oleo,

2549 4949 2825 5016 calcabis
2868 4959 3189 5031 mustum,
3248 4974 3364 5019 nec
3408 4954 3638 5016 vinum
3686 4951 3884 5017 bibes.
3972 4951 4226 5015 Verum
4272 4950 4492 5015 Moses

2552 5056 2681 5119 quo
2746 5037 2958 5118 magis
3022 5047 3333 5121 appareat
3399 5037 3805 5114 maledictiO,
3876 5036 4031 5101 dicit
4097 5035 4235 5100 fore
4302 5037 4493 5118 panis

2552 5119 3054 5187 abundantiam:
3114 5123 3346 5189 deinde
3389 5124 3459 5188 in
3504 5128 3643 5208 ipso
3686 5121 4006 5206 pinsendo
4051 5130 4117 5184 et
4160 5122 4492 5204 coquendo

2551 5205 2808 5271 nullum
2877 5208 3014 5273 fore
3077 5208 3337 5275 dolum:
3416 5212 3571 5292 quia
3637 5209 3859 5274 decem
3923 5206 4231 5273 mulieres
4296 5208 4491 5273 simul

2552 5294 2821 5358 venient
2883 5295 2964 5359 ad
3030 5296 3361 5361 clibanum
3428 5317 3666 5373 unum,
3735 5314 3898 5376 quae
3965 5293 4139 5358 ultro
4204 5294 4494 5376 citroque

2554 5381 2907 5444 observent
2958 5402 3040 5446 an
3096 5382 3376 5448 fideliter
3420 5381 3731 5447 reddatur
3775 5376 4051 5461 pondus.
4146 5379 4495 5463 [Intelligit
