5017 6142
418 463 545 530 437

1179 650 1486 729 OAPU'I'
1532 652 1625 720 H.

599 827 656 891 1.
725 823 999 891 Miserat
1059 829 1265 889 autem
1331 822 1525 891 Iosue
1574 824 1752 906 filius
1821 824 1977 890 Nun
2022 845 2056 890 e
2124 821 2381 890 Sitthim

422 912 597 978 viros
635 911 797 979 duos
850 910 1268 993 exploratores
1298 909 1461 976 clam
1501 910 1789 977 dicendo.-
1847 911 1948 977 Ite
2004 909 2381 977 considerate

422 1003 660 1064 terram
722 1001 780 1063 et
843 995 1102 1061 Iericho.
1194 994 1469 1077 Profecti
1534 1001 1679 1062 sunt
1740 996 1943 1080 i9itur
1997 1001 2053 1062 et
2109 995 2381 1080 inqressi

426 1088 574 1149 sunt
626 1082 878 1148 domum
932 1081 1224 1147 mulieris
1284 1083 1663 1162 meretricis,
1729 1083 1916 1147 cuius
1970 1101 2193 1148 nomen
2247 1086 2383 1147 erat

431 1166 690 1246 Rabab,
726 1172 815 1267 ‘et
876 1167 1262 1233 wissant
1318 1165 1467 1233 illie.
1555 1167 1617 1233 2.
1681 1165 1943 1233 Dictum
1998 1172 2206 1234 autem
2255 1168 2384 1266 fuit

427 1251 1592 1437 §waiwsffitm'ffi
1615 1273 1744 1404 ⁶⁸3?
1785 1252 2383 1441 Ἢψξςὲεῗῖξ

433 1424 678 1493 Iericho
734 1424 821 1490 ad
879 1422 1108 1490 Rabab
1160 1423 1440 1489 dicendo.-
1495 1422 1682 1491 Educ
1737 1444 1906 1490 viros
1949 1444 2062 1507 qui
2114 1442 2384 1509 inqresst

430 1516 582 1579 sunt
632 1510 717 1577 ad
757 1515 843 1589 te,
908 1510 1019 1593 qui
1070 1514 1365 1575 venerunt
1396 1509 1646 1576 domum
1688 1515 1894 1576 tuam.-
1956 1511 2113 1593 quia
2151 1511 2238 1576 ad
2279 1528 2385 1576 ex-

423 1596 808 1681 plorandam
883 1599 1072 1661 totam
1144 1600 1378 1661 terram
1446 1601 1756 1662 emerunt.
1858 1595 1919 1661 4.
2012 1595 2384 1677 Smnpserat

432 1688 645 1751 autem
699 1681 930 1747 mulier
969 1681 1128 1747 duos
1167 1680 1337 1747 viros
1357 1728 1372 1754 ‚
1438 1686 1498 1746 et
1542 1680 1947 1749 absconderat
2000 1701 2118 1750 eos.
2207 1681 2384 1747 Tunc

435 1769 563 1837 ait.-
650 1767 960 1835 Venerunt
1011 1766 1262 1849 quidem
1304 1766 1392 1832 ad
1432 1784 1530 1832 me
1569 1767 1729 1849 viri,
1785 1767 1897 1833 sed
1930 1787 2052 1833 non
2092 1785 2385 1834 noveram

433 1856 747 1921 undenam
786 1856 1002 1918 essent.
1059 1853 1120 1918 5.
1168 1851 1325 1917 Fuit
1354 1857 1562 1918 autem
1594 1853 1746 1919 dum
1765 1857 1956 1937 porta
1993 1852 2385 1920 clauderetur

433 1942 507 2007 in
539 1938 819 2017 tenebris,
863 1939 1097 2022 eyressi
1127 1942 1276 2004 sunt
1309 1938 1469 2003 viri.-
1508 1958 1617 2004 nec
1650 1939 1903 2022 coqnovi
1936 1958 2056 2021 quo
2098 1938 2381 2006 abierint.

439 2025 801 2109 Sequimini
840 2025 960 2090 cito
1003 2043 1121 2102 eos,
1165 2023 1320 2106 quia
1356 2023 1878 2107 comprehendetis
1918 2043 2037 2090 eos.
2105 2025 2163 2091 6.
2221 2023 2386 2106 Ipsa

437 2116 647 2179 autem
701 2111 1026 2177 ascendere
1077 2109 1309 2192 fecerat
1362 2128 1463 2175 eos
1511 2110 1582 2175 in
1621 2114 1843 2177 tectum
1882 2115 1940 2175 et
1983 2110 2388 2176 absconderat

437 2217 542 2264 eos
595 2196 712 2263 sub
764 2197 992 2263 munis
1046 2195 1167 2260 lini
1229 2194 1308 2261 ab
1370 2215 1446 2261 ea
1504 2196 1819 2262 ordinatis
1880 2214 2072 2280 super
2143 2200 2380 2261 tectum

440 2283 501 2349 7.
582 2282 727 2350 Viri
781 2286 991 2348 autem
1033 2293 1403 2364 persequuti
1452 2286 1602 2347 sunt
1656 2300 1757 2346 eos
1812 2281 2037 2348 itinere
2078 2281 2385 2349 Iordanis

434 2388 636 2452 usque
696 2369 784 2434 ad
840 2368 1037 2434 vada.-
1091 2372 1345 2449 portam
1407 2386 1553 2432 vero
1604 2366 1993 2446 clausa-unt,
2056 2366 2251 2434 sunul
2310 2384 2386 2431 ac

433 2455 671 2540 eqressi
731 2458 876 2520 sunt
938 2453 1051 2536 qui
1113 2472 1216 2519 eos
1268 2451 1812 2536 persequebamur.
1900 2453 1963 2518 8.
2029 2453 2384 2535 Antequam

433 2538 2380 2623 oerodorniirent‚ipsaascenditsupertectumadeos.

434 2629 496 2693 9.
563 2624 656 2691 Et
695 2625 793 2691 ait
831 2626 919 2691 ad
959 2625 1161 2691 viros.-
1221 2624 1390 2689 Novi
1442 2624 1605 2706 quod
1659 2622 1889 2690 Iehova
1929 2624 2171 2691 dederit
2208 2623 2384 2689 vobis

434 2719 696 2791 mam,
761 2710 2262 2794 eoquodceciditterrorvestersupernos,
2328 2713 2386 2775 et

431 2799 601 2881 quod
630 2797 1014 2877 defluxerim
1044 2813 1252 2861 omnes
1284 2793 1659 2861 habitatores
1692 2800 1895 2863 terrae
1912 2817 1955 2863 a
1972 2796 2136 2879 facie
2155 2799 2379 2862 vestra.

439 2885 540 2951 10.
601 2883 991 2949 Audivimus
1024 2883 1193 2948 enim
1223 2881 1522 2963 quomodo
1554 2881 1881 2965 arefecerit
1914 2881 2146 2948 leliova
2180 2900 2384 2964 aquas

431 2970 638 3037 maris
684 2967 863 3052 Suph
895 2989 939 3034 a
991 2967 1156 3051 facie
1199 2971 1406 3033 vestra
1457 2967 1614 3033 dum
1672 2969 1923 3034 exiistis
1953 2987 2033 3035 ex
2075 2968 2384 3052 Aeyypto:

432 3061 490 3123 et
530 3075 694 3139 quae
730 3053 969 3137 fecistis
1009 3053 1254 3119 duobus-
1279 3050 1531 3137 reqibus
1571 3052 2003 3133 Aenwrrhaei,
2046 3054 2161 3135 qui
2201 3057 2383 3118 erant

432 3147 612 3208 trans
691 3138 1057 3205 Iordanem:
1137 3137 1340 3205 Sileon
1414 3143 1473 3204 et
1557 3139 1651 3222 Oq
1727 3156 1883 3222 quos
1956 3139 2375 3205 interemistis.

437 3228 540 3292 11.
598 3225 1007 3292 Audivimus.
1046 3228 1105 3291 et
1141 3224 1519 3291 dissolutum
1559 3228 1651 3290 est
1683 3242 1791 3290 cor
1829 3228 2143 3306 nostruin,
2187 3243 2381 3307 neque

431 3313 703 3381 estest-'tit
753 3309 925 3376 ultra
979 3311 1250 3392 spiritus
1301 3331 1345 3376 a
1395 3310 1562 3393 facie
1613 3313 1834 3375 vestra.
1924 3308 2157 3376 Iehova
2211 3311 2379 3377 enim

432 3398 613 3465 Deus
668 3402 864 3463 vester
920 3396 1352 3463 Deusestin
1406 3393 1874 3461 coelosursum
1926 3400 2374 3479 etsuperter·

430 3504 574 3550 ram
633 3484 938 3550 deorsum.
1028 3481 1128 3547 12.
1199 3481 1388 3546 Nunc
1453 3499 1596 3565 erqo
1658 3481 1865 3545 iurate
1918 3481 2078 3546 mihi
2151 3499 2378 3563 quaeso

423 3590 543 3654 per
578 3567 873 3635 Iehovam
913 3565 1058 3654 (feci
1090 3569 1258 3632 enim
1296 3566 1605 3633 vobiscum
1646 3566 2175 3652 misericordiam)
2218 3565 2380 3648 quod

427 3655 676 3739 facietis
707 3656 896 3721 etiam
927 3672 1035 3719 vos
1067 3673 1211 3719 cum
1243 3653 1422 3719 donno
1451 3653 1667 3734 patris
1697 3653 1821 3716 mei
1861 3652 2377 3732 misericordiam,

430 3747 489 3807 et
528 3739 760 3807 dabitis
814 3739 977 3805 mihi
1030 3739 1280 3824 siqnum
1319 3756 1553 3816 verum,
1644 3737 1743 3802 13.
1818 3737 1994 3820 Quod
2033 3738 2207 3804 vivos
2251 3757 2380 3804 ser-

428 3827 663 3895 vabitis
689 3830 936 3910 patrem
957 3845 1179 3904 menni,
1221 3829 1280 3890 et
1297 3828 1561 3890 matrem
1596 3842 1816 3903 meam,
1862 3828 1921 3888 et
1942 3823 2178 3907 fratres
2195 3843 2379 3901 nicos,

426 3917 489 3979 et
532 3931 775 3978 sorores
811 3931 1013 3994 meas,
1057 3916 1114 3977 et
1153 3929 1360 3977 omnes
1401 3911 1514 3992 qui
1554 3915 1705 3975 sunt
1745 3929 1986 3990 eorum,
2032 3911 2379 3993 crustisque

430 3999 685 4065 annuas
721 4003 977 4063 nostras
1010 4017 1054 4062 a
1094 4000 1301 4062 morte.
1362 3995 1463 4061 14.
1508 3994 1833 4061 Diccerunt
1862 3995 1924 4061 ei
1956 3995 2117 4062 viri.-
2157 3997 2377 4061 anima

426 4089 647 4151 nostra
676 4103 803 4165 pro
841 4083 1014 4149 vobis
1054 4083 1140 4147 ad
1179 4081 1600 4148 moriendum.-
1640 4080 1817 4145 modo
1856 4100 1981 4146 non
2010 4081 2377 4164 prodideris

427 4189 769 4236 sermonem
830 4172 1111 4235 nostrum
1172 4166 1364 4234 hunc.-
1437 4172 1583 4232 tunc
1644 4167 1791 4246 erit,
1853 4166 1964 4232 ubi
2036 4168 2377 4235 tradiderit

430 4254 667 4322 Iebova
706 4253 883 4321 nobis
922 4259 1172 4334 terram,
1210 4253 1519 4335 faciemus
1559 4257 1752 4319 tecum
1792 4253 2289 4321 misericordiam
2319 4257 2377 4319 et

427 4341 769 4407 veritatem.
830 4339 931 4406 15.
976 4339 1253 4406 Demi-sit
1288 4339 1498 4422 itaque
1538 4357 1641 4403 eos
1668 4337 1821 4420 fune
1842 4356 1967 4419 per
2004 4339 2375 4421 fenestram.-

428 4425 652 4492 domus
705 4426 873 4491 enim
925 4427 1061 4490 eius
1108 4428 1246 4491 erat
1297 4425 1370 4489 in
1408 4425 1656 4507 pariete
1715 4423 1917 4502 muri,
1977 4428 2033 4490 et
2073 4427 2143 4491 in
2190 4444 2371 4491 muro

426 4512 579 4595 ipsa
618 4510 957 4578 habitabat.
1025 4510 1126 4576 16.
1182 4509 1373 4576 Diait
1410 4515 1617 4575 autem
1647 4509 1771 4576 eis.-
1812 4508 1899 4574 ad
1937 4516 2368 4592 montemper-

422 4598 584 4682 fite,
631 4618 709 4663 ne
745 4597 909 4680 forte
949 4601 1274 4664 occurrant
1309 4594 1480 4660 vobis
1512 4596 1623 4676 qui
1653 4595 2094 4678 irwequuntaeaer,
2127 4602 2185 4663 et
2226 4599 2373 4665 lati-

425 4687 552 4749 tate
592 4683 725 4749 illic
763 4683 967 4749 tribus
1007 4683 1239 4761 diebus,
1283 4682 1468 4746 donec
1496 4681 1751 4747 redeant
1782 4683 1895 4763 qui
1936 4682 2368 4765 insequuntur,

426 4772 491 4835 et
532 4775 754 4852 postea
803 4769 1145 4851 ibitisper
1200 4767 1375 4832 viam
1419 4771 1702 4833 vestram.
1794 4768 1898 4832 17.
1965 4768 2144 4836 Tunc
2198 4770 2372 4836 dixe-

423 4856 666 4921 runtei
704 4857 867 4921 viri.-
909 4854 1173 4920 Innooeii
1211 4852 1447 4919 erirnus
1490 4873 1533 4918 a
1575 4853 1923 4919 iuramento
1963 4858 2066 4920 tuo
2106 4854 2215 4922 boc
2254 4876 2371 4938 quo

424 4960 541 5007 nos
603 4941 944 5007 adiurasti.
1033 4940 1131 5006 18.
1199 4937 1359 5006 Eece
1413 4958 1606 5020 quum
1663 4938 2084 5023 inqrediemur
2136 4946 2369 5007 terram

420 5026 782 5106 funiculum
831 5026 996 5092 hunc
1044 5026 1144 5109 fili
1198 5025 1454 5093 coccinei
1507 5023 1735 5109 liqabis
1785 5028 1857 5091 in
1907 5026 2180 5108 fenestra
2194 5076 2210 5106 ,
2248 5048 2369 5111 per

424 5132 618 5196 quam
678 5112 1010 5179 demiseris
1070 5131 1222 5177 nos.-
1269 5116 1523 5195 patrem
1584 5130 1728 5176 vero
1767 5116 1942 5177 tuum
1996 5116 2053 5178 et
2107 5119 2371 5179 matrem

425 5203 601 5265 ticam
640 5197 1035 5283 eonqreqabis
1064 5197 1151 5263 ad
1181 5202 1236 5264 te
1266 5199 1337 5263 in
1367 5197 1638 5276 domum,
1681 5201 1739 5262 et
1780 5216 2020 5263 omnem
2048 5198 2371 5281 familiam

414 5285 639 5368 patris
675 5286 791 5350 tui.
865 5285 965 5350 19.
1025 5285 1180 5350 Erit
1218 5289 1440 5362 autem,
1483 5284 1834 5367 quicunque
1866 5304 2149 5368 eqressus
2177 5284 2373 5367 fuerit

426 5390 461 5436 e
498 5371 708 5437 valois
746 5371 971 5437 domus
1009 5376 1152 5438 tuae
1178 5369 1361 5454 foras
1376 5421 1391 5451 ,
1434 5369 1696 5455 sanquis
1738 5370 1875 5437 eius
1915 5370 2034 5437 erit
2074 5371 2145 5435 in
2186 5376 2377 5456 caput

1604 463 2346 535 COMMENTARIUS
2389 460 2492 529 IN
2534 462 2815 532 IOSUE
2861 463 3059 533 GAP.
3103 464 3196 533 II.

4319 468 4448 535 438

2481 652 2653 727 eius,
2711 670 2822 717 nos
2878 671 3019 718 vero
3075 654 3360 721 innoxii.-
3414 655 3762 739 quicunque
3801 674 3949 721 vero
4008 660 4208 722 tecum
4248 656 4448 739 fuerit

2480 737 2556 803 in
2610 739 2818 813 domo,
2874 739 3140 820 sanquis
3194 740 3374 806 illius
3431 743 3500 807 in
3541 745 3729 823 caput
3781 745 4066 807 nostrum
4107 742 4182 807 si·
4211 761 4442 811 manus

2482 824 2713 889 iniecta
2750 822 2946 904 fuerit
2986 823 3058 888 in
3097 845 3255 890 eum.
3343 826 3448 892 20.
3515 825 3593 891 Si
3633 846 3773 892 vero
3805 826 4175 908 prodideris
4216 847 4446 896 sermo-

2482 927 2628 974 nem
2666 907 2831 973 hunc
2878 912 3158 974 nostrum
3173 959 3189 991 ,
3253 914 3496 978 erimus
3546 911 3795 977 innoxii
3837 933 3880 978 a
3935 913 4285 981 aeramento
4324 934 4444 996 quo

2483 994 2807 1059 adiurasti
2860 1013 2994 1059 nos.
3083 995 3187 1061 21.
3257 995 3605 1079 Respondit
3657 996 3805 1062 illa.-
3873 996 3953 1063 Ut
3994 997 4232 1081 loquuti
4273 1003 4441 1081 estis,

2484 1080 2583 1145 ita
2645 1081 2747 1146 sit.
2841 1079 3017 1145 Tunc
3080 1080 3328 1148 dimisit
3390 1102 3523 1161 eos,
3604 1088 3660 1147 et
3723 1083 4041 1164 abierunt,
4108 1084 4442 1169 liqavitque

2481 1164 2664 1249 filum
2718 1165 3058 1231 coccioaeum
3114 1167 3188 1232 in
3246 1168 3543 1250 fenestra.
3631 1168 3734 1234 22.
3806 1168 4085 1250 Profecti
4146 1176 4443 1237 venerunt

2485 1251 2903 1330 admontem,
2960 1253 3551 1319 etmanseruntibi
3592 1253 4081 1335 tribusdiebus,
4124 1256 4308 1323 donec
4347 1277 4444 1324 re·

2483 1340 2863 1402 verterentur
2938 1339 3052 1419 qui
3112 1338 3433 1421 insequuti
3484 1340 3745 1423 fuerant
3760 1390 3774 1419 ,
3855 1341 3969 1422 qui
4044 1343 4442 1422 quaesierunt

2477 1442 2603 1504 per
2657 1440 2894 1488 omnem
2943 1422 3119 1487 viam
3173 1442 3283 1491 nec
3337 1427 3719 1493 invenerunt.
3824 1426 3930 1491 23.
3991 1425 4256 1493 Reversi
4298 1447 4439 1512 erqo

2487 1507 2611 1573 duo
2665 1506 2766 1573 illi
2808 1512 3142 1591 postquam
3205 1510 3648 1577 descenderunt
3688 1534 3721 1579 e
3769 1516 3968 1578 monte
4030 1513 4437 1598 transierunt,

2484 1597 2890 1675 veneruntque
2935 1593 3025 1660 ad
3036 1679 3047 1693 .
3078 1593 3275 1661 Iosue
3324 1597 3532 1698 filium
3579 1596 3766 1699 Nun,
3821 1602 3879 1663 et
3918 1602 4338 1664 narraverunt
4379 1601 4440 1665 ei

2485 1680 3273 1832 ΞτἝΞἯἽᾌἪΜ
3303 1681 4124 1835 ἧξαὲᾫῗιῖἴᾜωᾬ
4111 1682 4440 1836 “defixi

2486 1849 2805 1917 Dissoluti
2860 1868 3028 1916 enim
3085 1856 3233 1917 sunt
3284 1872 3494 1920 omnes
3535 1853 3909 1922 habitatores
3947 1860 4148 1921 terrae
4188 1875 4231 1921 a
4269 1855 4439 1938 facie

2484 1940 2717 2003 nostra.

2663 2107 2721 2173 1.
2781 2104 3052 2173 Miserat
3103 2112 3310 2174 autem
3366 2108 3570 2177 Iosue.
3663 2110 3813 2177 Alia
3869 2110 3995 2176 fuit
4049 2111 4437 2196 explorandi

2486 2193 2654 2258 ratio
2698 2192 2778 2258 de
2813 2212 2944 2277 qua
2974 2214 3152 2260 nunc
3186 2194 3406 2278 agitur
3446 2215 3646 2280 quam
3690 2196 4005 2280 superior,
4050 2196 4208 2264 dum
4242 2197 4436 2267 Iosue

2486 2299 2638 2345 cum
2683 2278 2830 2345 aliis
2872 2277 3177 2345 undecim
3219 2281 3461 2347 missus
3504 2285 3624 2363 est,
3671 2289 3744 2346 ut
3790 2281 4089 2349 lustratis
4132 2285 4437 2352 omnibus

2487 2373 2706 2431 terrae
2758 2363 2977 2449 plagis
2991 2415 3008 2446 ,
3063 2364 3145 2430 de
3201 2366 3343 2433 eius
3399 2367 3533 2433 situ
3552 2418 3570 2447 ,
3636 2374 3877 2433 natura
3892 2417 3908 2446 ,
3974 2368 4435 2450 foecunditate,

2488 2449 2760 2534 aliisque
2796 2448 3077 2530 dotibus,
3123 2449 3205 2516 de
3235 2452 3497 2519 urbium
3532 2451 3983 2536 amplitudine,
4029 2461 4099 2520 et
4135 2454 4439 2539 frequen-

2487 2536 2616 2617 tia,
2673 2535 2754 2603 de
2794 2534 3059 2617 incolis,
3117 2543 3186 2601 et
3226 2556 3456 2603 eorum
3511 2539 3802 2604 moribus
3843 2538 3929 2605 ad
3969 2545 4187 2605 totum
4229 2561 4434 2626 popu·

2486 2622 2626 2688 lum
2670 2622 3008 2688 referrent.
3096 2621 3352 2706 Nempe
3393 2644 3521 2707 quo
3564 2645 3635 2691 se
3687 2623 3999 2691 libentius
4041 2624 4124 2690 ad
4168 2627 4437 2710 expedi-

2484 2709 2734 2774 tionem
2801 2706 3220 2794 accingerent
3298 2709 3410 2793 qui
3487 2709 3617 2776 alio
3662 2710 3733 2775 ui
3809 2718 4000 2776 erant
4076 2712 4433 2796 segniores.

2485 2793 2635 2860 Etsi
2679 2802 2898 2860 autem
2956 2814 3043 2860 ex
3098 2793 3313 2879 primo
3357 2795 3571 2880 capite
3675 2796 4101 2862 euteronomii
4145 2806 4434 2882 apparet,

2485 2879 2718 2945 Mosen
2775 2880 3119 2964 flagitante
3175 2880 3416 2964 populo
3457 2882 3714 2948 misisse
3775 2881 4059 2949 delectos
4102 2883 4281 2949 viros
4323 2884 4436 2967 qui

2483 2972 2729 3032 terram
2773 2965 3205 3049 inspicerent,
3252 2965 3407 3032 alibi
3449 2975 3672 3033 tamen
3714 2967 3932 3045 refert,
3976 2968 4044 3033 id
4078 2969 4208 3036 Dei
4250 2970 4435 3036 iussu

2483 3071 2556 3117 se
2610 3049 2860 3117 fecisse.
2948 3051 3131 3136 Ergo
3188 3058 3257 3118 et
3308 3053 3453 3118 Deo
3510 3061 3738 3119 autore
3791 3053 4066 3136 profecti
4120 3062 4278 3121 sunt
4334 3054 4434 3123 illi

2482 3135 2856 3218 duodecim,
2918 3144 2987 3203 et
3040 3138 3110 3202 in
3177 3136 3378 3203 finem
3442 3138 3637 3223 paulo
3698 3137 4063 3219 diversum,
4131 3148 4206 3207 ut
4253 3149 4434 3208 terra

2482 3220 2834 3307 diligenter
2855 3230 3194 3307 perspecta
3215 3221 3643 3290 excellentiae
3668 3225 3809 3290 eius
3830 3244 4180 3310 praecones
4214 3234 4434 3295 essent

2482 3307 2566 3374 ad
2619 3308 3034 3395 instigandos
3090 3309 3322 3394 populi
3377 3310 3649 3376 animos.
3738 3309 3804 3375 N
3806 3331 3936 3377 unc
3994 3320 4216 3377 autem
4272 3310 4433 3379 duos

2480 3394 2650 3459 clam
2704 3395 2907 3460 mittit
2947 3394 3175 3476 Iosue,
3231 3395 3342 3479 qui
3400 3397 3815 3462 considerent
3863 3416 3948 3462 an
3990 3395 4155 3462 liber
4210 3405 4434 3481 pateat

2479 3480 2801 3546 transitus
2840 3500 2964 3548 nec
3005 3501 3108 3561 ne,
3153 3481 3455 3548 securine
3498 3482 3635 3549 sint
3676 3481 3854 3549 cives
3897 3480 4177 3563 Iericho,
4222 3502 4306 3548 an
4350 3481 4435 3550 ad

2479 3563 2920 3631 resistendum
2977 3567 3190 3651 parati
3235 3574 3304 3632 et
3355 3567 3682 3635 instructi.
3771 3567 4077 3652 Denique
4133 3568 4432 3653 specula-

2479 3661 2657 3716 tores
2712 3652 2947 3732 mittit,
3015 3673 3097 3718 ex
3155 3672 3433 3738 quorum
3492 3653 3704 3720 relatu
3763 3661 4151 3736 praecaveat
4209 3656 4431 3723 omnia

2480 3737 2790 3822 pericula.
2873 3736 3101 3819 Quare
3143 3739 3214 3804 in
3254 3750 3602 3824 utramque
3637 3748 3890 3823 partem
3932 3739 4170 3824 agitari
4211 3748 4428 3826 potest

2478 3823 2790 3907 quaestio,
2837 3823 3335 3907 probandumne
3383 3825 3471 3890 sit
3503 3827 3647 3892 eius
3682 3825 4044 3906 consilium,
4094 3846 4182 3892 an
4221 3827 4428 3896 nimia

2478 3907 3298 4011 sollicitudodamnanda:
3349 3912 3730 3993 praesertim
3776 3911 3929 4012 quia
3971 3910 4232 4015 videtur
4273 3913 4425 3999 plus

2476 4015 3021 4147 2331301333‘23‘..
3065 3996 4425 4169 ffi2.5;².2⁰m2¹233⁰3305.331ffi.¹05331

2436 4214 2439 4219 -
2476 4166 2642 4234 cula.
2725 4165 2969 4233 Verum
3012 4168 3167 4252 quia
3207 4188 3420 4252 neque
3461 4169 3874 4253 exprimitur,
3918 4171 4180 4237 oraculo
4225 4172 4424 4239 fuisse

2475 4251 2907 4331 admonitum,
2970 4261 3045 4318 ut
3100 4274 3260 4321 vasa
3301 4254 3613 4339 colligere
3670 4255 3959 4335 iuberet,
4018 4276 4095 4322 ac
4136 4255 4423 4324 edictum

2472 4338 2926 4424 promulgaret
2968 4337 3049 4405 de
3091 4339 3374 4407 transitu
3419 4339 3753 4407 Iordanis:
3815 4361 4016 4424 quum
4051 4349 4272 4408 tamen
4316 4364 4423 4411 res

2472 4426 2619 4508 ipsa
2661 4425 2931 4503 clamet,
2977 4422 3058 4490 de
3100 4427 3332 4494 casti-is
3373 4424 3715 4493 movendis
3759 4427 4019 4492 nonnisi
4063 4436 4423 4513 praeeunte

2474 4512 2619 4577 Deo
2675 4511 3028 4596 cogitasse:
3084 4511 3421 4594 probabile
3471 4532 3725 4597 quoque
3767 4520 3900 4592 est,
3958 4512 4028 4577 in
4083 4514 4422 4581 mittendis

2474 4596 2996 4681 speculatoribus
3053 4597 3457 4667 sciscitatum
3515 4618 3657 4664 esse
3700 4598 3854 4683 quid
3902 4595 4047 4664 Deo
4100 4599 4419 4683 placeret:

2473 4691 2591 4748 aut
2632 4683 2785 4766 quia
2836 4681 3104 4749 videbat
3158 4683 3297 4766 ipse
3342 4684 3524 4752 Deus
3580 4685 3704 4751 hoc
3756 4682 4043 4751 subsidio
4081 4686 4422 4753 confirma-

2473 4768 2672 4835 tionis
2735 4789 2900 4853 opus
2965 4788 3138 4848 esse,
3204 4769 3382 4834 ultro
3445 4770 3579 4835 tale
3644 4769 3986 4837 consilium
4053 4791 4245 4837 servo
4301 4792 4418 4838 suo

2469 4854 2848 4939 inspirasse.
2938 4852 3273 4937 Quidquid
3327 4856 3433 4934 sit,
3478 4855 3633 4921 dum
3681 4855 4001 4940 praecipit
4040 4855 4238 4922 Iosue
4282 4857 4418 4925 suis

2470 4941 2732 5008 nunciis
2789 4948 2866 5006 ut
2906 4939 3322 5007 considerent
3362 4940 3654 5020 Iericho,
3714 4940 3798 5007 ad
3840 4961 3985 5006 eam
4029 4961 4415 5028 oppugnan-

2471 5025 2625 5093 dam
2668 5047 2741 5093 se
2797 5034 3168 5111 comparat:
3218 5026 3495 5111 ideoque
3548 5027 3785 5094 certior
3839 5027 3982 5092 fieri
4023 5026 4234 5110 cupit,
4290 5048 4418 5114 qua

2469 5121 2656 5198 parte
2696 5112 2953 5180 facilior
2994 5121 3061 5179 et
3100 5113 3303 5179 tutior
3345 5118 3566 5197 pateat
3605 5132 3919 5181 accessus.

2645 5199 2702 5264 1.
2772 5198 3056 5284 Inqressi
3114 5204 3261 5265 sunt
3317 5199 3591 5266 domum.
3692 5198 3830 5266 Cur
3900 5217 4140 5264 nomen
4200 5218 4413 5267 mere·

2471 5284 2654 5350 tricis
2708 5286 2972 5368 quidam
3030 5285 3321 5371 fugiant,
3381 5293 3448 5352 et
3489 5296 3606 5353 rm?
3663 5295 3999 5368 exponant
4051 5305 4217 5368 quae
4262 5294 4422 5353 oau·'

2470 5391 2710 5454 ponam
2777 5381 3072 5453 exercet,
3139 5393 3271 5438 nou
3337 5369 3553 5438 video:
3620 5370 3750 5436 nisi
3806 5369 3981 5454 quod
4034 5371 4415 5456 probrosum

3899 5470 4003 5527 28*
