5017 6142
506 425 597 490 79
1924 420 2332 503 nummus
2378 421 2507 486 AD
2552 421 3104 495 HISTORIAM.
4423 428 4514 495 so

1094 612 1226 679 EX
1268 610 1570 679 EXODI
1612 611 1885 678 XXXI.

687 785 785 851 18.
831 783 921 849 Et
961 784 1133 850 dedit
1173 783 1353 850 Deus
1389 783 1578 864 Mosi,
1622 804 1814 866 quum
1852 784 2045 867 finem
2084 784 2331 869 fecisset
2363 784 2455 849 Ζο-

509 873 736 955 quendi
790 890 932 936 eum
988 890 1055 937 eo
1108 871 1180 935 in
1234 877 1431 937 monte
1480 870 1699 950 Sinai,
1755 872 1920 938 duas
1975 871 2225 938 tabulas
2280 871 2451 937 testi-

508 959 706 1025 monii
719 1009 734 1039 ‚
777 956 1023 1023 tabulas
1065 955 1349 1041 lapideas
1392 958 1667 1040 scriptas
1707 958 1901 1042 diyiw
1942 957 2091 1026 Dei.

1157 1298 1457 1367 EXODI
1509 1299 1815 1366 XXXII.

685 1473 741 1538 1.
824 1472 1058 1538 Videas
1119 1477 1325 1538 autem
1372 1471 1650 1555 populus
1708 1472 1873 1555 quod
1943 1493 2182 1540 moram
2231 1473 2461 1555 faceret

513 1559 726 1626 Moses
758 1560 845 1625 ad
877 1558 1361 1633 descendendum
1394 1578 1427 1623 e
1466 1563 1690 1638 monte,
1736 1564 1881 1624 tunc
1912 1564 2316 1643 conyreyatus
2371 1564 2460 1626 est

509 1651 728 1712 contra
772 1644 1057 1724 AJzaron,
1102 1650 1159 1710 et
1201 1644 1497 1710 dixerunt
1537 1646 1630 1710 ei:
1691 1644 1910 1729 Surye,
1949 1645 2056 1727 fae
2096 1645 2273 1712 nobis
2314 1649 2459 1712 deos

506 1733 625 1814 qui
650 1732 1038 1812 praecedant
1069 1750 1212 1796 nos:
1260 1728 1405 1796 huic
1438 1731 1605 1795 em'm
1640 1730 1812 1799 Masi
1851 1733 1988 1797 viro
2029 1732 2128 1797 illi
2163 1733 2275 1814 qui
2312 1734 2458 1799 edu-

510 1818 611 1882 xit
666 1836 778 1882 nos
831 1839 864 1883 e
906 1821 1073 1881 terra
1117 1816 1403 1899 Aegypti,
1445 1817 1752 1881 nescimus
1795 1818 1952 1899 quid
1991 1818 2302 1886 acciderit.
2391 1819 2452 1884 2.

515 1903 605 1967 Et
636 1904 806 1968 dixit
837 1903 974 1969 iuis
1006 1901 1300 1968 Aharon:
1333 1898 1589 1984 Eripite
1613 1904 1659 1986 ¹)
1700 1903 1961 1969 mares
2003 1924 2252 1982 aureas,
2297 1924 2458 1987 quae

500 1995 656 2054 suat
708 1989 778 2053 in
842 1986 1110 2055 auribus
1164 2007 1438 2053 uxorum
1481 1993 1832 2054 vestrarum
1849 2039 1864 2069 ,
1906 1988 2187 2070 filiorum
2228 1995 2455 2057 vestro-

506 2095 653 2139 rum
686 2079 742 2140 et
777 2075 1066 2157 filiarum
1104 2078 1454 2140 vestrarum
1470 2125 1485 2153 ,
1530 2078 1712 2157 atque
1754 2076 1986 2157 afferte.
2076 2076 2134 2142 3.
2183 2075 2456 2158 Eripue-

505 2166 656 2225 runt
701 2182 745 2225 a
799 2180 867 2225 se
921 2161 1120 2240 iyitur
1164 2164 1322 2225 totus
1359 2160 1653 2242 ‘populus
1695 2162 1957 2227 inaures
2000 2182 2247 2240 aureae,
2293 2183 2454 2244 quae

507 2252 688 2312 erant
727 2247 798 2311 in
826 2246 1092 2312 auribus
1135 2265 1362 2327 corma,
1406 2251 1465 2310 et
1504 2247 1844 2313 adulertmt
1885 2248 1972 2313 ad
1998 2247 2263 2314 Aharon
2285 2273 2304 2312 .-
2388 2249 2449 2314 4.

732 2332 963 2413 accepit
1002 2332 1079 2398 de
1120 2352 1314 2397 manu
1348 2351 1577 2413 corma,
1621 2334 2037 2415 formavitque
2074 2333 2237 2400 illud
2275 2335 2450 2420 stylo,

504 2423 565 2483 et
602 2418 752 2501 feeit
791 2438 869 2482 ex
911 2416 1020 2483 illo
1053 2417 1319 2483 vitulum
1356 2418 1644 2500 fusilem:
1678 2424 1737 2484 εἰ
1776 2419 2100 2486 dixerunt.-
2140 2420 2267 2486 Isti
2308 2425 2455 2487 sunt

509 2504 607 2570 dii
661 2505 760 2569 tui
811 2522 846 2567 o
905 2502 1144 2582 Israel,
1206 2504 1318 2586 qm·
1371 2501 1719 2571 eduxerunt
1773 2510 1827 2570 te
1868 2526 1901 2569 e
1949 2510 2121 2570 terra
2159 2504 2449 2590 Aeyypti.

508 2589 569 2656 5.
623 2590 799 2672 Quod
841 2589 1059 2654 videns
1102 2588 1386 2668 Ahwron,
1431 2595 1575 2655 tunc
1616 2590 1970 2672 aedificavit
2010 2592 2208 2657 altam-e
2246 2613 2455 2658 coram

509 2696 612 2742 eo.-
653 2682 708 2741 et
750 2675 1041 2740 clamavit
1081 2674 1375 2753 Aharcm,
1437 2676 1750 2759 dixitque.-
1798 2676 2151 2743 Solennitas
2192 2677 2457 2744 Ieliovae
2498 2684 2504 2703 ⁴

515 2762 639 2827 erit
686 2781 850 2828 eras,
941 2761 1001 2825 6.
1053 2760 1142 2826 Et
1194 2781 1434 2827 summo
1485 2782 1669 2828 mane
1718 2768 2125 2829 smrexemnt
2180 2765 2457 2847 sequenti

510 2848 635 2925 die,
681 2852 866 2946 atque
899 2846 1246 2947 obtulerunt
1287 2846 1661 2928 holocausta,
1705 2853 1762 2914 et
1790 2849 2190 2915 adduxerunt
2221 2851 2458 2918 hostias

503 2933 2233 3100 fflffiessfffffffffffflfffflffiaafffflmm
2273 2942 2330 3003 ⁶²
2370 2936 2462 3003 '²³'

689 3188 904 3257 Exodi
918 3192 1028 3273 31,
1048 3193 1149 3259 18.
1187 3189 1276 3257 Et
1296 3191 1465 3258 dedit
1486 3190 1663 3257 Deus
1685 3191 1877 3259 Mosi.
1932 3192 2311 3261 Notandum
2336 3203 2456 3274 est,

516 3286 859 3361 postquam
905 3299 1036 3344 vox
1104 3280 1230 3344 Dei
1276 3277 1501 3344 audita
1543 3276 1756 3343 fuerat
1801 3300 1837 3344 e
1880 3279 2095 3345 medio
2154 3280 2346 3365 igne,
2393 3290 2460 3347 ct

517 3362 744 3430 decem
800 3363 1005 3429 verba
1061 3364 1458 3447 protulerat,
1504 3373 1574 3430 et
1617 3363 1945 3448 descripta
1988 3367 2202 3432 fuerat
2243 3369 2458 3433 taber-

519 3447 738 3515 naculi
783 3449 1027 3529 forma,
1073 3472 1235 3534 opus
1278 3453 1477 3516 etiam
1522 3449 1603 3515 ab
1636 3451 1998 3523 ,artificibus
2044 3452 2458 3538 completum,

515 3534 669 3601 licet
714 3535 1004 3600 nondum
1049 3543 1314 3619 peracta
1358 3544 1531 3603 esset
1567 3536 1905 3617 dedicatio,
1950 3538 2184 3605 Mosen
2227 3562 2456 3607 rursus

515 3620 717 3686 fuisse
773 3621 1165 3687 subductum
1220 3623 1301 3688 ab
1360 3622 1701 3688 hominum
1760 3633 2112 3709 conspectu
2156 3634 2223 3690 et
2266 3626 2459 3692 coha-

516 3706 863 3784 bitatione,
924 3717 1003 3772 ut
1059 3728 1356 3773 seorsum
1401 3706 1815 3788 edoceretur,
1862 3731 1990 3794 quo
2032 3710 2244 3776 fidelis
2280 3723 2457 3779 esset

517 3792 681 3877 legis
711 3792 1054 3877 interpres.
1119 3794 1292 3859 Nam
1340 3793 1562 3861 decem
1610 3794 1874 3879 quidem
1914 3795 2130 3863 verbis
2169 3799 2457 3864 breviter

514 3878 904 3962 complexus
979 3879 1196 3945 fuerat
1266 3878 1451 3947 Deus
1529 3902 1851 3947 summam
1920 3884 2060 3949 eius
2123 3881 2457 3949 doctrinae

516 3985 685 4047 quae
751 3963 833 4029 ad
892 3985 1191 4031 normam
1258 3967 1362 4048 pie
1417 3966 1718 4050 iusteque
1778 3969 2045 4034 vivendi
2099 3970 2456 4035 sufficeret:

519 4071 751 4115 verum
776 4053 1141 4117 necessaria
1177 4051 1308 4118 fuit
1338 4052 1572 4118 clarior
1593 4053 1960 4136 explicatio,
1999 4077 2193 4139 quam
2232 4063 2459 4139 postea

518 4136 737 4203 Moses
795 4135 1062 4202 addidit.
1162 4137 1310 4205 Hac
1381 4137 1462 4203 de
1526 4158 1724 4205 causa
1782 4148 2093 4223 tanquam
2157 4142 2226 4207 in
2295 4141 2458 4225 ady-

518 4232 661 4286 tum
722 4222 999 4289 coeleste
1057 4235 1357 4307 receptus
1415 4236 1545 4304 est,
1609 4234 1683 4290 ut
1727 4227 2137 4293 familiariter
2181 4226 2459 4293 disceret

519 4328 942 4392 quaecunque
1000 4309 1083 4374 ad
1141 4310 1399 4393 plenam
1467 4309 1873 4396 solidamque
1943 4313 2164 4381 decem
2228 4314 2456 4379 verbo-

516 4415 667 4458 rum
727 4393 1229 4480 intelligentiam
1273 4397 1690 4480 spectabant:
1747 4399 1903 4481 quia
1956 4398 2037 4464 ad
2095 4399 2456 4483 genuinum

519 4501 783 4546 sensum
850 4503 1191 4565 nunquam
1261 4491 1697 4567 penetrasset,
1753 4485 1879 4551 nisi
1939 4486 2080 4551 Deo
2140 4486 2459 4571 magistro

518 4587 594 4633 ac
652 4565 933 4633 doctore.
1024 4568 1217 4635 Unde
1274 4569 1680 4654 colligimus,
1738 4572 2025 4655 quinque
2078 4570 2281 4639 libros
2326 4594 2455 4638 non

516 4650 710 4717 modo
761 4663 1120 4735 praeeunte
1176 4654 1306 4720 Dei
1364 4656 1597 4739 spiritu
1653 4658 2025 4740 scripsisse,
2082 4681 2310 4724 verum
2371 4660 2456 4724 si-

517 4738 657 4803 cuti
717 4738 903 4804 Deus
973 4739 1113 4823 ipse
1180 4763 1291 4806 ore
1368 4741 1452 4805 ad
1511 4762 1582 4806 os
1639 4742 1965 4827 loquendo
2022 4755 2456 4827 suggesserat.

519 4822 744 4904 Quare
798 4824 1024 4891 diebus
1083 4825 1169 4891 40
1237 4826 1571 4893 silentium
1617 4829 1834 4909 coluit,
1872 4838 1945 4894 ut
1987 4829 2189 4895 libere
2234 4838 2459 4912 postea

518 4906 690 4995 (Deo
750 4910 1006 4998 autore)
1058 4911 1451 4996 loqueretur.
1541 4912 1658 4980 Sic
1713 4936 1938 4980 omnes
1995 4936 2185 4980 veros
2254 4915 2459 4982 eccle-

518 4995 655 5060 siae
711 5008 1007 5080 pastores
1060 4998 1409 5082 discipulos
1467 5022 1610 5065 esse
1653 5009 1925 5084 oportet,
1972 5003 2083 5084 qui
2133 5002 2299 5067 nihil
2344 5001 2458 5067 do-

519 5090 710 5146 ceant
780 5084 905 5149 nisi
963 5084 1131 5168 quod
1177 5086 1561 5168 acceperint.
1653 5087 1751 5151 Ac
1810 5088 2071 5152 tametsi
2129 5094 2459 5152 momento

520 5174 782 5250 poterat
803 5169 988 5235 Deus
1028 5192 1296 5237 servum
1334 5192 1527 5237 suum
1572 5172 1863 5238 numeris
1907 5174 2208 5239 omnibus
2254 5172 2466 5240 absol-

526 5290 925 5299 ---——·—-—

663 5335 721 5404 1)
758 5336 830 5391 ln
865 5340 1141 5411 maraine.-
1178 5343 1265 5396 vcl
1302 5342 1589 5397 detrahite.

2567 634 2757 683 vere:
2815 635 2942 698 quo
2978 623 3200 681 tamen
3236 616 3480 681 certius
3516 623 3843 683 constaret
3877 616 4046 683 nihil
4081 637 4229 683 eum
4267 618 4510 685 afferre

2564 699 2695 765 nisi
2740 721 2775 765 e
2810 699 3078 767 coelesti
3115 701 3337 768 schola
3371 702 3757 786 profectum,
3802 702 4241 787 quadraginta
4276 703 4509 772 diebus

2565 795 2908 870 separatus
2965 786 3096 851 fuit
3147 789 3228 853 ab
3273 787 3565 853 humano
3608 809 3867 873 genere,
3920 798 3995 854 ut
4037 787 4310 873 perinde
4354 811 4509 856 eum

2564 871 2973 956 suspicerent
2994 872 3337 939 Israelitae
3360 884 3554 957 atque
3582 874 3890 959 angelum
3927 895 3963 940 ε
3998 876 4180 942 coelo
4211 876 4506 942 missum.

2563 956 2792 1041 Neque
2835 958 3010 1023 enim
3057 967 3387 1025 terrenum
3431 958 3786 1044 quidquam
3822 981 4049 1044 sapere
4092 969 4350 1044 poterat
4392 961 4508 1045 qui

2565 1043 2709 1107 sine
2768 1042 2911 1109 cibo
2968 1054 3035 1107 et
3093 1054 3283 1129 potu,
3337 1045 3607 1128 aliisque
3657 1045 4090 1124 adminiculis,
4134 1046 4316 1112 omni
4358 1069 4504 1113 car-

2563 1128 2669 1193 nis
2723 1129 3105 1194 infirmitate
3169 1138 3416 1198 exutus
3473 1131 3646 1215 apud
3691 1130 3911 1198 Deum
3963 1133 4238 1198 vixerat.
4327 1133 4506 1200 'Pan-

2567 1212 2713 1279 dem
2779 1216 3020 1299 scripta
3075 1215 3348 1281 fuerunt
3405 1216 3628 1283 decem
3672 1217 3875 1284 verba
3916 1218 3985 1283 in
4022 1217 4274 1285 duabus
4318 1219 4507 1285 tabu-

2565 1299 2678 1381 lis,
2737 1321 2821 1365 ne
2870 1320 3158 1383 unquam
3216 1303 3702 1369 interciderent.
3794 1305 4001 1370 Porro
4059 1325 4177 1370 cur
4224 1304 4298 1369 in
4339 1304 4504 1372 duas

2565 1383 2825 1451 tabulas
2868 1387 3064 1452 fuerit
3118 1386 3457 1470 distincta,
3512 1389 3668 1455 alibi
3709 1391 4011 1474 exposui:
4063 1410 4297 1475 nempe
4340 1412 4503 1474 quo·

2567 1471 2747 1536 niam
2808 1470 3061 1538 duabus
3117 1474 3411 1557 partibus
3469 1476 3925 1542 continentur:
3984 1497 4263 1559 quarum
4319 1477 4504 1561 prior

2567 1556 2798 1640 regula
2831 1566 2932 1623 est
2963 1559 3269 1640 pietatis:
3315 1560 3523 1626 altera
3555 1581 3716 1627 vero
3754 1563 4138 1645 praescribit
4179 1561 4503 1645 quomodo

2565 1643 2759 1722 iuste,
2795 1642 3066 1710 innoxie
3101 1654 3166 1710 et
3198 1656 3375 1711 caste
3410 1646 3664 1712 versari
3700 1668 3847 1713 cum
3894 1646 4269 1713 hominibus
4313 1668 4538 1730 opor--

2563 1735 2716 1794 teat.
2805 1728 2910 1793 Ita
2963 1729 3190 1795 ordine
3247 1732 3578 1815 praecedit
3613 1733 3739 1798 Dei
3791 1733 4049 1800 cultus:
4107 1732 4343 1798 deinde
4398 1755 4502 1800 se·

2562 1821 2857 1897 quuntur
2892 1816 3186 1881 caritatis
3237 1817 3468 1884 officia.
3532 1818 3677 1884 Iam
3701 1818 3996 1903 lapideae
4020 1820 4287 1885 fuerunt
4310 1819 4503 1885 tabu·

2561 1898 2696 1965 lae:
2744 1909 2819 1965 ut
2874 1901 3088 1966 solent
3129 1911 3449 1986 perpetua
3483 1915 3907 1970 monumenta
3951 1906 4017 1970 in
4059 1924 4210 1970 aere
4256 1905 4360 1971 vel
4402 1905 4503 1970 la-

2559 1984 2821 2068 pidibus
2857 1986 3160 2070 insculpi.
3226 1988 3454 2073 Digito
3490 1991 3618 2055 Dei
3654 1992 3899 2075 scripta
3932 1990 4134 2056 fuisse
4176 1990 4391 2056 intelli
4437 2013 4498 2057 e:

2559 2072 2711 2155 quia
2759 2072 2902 2137 sine
2959 2072 3244 2140 hominis
3301 2096 3507 2141 manu
3564 2088 3632 2141 ει
3686 2076 3997 2161 artificio,
4072 2097 4312 2143 arcana
4439 2078 4498 2142 ei

2561 2156 2810 2223 virtute
2866 2158 3132 2224 formati
3190 2169 3348 2225 sunt
3404 2161 3831 2228 characteres,
3920 2162 4058 2229 Nec
4113 2164 4355 2227 mirum
4400 2170 4505 2228 est

2558 2243 2949 2326 scripturam
3005 2255 3272 2328 repente
3328 2247 3656 2313 exstitisse
3716 2247 3944 2314 eodem
3991 2248 4116 2313 Dei
4158 2257 4325 2314 nutu
4371 2268 4500 2332 quo

2558 2339 2750 2394 vasta
2807 2336 2872 2393 et
2928 2328 3231 2397 informis
3286 2331 3515 2397 mundi
3560 2334 3853 2413 materia,
3899 2355 4095 2417 quam
4139 2334 4337 2400 cbaos
4381 2355 4500 2399 no·

2558 2415 2832 2495 minant,
2885 2424 3143 2480 mutata
3176 2416 3301 2481 fuit
3342 2426 3416 2483 ut
3452 2417 3823 2485 admirabili
3871 2419 4101 2486 decore
4143 2429 4210 2485 et
4252 2420 4500 2503 pulcri-

2559 2499 2792 2565 tudine
2848 2499 3153 2585 fulgeret.
3243 2502 3370 2569 Est
3427 2512 3646 2569 autem
3707 2504 4153 2589 metaphorica
4206 2505 4499 2590 loquutio

2561 2607 2690 2670 qua
2744 2587 3097 2669 improprie
3156 2585 3239 2653 ad
3298 2589 3514 2655 Deum
3565 2590 3963 2656 transfertur
4020 2591 4190 2675 quod
4237 2591 4501 2659 nonnisi

2560 2672 2629 2736 in
2698 2671 3002 2738 homines
3060 2676 3384 2757 competit.
3470 2675 3701 2759 Neque
3760 2678 3932 2743 enim
3992 2696 4343 2761 corporeus
4399 2688 4501 2744 est

2562 2757 2765 2835 Deus,
2811 2766 2885 2822 ut
2927 2757 3132 2843 digito
3178 2760 3437 2827 scribat.
3528 2761 3621 2827 Et
3663 2762 3804 2828 eius
3848 2762 4062 2829 facere
4107 2763 4274 2828 nihil
4319 2761 4499 2830 aliud

2560 2851 2661 2909 est
2718 2863 2909 2927 quam
2956 2845 3361 2929 praecipere:
3405 2848 3601 2914 sicuti
3646 2847 3885 2914 dicitur
3926 2850 3993 2914 in
4039 2849 4324 2915 Psalmis
4367 2847 4498 2936 (33,

2561 2930 2604 2995 9
2648 2938 2715 2994 ει
2760 2930 2907 3008 148,
2956 2928 3053 3016 5):
3099 2931 3279 2997 Dicit
3321 2940 3388 2998 et
3431 2933 3599 3001 facta
3643 2942 3798 3000 sunt
3840 2936 4091 3000 omnia:
4135 2935 4498 3015 mandavit,

2561 3024 2632 3081 et
2676 3027 2899 3082 creata
2939 3026 3113 3082 sunt.
3201 3018 3438 3084 Multis
3482 3019 3846 3104 plausibilis
3889 3029 3992 3087 est
4033 3020 4361 3106 allegoria,
4406 3022 4498 3087 le-

2561 3120 2713 3186 gem
2780 3101 2980 3168 fuisse
3027 3103 3339 3185 scriptam
3383 3103 3513 3170 Dei
3556 3106 3793 3189 spiritu
3834 3107 3905 3172 in
3948 3106 4301 3189 lapidibus:
4348 3108 4500 3190 quia

2562 3207 2704 3252 eam
2763 3188 2905 3252 sine
2964 3191 3478 3273 regenerationis
3536 3193 3748 3276 gratia
3812 3213 3945 3258 non
3999 3193 4230 3276 recipit
4284 3193 4498 3260 cordis

2562 3273 2771 3338 nostri
2817 3272 3108 3341 durities.
3182 3274 3318 3341 Sed
3355 3276 3544 3343 nobis
3578 3278 3790 3361 potius
3834 3276 4119 3344 tenenda
4162 3288 4262 3344 cst
4304 3279 4501 3344 Pauli

2562 3358 2946 3440 antithesis,
2995 3361 3104 3426 ubi
3142 3361 3266 3427 hac
3302 3370 3459 3427 nota
3508 3362 3772 3429 differre
3814 3365 4228 3448 evangelium
4275 3386 4315 3429 a
4358 3366 4501 3449 lege

2563 3443 2773 3526 docet,
2817 3445 2970 3527 quia
3001 3445 3305 3513 cordibus
3327 3449 3585 3514 carneis
3608 3457 3676 3515 ει
3698 3449 3779 3516 ad
3811 3450 4191 3534 obsequium
4214 3450 4502 3516 subactis

2559 3529 2960 3597 inscribitur.
3049 3533 3138 3597 Et
3197 3554 3354 3598 sane
3428 3536 3705 3618 argutiis
3762 3535 3988 3602 ludere
4032 3537 4303 3603 minime
4345 3557 4502 3603 con-

2561 3617 2777 3697 venit,
2843 3617 2951 3682 ubi
3010 3618 3291 3701 simplex
3336 3618 3466 3684 Dei
3499 3621 3842 3687 consilium
3888 3623 4048 3688 satis
4092 3630 4303 3705 patet,
4348 3643 4492 3688 con-

2562 3703 2884 3784 signatam
2923 3702 3167 3769 scilicet
3203 3705 3403 3770 fuisse
3451 3706 3663 3790 legem
3710 3709 3779 3772 in
3825 3707 4177 3791 lapidibus,
4230 3719 4306 3773 ut
4351 3708 4501 3775 doc-

2562 3789 2778 3854 trinae
2829 3789 2966 3854 eius
3009 3791 3412 3872 perpetuitas
3457 3793 3760 3858 omnibus
3804 3794 4080 3859 saeculis
4124 3795 4393 3877 vigeret.

2733 3873 2949 3939 Exodi
2993 3874 3097 3952 32,
3145 3876 3203 3942 1.
3309 3875 3541 3943 Videas
3594 3883 3802 3944 autem
3847 3881 4144 3962 populus.
4234 3879 4316 3944 In
4378 3880 4502 3945 hac

2560 3958 2835 4024 historia
2870 3961 3267 4045 conspicitur
3303 3960 3702 4030 detestabilis
3740 3964 3956 4047 populi
3994 3965 4313 4048 impietas,
4350 3966 4502 4050 plus

2561 4065 2759 4127 quam
2800 4048 3013 4129 turpis
3055 4047 3495 4132 ingratitudo,
3553 4059 3618 4114 et
3670 4050 4079 4135 prodigiosus
4124 4052 4310 4116 furor
4352 4071 4500 4117 cum

2560 4140 2829 4213 stupore
2872 4133 3274 4198 coniunctus.
3343 4134 3588 4200 Eorum
3634 4156 3830 4201 causa
3873 4137 4095 4202 Moses
4139 4146 4326 4202 extra
4369 4145 4503 4203 ter·

2561 4237 2757 4281 renae
2805 4217 2982 4283 vitae
3026 4227 3274 4284 statum
3319 4228 3586 4287 evectus
3630 4230 3789 4301 erat,
3836 4231 3909 4286 ut
3951 4222 4298 4306 legationis
4343 4244 4502 4290 suae

2560 4300 2876 4367 mandata
2920 4305 3271 4388 acciperet,
3339 4314 3408 4371 et
3451 4317 3527 4372 ut
3569 4316 3758 4373 extra
3802 4309 4312 4374 controversiam
4358 4309 4501 4375 eius

2561 4398 2735 4454 esset
2791 4390 3128 4455 autoritas.
3229 4391 3545 4457 Proterve
3602 4393 3853 4460 iactant
3900 4414 3972 4459 se
4033 4395 4287 4459 nescire
4344 4392 4501 4479 quid

2562 4474 2624 4537 ei
2653 4473 2980 4555 acciderit,
3016 4477 3148 4541 imo
3183 4480 3607 4561 contemptim
3636 4480 3819 4563 quasi
3858 4479 3937 4544 de
3979 4479 4243 4545 homine
4278 4481 4502 4564 ignoto

2562 4558 2935 4642 loquuntur.
3005 4560 3199 4643 Quod
3231 4564 3428 4627 etiam
3466 4565 3596 4629 illis
3641 4566 3934 4650 graviter
3969 4565 4320 4649 exprobrat
4355 4564 4502 4633 Ste-

2560 4645 2822 4728 phanus
2867 4643 3041 4732 (Act.
3089 4649 3148 4727 7,
3194 4646 3338 4734 35):
3419 4649 3548 4717 Hic
3592 4658 3693 4716 est
3733 4651 3953 4717 Moses
3995 4651 4228 4718 salutis
4274 4652 4504 4718 minis-

2565 4740 2697 4807 ter,
2754 4750 2946 4813 quem
2993 4732 3425 4816 repudiarunt
3466 4745 3686 4819 patres
3732 4738 3953 4802 vestri.
4035 4737 4362 4804 Fateatur
4403 4739 4506 4803 fu-

2561 4817 2689 4881 isse
2745 4836 2939 4881 suum
2995 4818 3446 4885 liberatorem:
3500 4822 3752 4887 interea
3806 4823 3946 4887 eius
4005 4824 4367 4889 absentiam
4422 4821 4505 4889 ad

2561 4902 2762 4968 breve
2799 4911 3059 4987 tempus
3113 4926 3246 4970 non
3296 4908 3557 4972 ferunt:
3613 4929 3733 4973 nec
3768 4907 3903 4973 ulla
3945 4909 4089 4974 eius
4133 4911 4507 4975 reverentia

2564 4994 2966 5071 tanguntur,
3037 4990 3162 5056 nisi
3232 4994 3450 5075 ipsum
3515 4992 3801 5059 babeant
3839 4995 3984 5059 -sub
4051 4995 4275 5061 oculis.
4361 4995 4505 5060 Iam

2561 5095 2763 5157 quum
2810 5074 2993 5141 Deus
3039 5077 3170 5143 illis
3216 5080 3397 5159 quasi
3444 5100 3514 5144 se
3552 5087 3963 5163 praesentem
4007 5081 4267 5146 sisteret
4310 5093 4507 5149 noctu

2563 5169 2631 5223 et
2680 5161 2968 5226 interdiu
3024 5164 3094 5227 in
3153 5164 3458 5229 columna
3511 5165 3686 5248 ignis
3744 5175 3811 5230 et
3874 5166 4080 5247 nube,
4136 5176 4508 5251 contempta

2563 5253 2696 5310 tam
2719 5246 2965 5329 insigni
3006 5249 3282 5333 vivaque
3317 5250 3564 5333 gloriae
3588 5259 3654 5315 ct
3679 5251 3943 5318 virtutis
3981 5253 4216 5336 effigie,
4250 5273 4512 5337 reprae-

2564 5331 2814 5396 sentari
2852 5333 2975 5398 sibi
2997 5335 3301 5420 flagitant
3322 5337 3393 5400 in
3415 5344 3673 5402 mortuo
3695 5338 4063 5404 simulacro.
4116 5336 4297 5420 Quid
4332 5340 4514 5405 enim
