5017 6142
422 4687 434 4696 ’
511 4694 640 4740 nus
704 4673 874 4758 quod
943 4673 1125 4739 Deus
1205 4673 1648 4756 adoptaverat.

509 455 639 522 359

510 644 842 729 significat
883 644 1135 721 Moses,
1182 642 1552 727 quicunque
1611 640 1997 725 obstrepunt
2039 639 2215 721 Deo,
2270 662 2459 727 posse

511 737 735 815 aperte
779 731 1041 815 coargui
1086 729 1325 811 impiae
1359 728 1782 814 petulantiae,
1825 728 1981 811 quia
2025 747 2282 794 summa
2317 727 2458 794 ubi·

511 836 637 900 que
697 816 988 915 aequitas
1031 815 1372 899 refulgeat.
1462 813 1590 880 Ubi
1641 813 1929 892 reddidi,
1976 813 2159 879 Deus
2202 822 2306 879 est
2347 835 2460 879 ve-

512 903 695 980 ritas,
731 901 844 966 ahi
878 901 1107 986 legunt
1139 902 1210 964 in
1229 900 1522 983 genitivo
1545 920 1735 966 casu:
1781 899 2118 965 Veritatis.
2181 898 2455 966 Utrum-

513 1008 642 1072 que
686 1007 917 1053 verum
959 995 1086 1062 est,
1133 996 1199 1053 et
1242 1007 1325 1051 ex
1368 985 1727 1068 scripturae
1770 1005 1923 1052 usu:
1984 986 2191 1068 magis
2234 993 2459 1049 tamen

512 1073 884 1157 emphatica
941 1083 1041 1139 est
1104 1072 1455 1155 appositio,
1521 1070 1675 1136 dum
1743 1071 2215 1155 pronunciatur
2274 1069 2458 1136 Deus

515 1180 648 1225 non
706 1167 964 1225 tantum
1021 1178 1252 1236 verax,
1303 1157 1416 1222 sed
1462 1157 1657 1221 etiam
1705 1156 1852 1239 ipsa
1895 1156 2157 1223 veritas.
2249 1154 2455 1238 Quid-

512 1243 667 1328 quid
725 1245 836 1324 sit,
892 1244 1173 1310 refertur
1230 1243 1352 1308 hoc
1412 1240 1493 1306 ad
1552 1263 1777 1308 omnes
1835 1243 1945 1326 qui
1989 1243 2058 1307 in
2094 1241 2222 1307 Dei
2257 1241 2458 1307 verbo

513 1330 971 1414 acquiescunt:
1051 1331 1204 1413 quia
1259 1347 1595 1412 nunquam
1662 1347 1772 1393 eos
1850 1327 2277 1394 frustrabitur
2340 1348 2463 1394 sua

515 1415 929 1499 exspectatio.
1025 1414 1132 1480 Ita
1195 1413 1454 1499 oblique
1541 1414 1975 1497 exprobratur
2047 1412 2287 1498 populo
2344 1434 2464 1479 sua

510 1501 895 1580 infidelitas,
952 1502 1060 1585 qui
1114 1501 1329 1566 Deum
1379 1520 1510 1565 non
1567 1499 1760 1565 modo
1812 1498 2125 1584 probatae
2174 1519 2464 1584 comper-

509 1595 747 1671 taeque
789 1585 973 1666 fidei,
1032 1584 1146 1655 sed
1188 1586 1434 1652 fontem
1477 1585 1695 1668 ipsum
1743 1585 2036 1652 veritatis
2082 1584 2460 1651 deseruerit.

511 1671 707 1755 Quod
741 1673 1050 1756 sequitur,
1089 1692 1219 1737 non
1257 1692 1400 1737 esse
1434 1671 1844 1753 iniquitatem
1887 1674 1956 1737 in
1993 1673 2154 1749 Deo,
2202 1671 2464 1737 tametsi

509 1758 825 1843 frigidum
880 1757 1267 1841 quibusdam
1312 1756 1605 1837 videtur,
1662 1777 1976 1841 magnum
2032 1764 2255 1822 tamen
2299 1778 2460 1841 pon·

512 1844 636 1911 dus
691 1844 908 1910 habet.
1000 1842 1261 1910 Scimus
1320 1844 1493 1909 enim
1550 1851 1623 1908 ut
1676 1842 2033 1926 plurimum
2078 1843 2172 1907 ita
2205 1844 2275 1907 in
2323 1844 2463 1909 suis

514 1929 939 2014 subterfugiis
1005 1928 1302 1996 homines
1361 1927 1687 2012 desipere,
1746 1940 1820 1994 ut
1880 1929 2095 1994 Deum
2155 1928 2460 2011 quodam-

513 2014 709 2081 modo
789 2037 974 2081 reum
1053 2023 1446 2098 supponant.
1533 2014 1683 2079 Etsi
1754 2026 1973 2079 autem
2040 2014 2263 2097 palam
2328 2036 2461 2078 non

515 2101 765 2167 audent
830 2122 983 2167 eum
1045 2101 1409 2180 criminari,
1486 2121 1556 2167 se
1623 2109 1845 2165 tamen
1924 2100 2264 2165 absolvere
2330 2121 2460 2164 non

515 2185 819 2252 dubitant
879 2208 1024 2253 cum
1094 2196 1319 2270 aperta
1382 2186 1520 2254 eius
1585 2184 1994 2252 contumelia.
2081 2184 2240 2251 Ideo
2308 2186 2460 2251 alibi

515 2271 704 2338 Deus
767 2272 942 2355 apud
1007 2273 1391 2357 prophetam
1459 2293 1650 2338 suum
1715 2271 1969 2356 quaerit
2035 2270 2190 2355 quid
2253 2271 2324 2337 in
2391 2292 2461 2336 se

516 2358 878 2440 iniquitatis
914 2358 1414 2441 deprehenderit
1447 2358 1730 2441 populus
1764 2355 1916 2443 (Ier.
1955 2358 2015 2437 2,
2058 2357 2160 2443 5):
2205 2366 2271 2422 et
2308 2357 2460 2424 alibi

517 2443 889 2528 expostulat
944 2465 1013 2510 se
1070 2443 1217 2509 odio
1262 2453 1329 2509 et
1393 2444 1661 2508 infamia
1702 2442 1903 2509 fuisse
1952 2452 2330 2527 gravatum,
2387 2462 2463 2508 ac

517 2530 576 2595 si
635 2550 939 2612 perverse
998 2551 1144 2596 cum
1202 2530 1418 2613 impiis
1473 2529 1604 2595 illis
1640 2537 1864 2613 ageret
1906 2527 2122 2614 (Ezec.
2169 2529 2280 2608 23,
2327 2527 2458 2615 35).

513 2614 648 2682 Ubi
687 2625 909 2680 autem
953 2637 992 2681 a
1037 2615 1275 2681 talibus
1318 2616 1663 2682 calumniis
1708 2635 1780 2679 se
1812 2614 2122 2693 vindicat,
2169 2616 2463 2698 sequitur

515 2700 685 2767 nihil
751 2700 979 2784 culpae
1034 2702 1103 2765 in
1172 2721 1250 2766 eo
1314 2700 1632 2777 residere,
1712 2699 1826 2765 sed
1902 2702 2060 2766 satis
2138 2721 2463 2785 superque

512 2786 889 2938 gonvictum
948 2787 1161 2852 teneri
1219 2807 1445 2853 eorum
1504 2786 1720 2852 scelus
1779 2787 1891 2868 qui
1935 2807 2006 2851 se
2051 2785 2132 2852 ab
2176 2808 2252 2852 eo
2311 2786 2463 2852 sub-

558 2882 780 2939 uonnt.

688 2958 748 3023 5.
814 2955 1111 3039 Corrupit
1149 2976 1297 3023 sese.
1387 2956 1633 3023 Securo
1680 2957 1812 3023 iam
1860 2957 2076 3024 Moses
2121 2958 2189 3024 in
2237 2958 2466 3043 populi

516 3043 861 3128 perfidiam
929 3042 1297 3110 invehitur:
1375 3053 1442 3109 et
1508 3043 1751 3110 liberae
1816 3042 2252 3127 obiurgationi
2321 3045 2466 3110 vela

515 3129 775 3214 pandit:
846 3129 1000 3212 quia
1057 3129 1115 3195 si
1172 3129 1356 3195 Deus
1414 3138 1631 3194 rectus
1690 3136 1754 3193 et
1797 3150 2031 3210 verax,
2094 3128 2247 3195 inde
2304 3130 2464 3197 satis

515 3215 784 3300 patebat
807 3215 1144 3281 Israelitas
1179 3224 1443 3299 gentem
1480 3235 1621 3280 esse
1659 3234 1930 3297 pravam
1967 3228 2034 3281 et
2070 3236 2464 3300 perversam.

515 3301 733 3380 Natio,
768 3301 999 3384 inquit,
1036 3321 1346 3384 perversa
1379 3301 1675 3383 corrupit
1696 3321 1765 3366 se
1796 3320 1952 3385 erga
1986 3301 2193 3382 illum,
2230 3323 2465 3385 nempe

515 3407 710 3472 quem
755 3407 968 3470 nuper
1010 3388 1296 3469 perfecta
1339 3385 1625 3452 iustitiae
1660 3397 1726 3452 et
1760 3385 1912 3452 fidei
1952 3385 2142 3453 laude
2185 3389 2462 3455 ornavit.

515 3473 653 3539 Eos
696 3479 918 3537 autem
961 3480 1251 3551 accusat,
1304 3471 1473 3556 quod
1513 3479 1662 3555 post
1701 3473 2090 3556 promissam
2134 3471 2280 3539 Deo
2323 3495 2462 3540 cas-

514 3560 773 3625 titatem
831 3558 1112 3641 turpiter
1176 3557 1257 3623 ad
1340 3556 1616 3641 quodvis
1694 3559 1781 3623 fla
1828 3557 2016 3625 itium
2087 3579 2157 3625 se
2224 3561 2461 3642 prosti-

517 3645 786 3710 tuerint.
874 3642 1166 3709 Dubium
1227 3663 1360 3708 non
1418 3652 1517 3709 est
1574 3644 1735 3727 quin
1826 3645 1882 3709 is
1941 3644 2252 3727 epithetis
2311 3667 2459 3731 gra-

515 3732 687 3797 viter
745 3729 1080 3794 vulnerati
1137 3728 1406 3793 fuerint:
1463 3736 1531 3794 et
1582 3730 1862 3795 fuissent
1918 3751 2186 3814 prorsus
2230 3731 2312 3796 ad
2356 3753 2459 3796 ra-

514 3817 687 3884 biem
734 3814 964 3894 adacti,
1009 3814 1151 3901 nisi,
1181 3813 1334 3896 quia
1367 3812 1681 3880 videbant
1722 3815 2294 3900 incomparabilem
2333 3816 2463 3883 Dei

513 3923 779 3968 servum
825 3920 1028 3984 quum
1062 3901 1196 3965 iam
1231 3898 1314 3965 ad
1352 3909 1627 3966 mortem
1662 3901 1800 3966 eius
1844 3899 2151 3968 mandato
2193 3913 2462 3968 vocatus

512 3999 702 4065 esset,
748 3997 1058 4070 tanquam
1103 4006 1140 4051 e
1175 3984 1374 4052 coelis
1416 3986 1609 4070 loqui.
1699 3987 1852 4053 Vox
1893 3988 2115 4071 itaque
2157 3990 2463 4054 morituri

510 4072 823 4152 hominis,
880 4092 1103 4138 eorum
1149 4072 1522 4157 superbiam
1567 4073 1983 4155 compescuit,
2034 4080 2111 4138 ut
2153 4074 2282 4139 iam
2328 4096 2461 4140 non

511 4157 829 4224 auderent
869 4166 1182 4241 tanquam
1227 4159 1485 4224 mortali
1520 4179 1593 4224 se
1637 4179 1989 4243 opponere:
2035 4167 2264 4244 postea
2308 4182 2461 4226 vero

512 4242 713 4328 q'uam
770 4243 1027 4326 publica
1082 4246 1465 4325 autoritate,
1522 4256 1717 4329 atque
1776 4246 2070 4311 omnium
2116 4267 2459 4328 consensu,

511 4336 779 4415 recepta
823 4328 946 4394 fuit
989 4327 1351 4411 damnatio,
1396 4330 1616 4396 minus
1665 4329 1941 4396 liberum
1989 4331 2113 4398 fuit
2154 4333 2458 4399 insanire.

511 4415 841 4481 Inseritur
894 4436 1014 4499 per
1054 4415 1326 4481 modum
1378 4416 1895 4499 anticipationis,
1959 4437 2070 4482 eos
2124 4438 2255 4482 non
2318 4440 2462 4485 esse

510 4501 707 4568 filios:
746 4500 900 4585 quia
935 4500 1173 4583 alioqui
1210 4511 1583 4585 promptum
1620 4502 1856 4569 fuisset
1889 4505 2207 4588 excipere,
2246 4505 2463 4573 minus

512 4586 982 4655 contumeliose
1028 4588 1442 4653 tractandum
1497 4608 1640 4654 esse
1698 4608 1956 4655 sacrum
2004 4588 2309 4655 Abrahae
2351 4613 2460 4677 ge-

1739 4674 1956 4760 Negat
2019 4695 2176 4758 ergo
2244 4676 2462 4744 Moses

512 4781 656 4827 esse
720 4759 919 4835 filios,
993 4761 1145 4842 quia
1210 4759 1342 4824 sint
1405 4760 1587 4825 natio
1655 4781 1981 4844 perversa.
2069 4760 2217 4826 Etsi
2283 4763 2459 4828 enim

513 4843 774 4929 adoptio
809 4865 1069 4928 semper
1102 4846 1296 4909 firma
1337 4846 1537 4924 stetit,
1583 4846 1684 4911 vis
1720 4857 1936 4912 tamen
1982 4848 2124 4913 eius
2160 4849 2463 4914 restricta

512 4931 640 4997 fuit
698 4930 782 4997 ad
841 4938 1094 5015 partem
1145 4931 1451 5009 electam,
1523 4940 1597 4996 ut
1654 4932 1838 4997 salvo
1905 4932 2163 4999 foedere
2221 4935 2462 5020 vulgus

512 5017 730 5102 ipsum
779 5017 1041 5084 reiicere
1089 5019 1374 5102 potuerit
1418 5017 1618 5084 Deus.
1710 5018 1964 5083 Verum
2010 5040 2135 5103 quo
2178 5039 2286 5084 res
2328 5021 2462 5089 cla-

513 5103 653 5169 rius
695 5103 1114 5188 expediatur,
1160 5101 1519 5169 tenendum
1560 5110 1692 5184 est,
1753 5104 2056 5187 spiritum
2103 5106 2462 5174 secundum

514 5187 811 5254 diversas
876 5189 1163 5256 rationes
1228 5187 1587 5275 hypocritis
1651 5210 1827 5256 nunc
1891 5190 2211 5271 tribuere,
2283 5215 2461 5263 nuno

515 5274 804 5340 adimere
848 5296 1085 5341 nomen
1129 5275 1413 5342 filiorum
1458 5276 1619 5341 Dei:
1677 5276 1829 5359 quia
1886 5275 2215 5343 interdum
2261 5300 2382 5347 exa
2432 5318 2462 5331 -

515 5368 785 5444 geratur
840 5381 1063 5427 eorum
1116 5362 1388 5444 crimen,
1449 5360 1562 5428 ubi
1608 5368 1742 5427 tam
1788 5360 2094 5428 Abrahae
2139 5370 2205 5428 et
2244 5365 2393 5434 Iaco
2438 5368 2461 5433 i

1920 451 2331 520 REDITUS
2374 452 2506 520 AD
2552 449 3096 519 HISTORIAM.

4373 447 4506 515 360

2561 640 2684 706 filii
2727 659 2927 726 quam
2968 639 3177 724 ipsius
3211 639 3338 706 Dei
3373 648 3717 705 vocantur:
3761 638 3947 705 cuius
3987 639 4084 704 rei
4118 638 4320 722 paulo
4352 647 4501 722 post

2562 727 2935 810 exemplum
2978 733 3292 793 occurret.
3336 725 3593 791 Verum
3636 732 3713 789 ut
3736 731 3981 791 temere
4021 724 4289 809 gloriari
4333 724 4505 791 desi·

2563 821 2759 892 nant,
2817 811 3128 878 dicuntur
3170 831 3301 877 non
3346 832 3489 877 esse
3530 809 3684 888 filii,
3735 810 3890 895 quia
3931 810 4065 875 sint
4113 810 4504 895 degeneres:

2560 898 2836 982 ideoque
2879 896 3194 965 divinitus
3236 897 3546 980 abdicati,
3603 919 3687 961 ne
3727 896 4007 981 gradum
4054 895 4322 963 honoris
4365 917 4505 962 am-

2563 984 2737 1067 plius
2781 984 3128 1049 retineant.
3217 983 3364 1050 Hoc
3405 1003 3605 1049 sensu
3648 991 3847 1068 negat
3890 983 4109 1048 Moses
4153 1003 4293 1049 esse
4336 983 4508 1049 filios

2563 1070 2677 1154 qui
2721 1070 2937 1135 Deum
2998 1078 3249 1153 patrem
3306 1069 3812 1154 abnegaverant.
3899 1067 4186 1134 Additur
4236 1068 4305 1133 id
4361 1089 4510 1136 esse

2562 1155 2810 1221 factum
2869 1157 3164 1238 ipsorum
3221 1156 3510 1221 macula:
3566 1155 3693 1219 nisi
3750 1154 3959 1238 magis
3997 1155 4248 1237 placeat
4287 1155 4508 1239 legere

2565 1249 2905 1324 corruptos
2968 1241 3166 1307 fuisse
3232 1242 3370 1307 suis
3427 1239 3732 1320 maculis,
3797 1249 3869 1304 ut
3922 1240 4019 1305 ita
4074 1240 4330 1307 macula
4386 1259 4508 1324 pro

2565 1328 2727 1393 vitio
2771 1335 3098 1393 sumatur:
3154 1327 3324 1410 quod
3368 1325 3648 1392 libenter
3695 1325 4075 1409 amplector,
4136 1346 4509 1410 quanquam

2565 1411 2898 1481 diversum
2956 1433 3226 1479 sensum
3276 1433 3407 1478 non
3449 1412 3701 1490 reiicio,
3761 1430 3994 1494 nempe
4051 1413 4321 1479 cessisse
4377 1412 4513 1478 illis

2566 1497 3023 1565 alienationem
3078 1519 3119 1564 a
3175 1496 3321 1564 Deo
3378 1498 3450 1562 in
3506 1497 3966 1583 ignominiam,
4020 1497 4121 1564 vel
4182 1498 4509 1566 maculam

2568 1583 2899 1651 dedecoris
2943 1605 3065 1650 sua
3101 1584 3378 1669 perfidia
3419 1583 3842 1651 contraxisse.

2738 1671 2797 1735 6.
2867 1668 3129 1736 Iehovae
3193 1669 3551 1736 retribuetis
3614 1669 3802 1735 istud.
3891 1668 4034 1735 Iam
4093 1689 4222 1753 quo
4282 1668 4510 1754 populi

2565 1755 3105 1839 ingratitudinem
3162 1757 3375 1840 magis
3427 1755 3861 1838 ignominiose
3919 1752 4253 1835 traducat,
4316 1755 4512 1821 bene-

2567 1842 2715 1907 ficia
2764 1841 2997 1925 quibus
3041 1862 3193 1907 eum
3239 1841 3425 1907 Deus
3467 1840 3590 1908 sibi
3633 1841 4074 1907 obstrinxerat
4116 1861 4512 1908 commemo-

2567 1947 2713 1991 rare
2785 1928 3031 2010 incipit.
3122 1928 3289 1992 Nam
3357 1947 3483 2011 quo
3561 1926 3896 1993 liberalius
3966 1927 4308 1994 nobiscum
4372 1927 4515 2012 agit

2567 2013 2781 2092 Deua,
2834 2034 2909 2079 eo
2962 2014 3170 2097 magis
3230 2013 3495 2080 accendi
3541 2013 3723 2079 decet
3783 2013 4044 2096 pietatis
4103 2012 4392 2079 studium
4440 2014 4514 2078 in

2567 2098 2867 2166 cordibus
2907 2101 3176 2166 nostris:
3236 2099 3369 2165 imo
3424 2100 3565 2166 eius
3623 2098 3911 2176 bonitas,
3971 2098 4246 2165 simulac
4301 2099 4514 2183 perci-

2566 2185 2784 2269 pimus
2818 2186 2958 2251 eius
2993 2191 3279 2270 gustum,
3323 2206 3443 2251 nos
3479 2185 3558 2250 ad
3599 2206 3670 2250 se
3705 2204 3933 2267 rapere
3968 2184 4260 2251 debebat.
4329 2183 4516 2250 Deus

2568 2279 2789 2337 autem
2846 2292 3048 2355 quum
3105 2292 3363 2356 semper
3419 2270 3749 2338 beneficus
3809 2270 4007 2336 fuerit
4078 2290 4234 2355 erga
4299 2278 4514 2336 totum

2566 2357 2929 2423 humanum
2974 2377 3220 2442 genus,
3264 2356 3652 2423 immensam
3700 2376 3857 2422 suae
3901 2356 4225 2441 largitatis
4259 2358 4516 2440 copiam

2567 2446 2639 2507 in
2698 2443 3006 2526 populum
3054 2441 3239 2507 illum
3301 2443 3618 2527 singulari
3671 2441 3864 2508 modo
3917 2442 4327 2525 profuderat:
4390 2443 4516 2509 hac

2565 2529 2772 2613 igitur
2827 2530 2896 2593 in
2954 2528 3239 2594 medium
3286 2530 3648 2613 proposita,
3709 2527 3996 2595 ostendit
4039 2529 4261 2594 Moses
4316 2549 4512 2612 quam

2569 2615 2852 2698 turpiter
2895 2614 3200 2699 ingratus
3257 2616 3452 2680 fuerit
3495 2615 3793 2699 populus.
3882 2614 4105 2680 Primo
4146 2614 4515 2699 interroga-

2569 2702 2703 2767 tive
2739 2701 3109 2785 expostulat
3144 2721 3226 2765 an
3263 2701 3656 2784 respondeat
3691 2702 3820 2766 ista
3854 2720 4102 2768 merces
4143 2701 4515 2785 insignibus

2568 2784 2698 2852 Dei
2757 2786 3113 2852 beneficiis:
3189 2784 3428 2852 deinde
3477 2787 3558 2852 ad
3615 2788 3825 2870 ipsam
3886 2787 4334 2852 recitationem
4400 2787 4514 2851 de-

2569 2872 2839 2938 scendit.
2930 2871 3204 2954 Quaerit
3261 2893 3414 2955 ergo
3474 2894 3560 2939 an
3605 2871 3790 2939 Deus
3848 2894 3977 2937 non
4024 2873 4223 2937 fuerit
4286 2893 4516 2938 eorum

2566 2967 2755 3043 pater
2798 2980 2883 3024 ex
2917 2979 3043 3042 quo
3085 2957 3450 3041 adoptionis
3485 2957 3734 3024 honore
3769 2978 3880 3025 eos
3923 2959 4231 3043 dignatus
4264 2958 4514 3024 fuerat:

2568 3044 2689 3111 sub
2734 3065 2864 3127 quo
2921 3065 3053 3110 uno
3109 3063 3187 3111 ca
3230 3044 3322 3109 ite
3380 3044 3590 3110 multa
3646 3043 4170 3127 comprehendit:
4231 3044 4383 3128 quia
4425 3065 4517 3109 ex

2569 3130 2693 3197 hoc
2756 3131 2936 3196 fonte
2999 3152 3193 3196 mana
3239 3139 3307 3195 at
3371 3129 3685 3215 quidquid
3753 3129 4213 3196 beneficiorum
4276 3131 4346 3194 in
4403 3150 4518 3197 eos

2569 3217 2935 3284 contulerat
2997 3217 3200 3282 Deus.
3288 3216 3545 3282 Verum
3611 3226 3686 3281 ut
3759 3216 4023 3300 singula
4090 3235 4207 3298 pro
4281 3217 4516 3281 merito

2567 3324 2703 3369 non
2760 3301 3249 3387 expendantur,
3299 3322 3465 3386 quae
3515 3311 3726 3386 potest
3784 3302 4074 3369 sanctior
4124 3302 4285 3385 fingi
4351 3300 4518 3368 obli-

2567 3389 2747 3475 gatio
2804 3409 2999 3473 quam
3060 3398 3135 3454 ut
3194 3389 3375 3454 Deus
3430 3397 3694 3472 gentem
3752 3408 3956 3452 unam
4012 3408 4098 3453 ex
4153 3396 4289 3453 toto
4356 3387 4518 3453 orbe

2569 3474 2692 3541 sibi
2730 3475 3065 3559 delegerit,
3109 3475 3295 3541 cuius
3330 3481 3517 3557 pater
3550 3481 3722 3540 esset
3764 3473 4086 3558 singulari
4121 3473 4514 3559 privilegio?

2567 3562 2741 3627 Nam
2807 3561 2931 3627 etsi
2994 3560 3327 3627 interdum
3395 3562 3614 3626 cuncti
3670 3559 3977 3626 mortales
4042 3557 4374 3644 (quoniam
4429 3558 4519 3625 ad

2568 3648 2698 3714 Dei
2719 3647 3072 3731 imaginem
3096 3647 3357 3712 formati
3390 3645 3573 3732 sunt)
3608 3655 3922 3714 vocantur
3957 3646 4099 3712 eius
4141 3645 4279 3723 filii,
4321 3667 4518 3730 pecu·

2567 3734 2731 3799 liare
2799 3733 2923 3799 hoc
2988 3741 3209 3798 tamen
3274 3731 3399 3797 fuit
3461 3730 3771 3798 Abrahae
3835 3731 3986 3798 filiis
4054 3731 4307 3798 censeri
4371 3733 4516 3797 eius

2567 3821 2754 3887 filios.
2844 3821 3063 3901 Atque
3131 3826 3203 3883 ut
3267 3819 3495 3901 probet
3561 3819 3778 3885 Moses
3843 3838 3973 3883 non
4041 3838 4182 3883 esse
4242 3826 4514 3883 naturae

2565 3906 2738 3973 hanc
2805 3905 3223 3989 dignitatem,
3291 3903 3404 3969 sed
3471 3903 3931 3969 adventitiam:
4000 3903 4318 3987 quomodo
4377 3903 4515 3969 illis

2565 3992 2770 4057 fuerit
2811 3992 2994 4057 Deus
3044 3998 3267 4075 pater,
3322 3990 3630 4055 continuo
3680 4006 3827 4073 post
3867 3990 4207 4072 exprimit:
4277 4010 4515 4073 nempe

2568 4085 2885 4163 quatenus
2919 4077 3097 4161 ipsos
3142 4076 3502 4161 acquisivit,
3546 4076 3699 4143 fecit
3732 4086 3799 4143 et
3834 4075 4264 4159 praeparavit.
4332 4076 4516 4160 Ergo

2566 4163 2958 4247 principium
3022 4171 3088 4229 et
3152 4165 3334 4249 origo
3398 4162 3522 4227 fuit
3589 4163 3946 4246 gratuitum
4010 4160 4138 4226 Dei
4216 4161 4518 4246 benepla-

2568 4253 2799 4329 citum,
2868 4247 2982 4314 ubi
3048 4270 3158 4316 eos
3223 4250 3345 4315 sibi
3410 4249 3478 4314 in
3548 4249 3875 4330 peculium
3941 4247 4240 4330 sumpsit.
4333 4247 4516 4314 Alibi

2568 4334 2828 4419 quidem
2872 4335 3161 4402 secunda
3203 4335 3544 4419 acquisitio
3587 4335 3885 4418 ponitur,
3929 4332 4040 4399 ubi
4082 4354 4192 4399 eos
4237 4333 4518 4400 redemit

2567 4444 2648 4488 ex
2673 4420 2773 4487 Ae
2866 4428 3007 4505 pto:
3046 4420 3154 4486 hic
3191 4442 3348 4487 vero
3375 4420 3572 4486 altius
3606 4419 3986 4487 conscendit
4006 4419 4246 4501 Moses,
4280 4441 4516 4504 nempe

2568 4506 2650 4573 ad
2692 4507 2795 4573 foe
2842 4531 2919 4575 us
2962 4526 3112 4573 cum
3160 4505 3496 4574 Abraham
3538 4524 3952 4592 percussum,
4015 4525 4143 4589 quo
4186 4508 4516 4591 segregati

2566 4594 2836 4659 fuerunt
2880 4616 2920 4660 a
2962 4593 3233 4677 reliquis
3288 4592 3627 4678 gentibus,
3691 4601 3770 4658 ut
3822 4591 4014 4676 paulo
4071 4601 4219 4675 post
4272 4593 4517 4659 clarius

2568 4679 2830 4763 patebit.
2920 4678 3115 4761 Quod
3171 4681 3445 4746 verbum
3504 4692 3619 4769 m?
3656 4678 3919 4762 quidam
3976 4686 4244 4743 vertunt
4292 4677 4515 4744 Possi-

2568 4766 2751 4846 dere,
2821 4764 3092 4848 repudio
3148 4773 3461 4848 tanquam
3507 4787 3546 4831 a
3589 4772 3904 4831 contextu
3971 4763 4277 4830 alienum.
4365 4764 4512 4829 Iam

2565 4850 2792 4918 eodem
2840 4872 3038 4917 sensu
3081 4851 3423 4917 subiicitur
3465 4872 3503 4915 a
3535 4850 3680 4917 Deo
3723 4850 3924 4917 fuisse
3956 4852 4291 4916 formatos:
4339 4850 4512 4932 quod

2567 4937 2648 5003 ad
2709 4936 3084 5021 generalem
3135 4937 3531 5003 creationem
3578 4958 3711 5003 non
3755 4944 4037 5022 spectat,
4095 4935 4209 5001 sed
4253 4944 4516 5002 tantum

2565 5022 2647 5088 ad
2703 5024 2805 5089 ius
2863 5021 3232 5105 adoptionis
3284 5044 3410 5108 quo
3452 5024 3609 5090 facti
3663 5033 3816 5088 sunt
3870 5043 4115 5090 novum
4161 5022 4288 5087 Dei
4345 5043 4516 5106 opus

2565 5118 2632 5174 ct
2689 5110 3110 5193 figmentum,
3172 5116 3246 5174 ut
3288 5108 3416 5174 alia
3474 5108 3684 5174 forma
3739 5109 3871 5175 illis
3914 5109 4042 5175 fuit
4084 5107 4321 5173 indita:
4381 5129 4512 5192 quo

2564 5216 2763 5262 sensu
2829 5195 3024 5261 etiam
3086 5201 3355 5261 vocatur
3412 5196 3598 5261 fictor
3647 5194 3758 5261 vel
3810 5196 4030 5279 opifex
4087 5215 4330 5260 eorum.
4419 5194 4518 5260 Et

2565 5280 2721 5348 alibi
2744 5301 2946 5365 quum
2970 5280 3126 5346 dicit
3148 5280 3469 5365 propheta
3488 5278 3627 5366 (Ps.
3667 5281 3770 5363 95,
3794 5281 3891 5369 6):
3929 5280 4315 5366 cognoscite
4337 5280 4517 5363 quod

2565 5367 2813 5435 Iehova
2869 5367 3010 5450 ipse
3064 5367 3216 5433 fecit
3271 5386 3426 5446 nos,
3481 5376 3547 5433 et
3604 5387 3738 5433 non
3785 5367 3912 5452 ipsi
3955 5387 4109 5447 nos,
4163 5365 4515 5449 specialem
