5017 6142
604 421 739 493 115

610 613 1048 697 temptoribus
1084 611 1311 695 parcit,
1347 611 1504 695 quin
1540 632 1811 679 severus
1850 612 1939 679 sit
1957 611 2311 695 impietatis
2334 631 2558 677 eorum

612 701 883 769 vindex.
969 697 1367 781 Quanquam
1411 719 1538 764 non
1585 697 1756 763 male
1798 697 2149 781 quadraret
2190 697 2564 763 contrarius

616 802 886 857 oensus:
925 783 1335 850 Succidendo
1360 804 1489 848 non
1525 782 1817 849 succidit.
1863 783 2034 848 Nam
2074 784 2196 848 hoc
2230 782 2564 851 interdum

615 871 945 955 significat
1004 869 1273 935 verbum
1321 882 1452 958 rip:-
1534 868 1642 934 Ita
1698 889 1829 935 uno
1883 878 2198 935 contextu
2242 868 2404 933 haec
2470 868 2564 932 le-

614 955 834 1043 genda
876 963 1104 1031 erunt,
1138 955 1355 1021 Deum
1398 954 1733 1019 remittere
1776 954 2188 1037 iniquitates:
2233 955 2385 1037 quia
2426 974 2561 1018 non

617 1042 764 1109 vult
808 1061 1076 1124 prorsus
1118 1039 1418 1107 excidere
1460 1038 1823 1105 humanum
1865 1061 2092 1123 genus.
2174 1038 2340 1121 Quis
2383 1041 2562 1103 enim

617 1126 853 1193 salvus.
877 1125 1111 1192 evadet
1145 1126 1202 1191 si
1237 1126 1396 1190 velit
1430 1126 1614 1191 Deus
1645 1126 1717 1189 in
1754 1125 2066 1192 iudicium
2105 1145 2339 1192 vocare
2361 1126 2561 1190 etiam

616 1212 912 1280 fidelium
949 1209 1258 1294 peccata?
1339 1213 1557 1293 Atque
1591 1209 1723 1277 huc
1756 1211 1925 1277 forte
1961 1211 2184 1277 allusit
2225 1211 2562 1289 Ieremias,

617 1298 779 1367 dum
820 1297 1153 1363 vindictae
1195 1296 1275 1362 de
1331 1316 1460 1379 qua
1515 1298 1933 1363 concionatus
1981 1297 2197 1362 fuerat
2251 1297 2563 1362 acerbita-

618 1392 753 1453 tem
824 1383 1084 1465 mitigat
1151 1381 1273 1447 hac
1340 1381 1566 1448 eadem
1636 1382 2030 1464 loquutione.
2127 1382 2276 1448 Illic
2340 1390 2563 1447 autem

617 1467 751 1550 legi
794 1468 986 1535 aliter
1028 1488 1163 1535 non
1208 1475 1421 1551 potest
1462 1486 1654 1550 quam
1680 1468 1827 1533 Non
1874 1452 2201 1534 succidam
2244 1475 2313 1533 te
2354 1470 2562 1533 succi·

619 1553 852 1623 dendo.
899 1553 979 1621 Si
1022 1553 1144 1620 hoc
1186 1554 1313 1620 rec’
1366 1554 1516 1630 itur,
1563 1551 1840 1619 redditio
1884 1573 2118 1619 causae
2152 1553 2299 1632 erit,
2344 1554 2562 1619 Deum

620 1640 885 1705 veniam
944 1640 1228 1723 peccatis
1285 1639 1308 1702 i
1356 1659 1431 1703 eo
1496 1637 1652 1705 dare
1694 1640 1850 1721 quia
1892 1637 2222 1705 succidere
2266 1638 2566 1704 homines

620 1724 816 1793 nolit:
876 1724 1043 1807 quod
1100 1726 1341 1790 faceret
1391 1726 1629 1789 summi
1688 1725 1850 1790 iuris
1910 1725 2192 1810 rigorem
2246 1723 2563 1809 urgendo.

621 1809 803 1877 Sunt
845 1810 955 1893 qui
1000 1819 1348 1892 exponant,
1411 1811 1622 1875 Deum
1671 1811 2005 1877 remittere
2059 1819 2354 1892 peccata,
2413 1811 2567 1893 quia

621 1915 816 1961 nemo
862 1897 948 1961 sit
988 1916 1204 1963 coram
1252 1897 1394 1977 ipso
1447 1896 1792 1962 innocens:
1850 1916 1924 1962 ac
1975 1897 2029 1962 si
2077 1895 2318 1961 dictum
2375 1904 2564 1974 esset,

622 1981 893 2047 destitui
937 2002 1166 2047 omnes
1207 1981 1416 2064 gloria
1456 1981 1782 2061 iustitiae,
1841 1989 1906 2046 et
1961 1981 2239 2066 proinde
2294 1983 2564 2047 unicum

618 2088 765 2133 esse
824 2067 1149 2151 refugium
1207 2068 1272 2131 in
1333 2064 1459 2132 Dei
1519 2067 1977 2133 misericordia.
2065 2067 2242 2133 Vere
2307 2068 2374 2131 id
2420 2068 2566 2149 qui-

624 2153 819 2221 dem:
864 2153 974 2219 sed
1035 2173 1166 2217 non
1227 2160 1362 2217 tam
1422 2154 1742 2236 expositio
1801 2161 1905 2220 est
1960 2173 2154 2237 quam
2200 2152 2567 2236 plausibilis

618 2259 697 2305 ar
792 2238 902 2304 tia.

694 2260 851 2390 guss.
899 2322 1242 2388 Festinans
1285 2321 1514 2388 Moses.
1596 2323 1962 2389 Festinatio
2007 2322 2295 2389 ostendit
2330 2325 2565 2389 Mosen

621 2410 834 2493 primo
876 2408 1150 2493 fulgoris
1183 2410 1425 2473 intuitu
1461 2407 1666 2475 fuisse
1702 2411 2074 2475 attonitum.
2124 2408 2335 2475 Sicuti
2360 2408 2566 2490 Deus,

619 2495 733 2560 ubi
790 2494 1004 2578 prodit
1061 2495 1130 2561 in
1174 2493 1494 2572 medium,
1552 2494 1646 2558 ita
1687 2495 2025 2561 confestim
2073 2496 2219 2577 pios
2267 2496 2439 2577 rapit
2496 2497 2567 2559 in

622 2581 1117 2647 admirationem
1153 2579 1274 2657 sui,
1312 2587 1387 2644 ut
1421 2598 1550 2643 non
1589 2580 1676 2646 sit
1720 2579 2067 2645 cunctandi
2104 2589 2381 2664 tempus.
2427 2580 2567 2646 Ad-

621 2667 802 2733 ditur
866 2667 1181 2750 precatio,
1250 2673 1326 2729 ut
1388 2663 1570 2730 Deus
1633 2667 1763 2731 iter
1830 2666 2026 2731 faciat
2089 2687 2236 2733 cum
2304 2666 2565 2749 populo,

620 2753 891 2833 eiusque
947 2752 1373 2835 pervicaciam
1435 2750 1687 2817 toleret.
1776 2751 2100 2832 Quoniam
2162 2752 2335 2818 enim
2385 2752 2567 2818 dixe·

619 2850 724 2903 rat
771 2839 951 2902 Deus
993 2836 1138 2902 fieri
1183 2857 1309 2902 non
1358 2856 1564 2919 posse,
1625 2848 1700 2901 ut
1744 2836 2072 2902 habitaret
2113 2858 2258 2904 cum
2305 2839 2566 2921 populo,

621 2924 824 2989 durae
881 2924 1161 2989 cervicis
1221 2933 1288 2986 et
1354 2923 1777 2996 intractabili,
1845 2922 2204 2988 remedium
2265 2925 2570 3006 proponit

619 3009 862 3077 Moses.
965 3008 1221 3092 Nempe
1284 3017 1629 3092 postquam
1701 3008 2037 3077 confessus
2102 3017 2204 3074 est
2268 3008 2430 3075 duro
2502 3018 2570 3074 et

617 3096 982 3179 praefracto
1025 3093 1290 3177 ingenio
1335 3113 1476 3159 esse
1518 3094 1850 3177 populum,
1895 3114 2077 3176 spem
2124 3106 2343 3160 tamen
2389 3096 2568 3161 saln-

616 3181 713 3249 tis
755 3179 1081 3247 residuam
1124 3180 1299 3257 facit,
1345 3179 1403 3243 si
1425 3179 1609 3245 Deus
1651 3181 1739 3245 sit
1780 3181 2129 3246 exorabilis
2171 3180 2252 3246 ad
2297 3201 2569 3263 parcen-

620 3266 801 3333 dum.
889 3264 1182 3348 Dignum
1228 3285 1385 3330 vero
1426 3264 1775 3331 observatu
1821 3265 1988 3348 quod
2035 3266 2404 3331 subiicitur:
2471 3267 2567 3333 Ut

618 3350 957 3436 possideas
1012 3371 1147 3417 nos.
1236 3350 1487 3433 Copula
1545 3352 1723 3415 enim
1783 3352 1915 3416 vim
1975 3352 2226 3417 obtinet
2286 3353 2566 3418 causalis

618 3436 1001 3524 particulae,
1047 3457 1123 3502 ac
1166 3437 1220 3500 si
1266 3435 1568 3501 dixisset:
1649 3436 1797 3501 Non
1840 3437 2030 3502 aliter
2075 3439 2289 3502 Deum
2333 3438 2563 3504 haere·

621 3523 828 3591 ditate
870 3542 1066 3605 quam
1112 3522 1313 3604 elegit
1353 3541 1541 3604 posse
1586 3522 1734 3598 frui,
1790 3543 1985 3605 quam
2033 3534 2295 3605 peccata
2337 3526 2565 3588 remit·

619 3609 842 3675 tendo.
934 3609 1025 3675 Et
1066 3618 1242 3673 certe
1282 3608 1375 3671 ita
1417 3618 1548 3671 est:
1616 3627 1767 3671 nam
1833 3627 1999 3691 quae
2063 3618 2164 3674 est
2221 3608 2565 3674 hominum

620 3695 987 3779 fragilitas„
1028 3692 1307 3758 subinde
1351 3691 1725 3757 exciderent
1766 3713 1805 3757 a
1847 3694 2060 3778 gratia
2104 3695 2233 3760 nisi
2277 3695 2418 3761 Deo
2461 3717 2566 3760 re-

620 3780 1147 3847 conciliarentur.
1214 3778 1351 3844 Nec
1373 3797 1528 3844 vero
1563 3778 1625 3843 id
1665 3788 1921 3843 tantum
1962 3779 2041 3845 de
2086 3781 2287 3846 veteri
2325 3783 2567 3866 populo

621 3867 867 3935 dictum
928 3865 1088 3939 fnit,
1146 3864 1259 3929 sed
1314 3863 1394 3928 ad
1454 3884 1574 3928 nos
1619 3884 1875 3946 quoque
1914 3867 2228 3949 pertinet:
2294 3868 2448 3949 quia
2488 3876 2567 3935 ut

622 3973 742 4019 nos
787 3950 1117 4034 possideat
1160 3948 1377 4027 Deus,
1437 3969 1703 4014 necesse
1746 3960 1848 4014 est
1888 3949 2147 4016 assidue
2190 3953 2377 4018 nobis
2420 3972 2566 4033 pec·

622 4052 773 4106 cata
814 4036 1088 4102 remitti:
1133 4036 1306 4101 sicut
1349 4035 1510 4101 haec
1553 4035 1789 4119 legatio
1831 4034 2023 4121 (teste
2043 4036 2254 4103 Paulo
2300 4036 2390 4125 [2.
2416 4038 2567 4104 Cor.

624 4126 686 4200 5,
733 4123 814 4188 18
859 4119 1016 4208 sq.])
1058 4120 1342 4204 quotidie
1391 4122 1459 4185 in
1504 4122 1773 4188 ecclesia
1815 4134 2139 4204 personat.
2234 4124 2421 4189 Unde
2464 4144 2566 4189 se·

625 4209 867 4292 quitur,
909 4228 1041 4273 non
1085 4205 1274 4273 modo
1318 4207 1551 4272 salutis
1595 4221 1859 4272 nostrae
1916 4208 2309 4291 principium
2364 4211 2569 4275 fluere

625 4295 707 4360 ab
753 4293 1102 4376 adoptione
1135 4294 1439 4377 gratuita,
1485 4293 1599 4357 sed
1636 4295 1976 4358 continuos
2010 4295 2150 4359 eius
2187 4314 2567 4379 progressus

624 4400 830 4463 usque
873 4378 953 4443 ad
1001 4380 1199 4444 finem
1258 4399 1388 4444 non
1446 4378 1634 4443 aliter
1690 4379 1998 4461 compleri
2043 4400 2235 4463 quam
2293 4380 2404 4445 ubi
2446 4400 2567 4446 nos

620 4465 748 4530 sibi
792 4464 1414 4543 gratisreconciliat
1461 4465 1660 4529 Deus.

803 4550 903 4615 10.
984 4549 1121 4633 Eyo
1189 4551 1541 4631 percutiam
1605 4550 1845 4631 foedus.
1946 4550 2091 4614 Non
2172 4552 2566 4635 exprimitur

626 4657 903 4719 quocum
965 4648 1302 4719 percutere
1347 4637 1506 4701 velit
1550 4637 1735 4700 Deus
1776 4635 2019 4701 foedus.
2105 4635 2264 4703 Ideo
2298 4636 2564 4719 quidam

622 4724 1016 4804 interpretes
1051 4720 1448 4786 subaudiunt
1482 4742 1718 4786 nomen
1754 4721 1993 4787 Mosis:
2039 4721 2207 4804 quod
2254 4722 2566 4787 videntur

626 4810 843 4876 facere
901 4808 1220 4890 probabili
1278 4809 1569 4884 ratione,
1629 4808 1917 4872 maxime
1964 4811 2117 4889 quia
2169 4807 2433 4873 additur
2489 4812 2563 4873 in

624 4898 759 4960 fine
812 4912 1084 4959 versus:
1133 4892 1323 4974 Opus
1365 4893 1534 4975 quod
1579 4893 1869 4959 facturus
1911 4912 2056 4956 sum
2102 4904 2336 4959 tecum.
2436 4893 2563 4960 Ve-

624 5002 773 5047 rum
820 4982 971 5064 quia
1014 4979 1447 5061 stipulabatur
1492 4979 1708 5047 Moses
1743 4977 2037 5042 omnium
2081 4980 2363 5056 nomine,
2410 5001 2561 5046 sen-

625 5088 739 5133 sus
799 5065 1027 5133 eodem
1076 5065 1273 5139 redit,
1320 5066 1375 5130 si
1423 5065 1628 5147 legas:
1676 5064 1905 5128 Palam
1950 5082 2099 5130 cum
2143 5073 2279 5130 toto
2321 5067 2561 5148 populo

624 5153 939 5235 paciscar.
1055 5151 1202 5216 Hac
1274 5171 1428 5216 vero
1496 5149 1928 5232 promissione
1986 5150 2169 5215 Deus
2227 5150 2561 5216 Israelitas

624 5238 815 5321 quasi
854 5239 919 5301 in
957 5238 1286 5323 integrum
1332 5236 1644 5302 restituit:
1691 5237 1845 5318 quia
1887 5236 1980 5302 sic
2022 5236 2093 5299 in
2137 5237 2559 5319 profligandis

622 5322 932 5407 gentibus
978 5322 1364 5388 mirabiliter
1417 5332 1717 5388 acturum
1776 5321 2158 5400 denunciat,
2205 5336 2279 5384 ut
2326 5323 2560 5405 probet

2030 421 2436 507 REDITUS
2480 422 2609 491 AD
2649 421 3193 491 HISTORIAM.

4475 419 4602 485 116

2666 630 2738 675 se
2778 611 3175 695 peculiarem
3211 630 3354 677 esse
3393 610 3572 676 illius
3605 611 3828 693 populi
3863 611 4112 676 Deum:
4150 608 4316 693 qnod
4364 617 4462 673 est
4501 610 4601 691 ip-

2665 717 2808 761 sum
2852 717 2891 760 a
2934 697 3206 780 reliquis
3247 696 3553 782 gentibus
3588 697 3976 773 discernere,
4022 696 4214 763 sicuti
4259 704 4602 777 praecatus

2665 783 2880 847 fuerat
2935 783 3172 848 Moses.
3261 780 3512 849 Omnes
3555 803 3712 848 vero
3755 783 3913 848 dicit
3954 781 4245 847 oculatos
4284 782 4426 846 fore
4468 791 4603 846 ws-

2667 876 2800 944 tes,
2857 877 2933 933 ut
2985 868 3245 951 proprio
3303 889 3503 933 sensu
3546 868 3829 934 convicti
3872 867 4136 934 tandem
4182 888 4253 932 se
4294 867 4435 932 eius
4476 869 4601 931 im-

2667 955 2846 1036 perio
2889 953 3170 1020 fideliter
3213 962 3280 1019 et
3322 954 3578 1020 sincere
3618 954 3983 1021 subiiciant.

3180 1295 3312 1361 EX
3356 1293 3687 1361 EODEM
3730 1293 4083 1359 ΟΑΡΙΤΕ.

2838 1468 2942 1533 27.
2986 1461 3076 1532 Et
3115 1465 3282 1531 dixit
3303 1465 3529 1533 Ielzova
3573 1466 3658 1530 ad
3703 1464 3952 1533 Mosen:
4000 1464 4210 1531 Scribe
4249 1465 4364 1530 tibi
4416 1464 4605 1531 verba

2669 1555 2845 1620 haec.-
2886 1554 3040 1635 qnia
3085 1553 3422 1617 secandum
3464 1552 3647 1616 verba
3690 1550 3837 1619 haec
3867 1551 4090 1634 pepiyi
4129 1551 4352 1633 foedus
4391 1555 4606 1625 tecam,

2668 1645 2725 1706 et
2766 1659 2905 1705 cnm
2945 1637 3201 1703 Israele.
3281 1637 3384 1703 28.
3426 1636 3584 1702 Fuit
3623 1643 3827 1702 autem
3868 1637 3957 1703 ibi
3995 1656 4135 1702 cum
4180 1635 4407 1702 Iehova
4449 1634 4606 1718 qua-

2669 1727 2970 1809 drayinta
3011 1724 3166 1799 dies,
3210 1728 3267 1788 et
3307 1724 3727 1806 quadffaqinta
3768 1729 4001 1790 noctes.-
4033 1741 4266 1802 panem
4314 1742 4438 1788 non
4479 1723 4607 1788 edit

2671 1816 2725 1875 et
2780 1829 3016 1893 aquam
3063 1829 3188 1875 non
3240 1808 3419 1874 bibit:
3478 1813 3535 1873 et
3575 1809 3832 1889 scripsit
3871 1810 3946 1873 in
3984 1807 4215 1873 tabulis
4253 1808 4442 1873 verba
4478 1807 4608 1889 foe·

2668 1898 2856 1976 deris,
2892 1896 3095 1961 decem
3125 1893 3326 1959 verba.
3395 1894 3498 1959 29.
3546 1892 3812 1963 Factum
3853 1899 3944 1960 est
3985 1898 4196 1958 antem
4235 1914 4424 1975 qutun
4463 1895 4607 1959 des-

2670 1982 2938 2047 cenderet
2972 1979 3184 2045 Moses
3217 2000 3251 2046 e
3290 1984 3487 2044 monte
3512 1978 3718 2058 Sinai,
3762 1979 3992 2046 habens
4028 1984 4172 2043 tuas
4210 1980 4459 2045 tabulas
4485 1985 4608 2044 tes-

2670 2069 2915 2133 timonii
2964 2067 3036 2132 in
3067 2086 3263 2131 manu
3296 2085 3449 2131 sua.-
3497 2085 3690 2146 quum
3724 2086 3865 2149 erqo
3898 2065 4278 2130 descenderet
4311 2086 4343 2130 e
4383 2070 4604 2143 monte,

2670 2152 2975 2219 nesciebat
3011 2153 3175 2233 quod
3207 2150 3684 2236 resplenduisset
3725 2153 3883 2217 cutis
3921 2152 4115 2234 faciei
4156 2170 4310 2216 suae
4352 2151 4606 2233 qnando

2671 2239 2957 2321 loquutus
2998 2242 3133 2301 erat
3165 2258 3305 2303 cnm
3347 2255 3436 2301 eo.
3525 2236 3628 2302 30.
3683 2237 3973 2318 Viditque
4007 2236 4271 2301 Aharon
4304 2243 4362 2302 et
4393 2256 4606 2303 omnes

2669 2324 2795 2397 tilii
2839 2322 3048 2389 Israel
3101 2322 3313 2405 ipsum
3356 2320 3596 2401 Mosen,
3638 2327 3696 2386 et
3735 2342 3878 2402 ecce,
3914 2322 4268 2404 splendebat
4305 2324 4468 2388 cutis
4506 2323 4608 2405 fia-

2669 2411 2789 2476 ciei
2830 2410 2995 2473 eius:
3038 2409 3490 2489 timueruntque
3531 2408 3811 2473 accedere
3854 2409 3940 2473 ad
3982 2428 4137 2473 eum.
4224 2407 4327 2473 31.
4375 2407 4464 2473 Et
4502 2429 4608 2475 vo-

2671 2496 2834 2562 cavit
2888 2493 3031 2559 illos
3074 2492 3319 2593 Moses.-
3359 2494 3704 2574 reversique
3743 2499 3894 2559 sunt
3931 2495 4019 2559 ad
4062 2513 4201 2558 enm
4242 2493 4510 2559 Aharon
4552 2498 4610 2558 et

2673 2667 2762 2733 ad
2800 2580 4456 2764 Μ.Ρνέἓσψῧθςὴῗῖἓρνέοαέἕωωνῖτὲηοαέᾖεξπῆῑίί
4500 2665 4609 2731 Is·

2672 2752 2824 2828 rael,
2862 2756 2919 2816 et
2952 2755 3278 2833 praecepit
3311 2771 3405 2816 ets
3448 2754 3671 2816 cuncta
3713 2771 3877 2835 quae
3918 2752 4211 2833 loqwutus
4251 2751 4464 2833 fuerat
4504 2752 4609 2815 Ie·

2672 2836 2829 2903 hova
2862 2856 3002 2903 cum
3035 2856 3103 2900 eo
3134 2837 3202 2899 in
3245 2842 3446 2901 monte
3492 2835 3699 2901 Sinai.
3788 2836 3890 2901 33.
3942 2836 4147 2901 Porro
4182 2856 4377 2917 quum
4417 2836 4609 2917 finem

2669 2923 2914 3005 fecisset
2944 2921 3231 3003 loquendi
3268 2922 3482 2987 Moses
3520 2940 3662 2986 ciaon
3700 2922 3809 2998 eis,
3838 2923 4060 3003 posuit
4098 2922 4372 2987 velamen
4415 2941 4608 3002 super

2668 3009 2896 3091 faciem
2927 3027 3128 3073 suam.
3218 3008 3322 3074 34.
3367 3007 3573 3089 ρωποι
3615 3027 3758 3074 vero
3809 3008 4238 3091 ingrederetur
4272 3006 4484 3074 Moses
4535 3009 4608 3073 in

2671 3099 3048 3177 conspectum
3117 3093 3382 3159 lehovae
3422 3094 3508 3158 ad
3551 3093 3919 3174 loquendum
3959 3113 4098 3159 cum
4161 3092 4301 3169 illo,
4366 3094 4609 3175 aufere—

2672 3179 2777 3244 bat
2828 3180 3133 3253 velamen,
3191 3182 3378 3245 donec
3418 3179 3834 3262 eyrederetur,
3893 3198 4175 3264 cyressns
4217 3184 4424 3244 autem
4455 3179 4609 3245 allo-

2671 3265 2970 3346 quebatur
2997 3266 3167 3345 filios
3210 3265 3422 3331 Israel
3463 3265 3628 3346 qnod
3668 3266 3886 3330 iussus
3928 3271 4078 3331 erat.
4166 3264 4268 3329 35.
4311 3263 4610 3330 Videbunt

2669 3353 2867 3434 ἐρίδων
2904 3352 3032 3432 filii
3077 3350 3287 3415 Israel
3323 3351 3551 3433 faciem
3588 3350 3816 3430 Mosis,
3858 3351 4021 3431 quod
4061 3350 4465 3431 resplenderet
4505 3371 4612 3418 cu·

2670 3439 2754 3503 tis
2798 3437 2990 3521 faciei
3050 3436 3287 3512 Moses,
3343 3441 3399 3501 et
3458 3436 3779 3502 reducebat
3836 3436 4050 3503 Moses
4101 3438 4376 3501 velamen
4415 3456 4611 3519 somer

2665 3522 2895 3604 faciem
2928 3542 3130 3601 suam,
3166 3523 3352 3588 donec
3375 3521 3794 3606 inyrcderetur
3825 3521 3912 3586 ad
3945 3522 4312 3605 loquendum
4345 3542 4488 3588 cum
4521 3543 4605 3589 eo.

2840 3693 2944 3759 28.
3011 3692 3168 3758 Fuit
3238 3698 3448 3758 autem
3520 3693 3615 3759 ibi
3671 3712 3809 3759 cum
3869 3692 4119 3759 Iehova.
4223 3693 4612 3777 Duplicatur

2670 3800 2982 3845 numerus
3035 3777 3322 3854 dierum,
3382 3790 3457 3842 ut
3509 3777 3836 3845 secundae
3890 3779 4151 3844 tabulae
4202 3800 4332 3843 non
4384 3780 4611 3847 minus

2671 3866 3009 3932 obtineant
3042 3864 3194 3930 fidei
3228 3884 3423 3946 quam
3461 3865 3726 3946 priores.
3785 3863 4097 3930 Diximus
4132 3867 4307 3929 enim
4344 3886 4614 3949 exemp-

2671 3962 2813 4021 tum
2856 3951 3058 4016 fuisse
3095 3951 3330 4017 Mosen
3365 3969 3404 4013 a
3446 3950 3773 4015 communi
3819 3950 4157 4016 hominum
4194 3952 4349 4030 vita,
4395 3960 4470 4015 ut
4510 3952 4612 4016 le-

2717 4057 2822 4101 em
2880 4046 3188 4118 tanquam
3245 4056 3282 4099 e
3337 4035 3513 4100 coelo
3569 4036 3852 4101 afferret.
3945 4035 4015 4102 Si
4077 4037 4299 4117 paucis
4344 4046 4608 4102 tantum

2720 4124 2902 4188 iebus
2945 4124 3014 4185 in
3059 4134 3282 4186 monte
3320 4131 3608 4189 retentus
3652 4132 3840 4200 esset,
3886 4141 4018 4187 non
4063 4124 4160 4185 ita
4201 4122 4443 4187 illustri
4489 4123 4612 4186 mi-

2674 4208 2898 4273 raculo
2953 4208 3203 4273 sancita
3257 4207 3489 4271 fuisset
3545 4209 3686 4272 eius
3729 4208 4065 4274 autoritas.
4151 4205 4609 4292 Quadraginta

2674 4315 2833 4360 vero
2881 4291 3020 4358 dies
3082 4294 3338 4375 plenam
3399 4293 3539 4358 eius
3581 4294 3891 4377 legationi
3929 4294 4122 4358 fidem
4168 4295 4485 4373 fecerunt,
4531 4305 4607 4358 ut

2672 4381 2871 4446 sciret
2893 4379 3171 4462 populus
3193 4379 3509 4444 divinitus
3542 4399 3685 4445 esse
3720 4382 4024 4444 missum:
4065 4380 4215 4461 quia
4249 4390 4382 4444 tam
4421 4379 4604 4463 longi

2674 4466 2989 4547 temporis
3049 4466 3368 4529 ieiunium
3414 4465 3599 4542 ferre,
3645 4465 3910 4530 modum
3956 4464 4284 4530 humanae
4328 4476 4607 4531 naturae

2671 4552 2968 4618 excessit.
3025 4549 3265 4630 Quare,
3299 4559 3376 4613 ut
3411 4549 3682 4615 indubia
3717 4561 3890 4615 esset
3923 4550 4090 4633 legis
4124 4551 4447 4625 maiestas,
4483 4572 4605 4615 an-

2671 4638 2880 4723 gelica
2920 4636 3128 4720 gloria
3166 4636 3517 4719 insignitus
3559 4637 3684 4700 fuit
3727 4638 3865 4701 eius
3909 4637 4225 4701 minister.
4293 4636 4452 4702 Ideo
4501 4637 4605 4700 di-

2639 4732 2842 4801 ¹serte
2886 4732 3129 4795 narrat,
3175 4740 3245 4785 se
3283 4743 3494 4804 neque
3537 4743 3771 4805 aquam
3813 4720 4067 4798 bibisse,
4114 4742 4320 4805 neque
4365 4744 4604 4806 panem

2668 4819 2963 4892 gustasse
2997 4809 3151 4890 quia
3187 4806 3468 4872 discerni
3491 4809 3779 4890 oportuit
3811 4808 3892 4872 ab
3936 4806 4161 4871 ordine
4205 4809 4603 4884 mortalium,

2666 4905 2743 4962 ut
2774 4894 2956 4959 omni
2989 4896 3369 4976 exceptione
3410 4895 3620 4960 maior
3663 4904 3836 4959 esset
3877 4893 4016 4957 eius
4060 4894 4324 4959 functio.
4394 4894 4603 4960 Porro

2667 4980 3026 5048 tenendum
3070 4990 3202 5057 est,
3247 4979 3562 5044 ieiunium
3611 4979 3763 5055 hoc,
3808 4980 3994 5044 cuius
4038 4980 4113 5043 fit
4152 4980 4419 5063 mentio,
4464 5002 4598 5045 non

2669 5069 3091 5150 temperatiae
3114 5076 3229 5129 aut
3262 5065 3633 5131 sobrietatis
3670 5067 3890 5142 fuisse,
3926 5063 4042 5129 sed
4076 5065 4428 5148 singularis
4465 5068 4603 5148 pri-

2669 5153 2924 5236 vilegii,
2982 5173 3110 5234 quo
3168 5150 3323 5216 data
3379 5152 3506 5215 fuit
3559 5151 3641 5215 ad
3697 5161 3957 5233 tempus
4000 5150 4171 5216 Mosi
4217 5153 4602 5217 immunitas

2666 5239 2747 5304 ab
2810 5238 3192 5303 infirmitate
3255 5238 3497 5302 carnis:
3570 5247 3644 5300 ut
3707 5236 3837 5301 alia
3893 5245 4064 5301 esset
4114 5238 4257 5300 eius
4314 5237 4601 5302 conditio

2664 5343 2854 5406 quam
2912 5325 3171 5407 generis
3237 5323 3528 5388 humani.
3617 5321 3849 5405 Neque
3897 5324 4071 5387 enim
4128 5320 4333 5387 ullam
4393 5326 4602 5389 sensit
