5017 6142
473 466 595 534 185

464 657 756 810 ssaepm,
813 676 1012 809 squue
1054 656 1516 827 eiustagrbitr’hio
1566 663 1633 722 et
1688 656 1994 806 posttpgiti
2015 653 2398 806 ὥιὶιξίοοῐιὲῳ

631 764 729 809 ur.
893 763 1096 809 oenae
1154 765 1176 808 1
1292 763 1378 808 ue
1479 762 1667 809 orror
1722 763 1759 807 o
1928 760 1966 806 a
2196 760 2302 806 me
2348 763 2404 805 1·-

467 830 614 897 oina
670 828 754 895 ad
798 826 1167 894 sanandum
1211 828 1586 896 ambitionis
1627 849 1772 894 mor
1815 848 1948 894 um.
2028 825 2220 908 Quod
2258 825 2404 892 Mo·

467 936 585 982 sen
632 914 1018 999 depreeatur
1063 936 1149 981 ne
1192 915 1472 998 imputet
1511 921 1868 998 peceatum,
1913 912 2018 978 ius
2065 910 2233 997 quod
2279 910 2403 978 sibi

466 1001 585 1067 uni
645 1001 826 1067 Deus
885 999 1061 1084 apud
1113 1000 1354 1067 Isaiam
1400 999 1734 1079 vendicat,
1786 1019 1917 1065 non
1977 998 2290 1063 transfert
2333 997 2401 1061 in

464 1086 802 1153 hominem
858 1085 1233 1152 mortalem:
1297 1084 1408 1152 sed
1461 1087 1614 1169 qnia
1672 1084 1892 1150 laesus
1936 1091 2096 1165 erat,
2141 1083 2404 1150 veniam

464 1171 706 1257 posoit,
762 1193 847 1237 ne
891 1172 1097 1239 Mosis
1145 1171 1560 1239 aeousatione
1602 1191 1754 1236 reus
1790 1177 2146 1255 peragatur
2189 1187 2406 1234 eoram

464 1257 680 1325 iudioe
734 1257 1017 1323 eoelesti.
1120 1256 1327 1323 Suam
1386 1266 1452 1322 et
1508 1256 1747 1323 sororis
1808 1254 2158 1322 stultitiam
2203 1253 2406 1320 eonfi-

464 1343 665 1411 tendo
714 1364 849 1409 non
907 1350 1221 1409 extenuat
1267 1341 1497 1426 eulpae
1540 1343 1931 1427 gravitatem
1947 1389 1962 1418 ,
2029 1340 2218 1408 sieuti
2263 1360 2402 1405 ma-

462 1429 565 1497 ior
595 1450 749 1514 pars
791 1448 1079 1495 errorem
1110 1438 1176 1495 et
1216 1429 1703 1514 incogitantiam
1749 1428 1914 1493 solet
1956 1426 2024 1491 in
2069 1426 2407 1492 maleficiis

465 1514 838 1596 obtendere,
872 1514 986 1581 sed
1006 1513 1279 1599 perinde
1313 1526 1416 1580 est
1449 1533 1526 1580 ao
1560 1516 1616 1580 si
1651 1513 1909 1591 dioeret,
1946 1511 2149 1580 fuisse
2185 1532 2405 1579 amen·

469 1610 566 1667 tes
612 1610 678 1667 et
719 1619 1030 1669 vesanos:
1091 1598 1265 1685 quod
1324 1620 1408 1665 ex
1468 1599 1768 1684 proximo
1810 1597 2009 1667 verbo
2053 1597 2402 1683 colligitur,

466 1688 581 1754 ubi
622 1685 837 1771 palam
879 1686 1045 1752 dixit
1088 1687 1288 1753 fuisse
1333 1686 1702 1753 sceleratos.
1790 1683 2000 1750 Porro
2043 1703 2127 1749 ex
2171 1681 2401 1749 simili-

467 1771 696 1839 tudine
756 1792 922 1857 quae
994 1773 1340 1851 inseritur,
1382 1782 1652 1856 apparet
1695 1792 1828 1837 non
1872 1769 2134 1853 vulgari
2177 1766 2404 1836 morbo

461 1859 785 1941 leprosam
842 1858 1045 1924 fuisse
1101 1857 1383 1924 Mariam
1404 1905 1422 1942 ,
1481 1856 1647 1922 nihil
1692 1856 1869 1922 enim
1911 1855 2162 1921 foedius
2207 1875 2403 1940 quam

465 1942 747 2010 cadaver
780 1944 1060 2011 abortivi
1093 1945 1322 2023 foetus,
1365 1943 1538 2027 quod
1585 1942 1729 2008 tabe
1774 1948 1842 2007 et
1875 1940 2226 2025 putredine
2260 1963 2400 2008 eor-

462 2052 543 2096 ru
590 2037 736 2095 tum
780 2037 897 2095 est.

546 2052 590 2116 P
640 2115 743 2183 13.
791 2113 1103 2181 Clamavit
1143 2115 1352 2197 itaque
1389 2113 1599 2181 Moses
1631 2113 1719 2180 acl
1741 2111 2050 2179 Iebovam.
2115 2112 2218 2179 Re
2260 2111 2404 2196 ipsa

461 2223 645 2268 nuno
688 2200 1005 2284 probatur
1045 2200 1214 2284 quod
1257 2199 1456 2286 paulo
1500 2208 1653 2265 ante
1699 2197 1946 2265 dietum
1991 2198 2130 2277 fuit,
2168 2198 2400 2265 Mosen

461 2287 721 2371 plaoido
779 2287 1055 2370 mitique
1099 2286 1366 2371 ingenio
1410 2286 1614 2352 fuisse
1656 2305 1817 2368 prae
1861 2285 2112 2351 eunetis
2154 2292 2399 2350 morta·

460 2372 668 2438 libus:
729 2372 990 2456 quando
1043 2392 1174 2437 non
1232 2371 1425 2437 modo
1486 2370 1695 2437 facilis
1753 2377 1856 2435 est
1912 2368 1994 2435 ad
2059 2370 2399 2454 ignoseen-

463 2458 657 2538 dum,
718 2456 833 2523 sed
875 2478 1103 2541 preees
1143 2478 1296 2524 suas
1339 2455 1510 2540 apud
1554 2456 1773 2523 Deum
1816 2454 2196 2540 interponit.
2277 2456 2399 2521 At·

454 2564 582 2628 que
647 2545 804 2610 hine
868 2543 1104 2609 melius
1165 2542 1486 2610 refellitur
1552 2540 1802 2607 Mariae
1862 2542 2148 2621 vanitas,
2229 2540 2401 2625 quod

451 2630 671 2697 unios-
712 2649 865 2713 spes
928 2628 1159 2696 salutis
1221 2627 1616 2711 relinquitur
1679 2628 1749 2692 in
1793 2625 1999 2693 Mosis
2064 2626 2403 2712 dignitate,

452 2737 651 2800 quam
699 2736 913 2799 nuper
953 2716 1124 2781 ferre
1167 2735 1305 2781 non
1348 2721 1622 2798 poterat.
1711 2713 1818 2777 Ex
1865 2712 1995 2779 Dei
2040 2719 2256 2778 autem
2296 2733 2399 2778 re-

453 2821 488 2867 s
574 2821 694 2868 nso
752 2808 1025 2884 apparet
1190 2822 1348 2866 nam
1404 2798 1598 2865 unius
1653 2797 1735 2864 ad
1782 2818 2131 2865 eommune
2175 2818 2398 2864 exem-

451 2909 498 2973 p
525 2908 636 2954 um
660 2898 1003 2971 speetasse.
1129 2886 1253 2952 atis
1290 2884 1610 2970 castigata
1632 2890 1775 2949 erat
1797 2882 2052 2949 Mariae
2095 2882 2399 2968 superbia

453 2980 521 3039 et
542 2972 912 3038 temeritas:
937 2971 1050 3039 sed
1070 2972 1280 3038 voluit
1294 2972 1477 3037 Deus
1499 2971 1801 3035 omnibus
1825 2989 1967 3034 esse
1984 2969 2394 3052 documento,

451 3066 534 3126 ut
584 3058 759 3125 intra
792 3078 980 3124 suum
1027 3056 1366 3124 modulum
1410 3055 1685 3141 quisque
1726 3063 2044 3121 maneret.
2130 3055 2397 3122 Interea

456 3143 785 3211 diseamus
841 3165 923 3210 ex
981 3142 1109 3211 hoo
1161 3144 1302 3211 loeo
1357 3162 1551 3209 suum
1600 3141 1917 3207 honorem
1965 3141 2093 3207 Dei
2138 3141 2395 3208 iudioiis

453 3228 723 3312 deferre,
767 3240 846 3295 ut
888 3229 1077 3296 nobis
1119 3249 1239 3312 pro
1273 3248 1568 3295 summae
1602 3228 1947 3310 aequitatis
1982 3227 2214 3312 regula
2256 3229 2394 3294 suf·

448 3315 694 3383 fieiant.
760 3316 933 3381 Nam
970 3315 1028 3382 si
1052 3322 1307 3381 tantum
1342 3314 1507 3380 iuris
1546 3313 1923 3381 oonoeditur
1964 3313 2246 3380 terrenis
2278 3333 2392 3397 pa-

450 3401 753 3469 rentibus
786 3401 859 3467 in
892 3400 1150 3481 liberos,
1186 3411 1264 3468 ut
1291 3420 1409 3468 suo
1445 3397 1719 3466 arbitrio
1752 3398 1899 3464 illos
1941 3398 2391 3484 pudefaoiant:

450 3497 697 3639 guanto
756 3486 906 3570 plus
963 3487 1371 3555 reverentiae
1416 3483 1693 3551 debetur
1734 3484 1908 3568 patri
1953 3483 2238 3564 eoelesti,
2275 3484 2391 3551 ubi

499 3572 788 3641 edeeoris
846 3586 1069 3639 notam
1114 3571 1301 3638 nobis
1343 3570 1596 3637 inurit?
1660 3570 1848 3637 Haeo
1893 3572 2060 3636 ratio
2104 3571 2230 3636 fuit
2270 3590 2393 3637 eur

451 3668 702 3743 septem
763 3658 991 3725 diebus
1044 3659 1284 3725 reieota
1336 3657 1535 3725 fuerit
1591 3656 1842 3737 Maria,
1899 3677 2029 3722 non
2084 3655 2274 3722 modo
2316 3663 2392 3723 ut

451 3765 743 3812 seorsum
799 3745 943 3828 ipsa
1000 3744 1260 3830 lugeret
1277 3795 1292 3823 ‚
1359 3742 1470 3811 sed
1517 3744 1717 3809 etiam
1761 3749 1836 3807 ut
1871 3742 2011 3809 eius
2053 3742 2391 3828 eastigatio

449 3830 758 3898 omnibus
798 3829 1155 3913 prodesset.
1242 3830 1392 3897 Hoe
1434 3827 1604 3895 idem
1649 3826 1734 3893 ad
1778 3848 1896 3894 nos
1932 3846 2187 3927 quoque
2231 3827 2387 3893 diri-

502 3917 666 3996 ‘tur,
730 3925 804 3982 ut
870 3915 1193 3983 diseamus
1248 3915 1502 4000 quoties
1558 3914 1843 3998 peooatis
1901 3920 2146 3980 nostris
2203 3912 2390 3980 Deus

450 4003 759 4070 uasoitur
815 4002 1225 4070 erubescere:
1286 4012 1481 4086 atque
1524 4000 1617 4065 ita
1653 4000 1865 4083 pudor
1908 3998 2008 4066 dis
2052 3998 2388 4067 lieentiam

447 4088 699 4172 peceati
740 4089 811 4153 in
852 4086 1039 4153 nobis
1158 4094 1359 4155 neret.
1448 4086 1656 4153 Porro
1690 4086 1815 4152 hoe
1849 4083 2129 4170 speciale
2168 4106 2388 4152 exem-

447 4173 635 4258 plum
693 4181 919 4259 postea
974 4174 1046 4238 in
1074 4109 1300 4259 ‘iggem
1347 4173 1609 4239 transiit
1643 4169 1866 4257 (Dent.
1902 4170 2007 4251 24,
2051 4170 2150 4258 9):
2197 4171 2387 4239 sicuti

451 4269 607 4326 ante
650 4259 957 4325 vidimus.
1045 4258 1216 4325 Nam
1253 4258 1368 4326 ubi
1400 4258 1582 4325 iubet
1615 4256 1800 4323 Deus
1840 4257 2133 4343 leprosos
2167 4277 2386 4343 segre-

450 4345 629 4432 gari,
684 4352 950 4414 revoeat
1000 4345 1237 4445 populo
1293 4346 1362 4412 in
1427 4343 1812 4410 memoriam
1854 4342 2013 4427 quid
2056 4341 2133 4409 de
2168 4343 2387 4410 Maria

448 4431 787 4498 statuerit:
848 4452 930 4497 ne
988 4433 1045 4497 si
1091 4440 1274 4498 intus
1317 4431 1583 4499 alantur
1624 4427 1879 4507 sordes,
1943 4428 2246 4515 oontagio
2289 4429 2383 4496 la·

447 4518 582 4584 tius
612 4526 850 4602 serpat.

1000 4856 1355 4924 NUMER.
1400 4855 1600 4924 OAP.
1643 4855 1845 4922 XIII.

625 5030 683 5095 1.
746 5028 972 5096 Postea
1031 5034 1237 5097 andem
1269 5028 1588 5115 profeetus
1632 5033 1723 5095 est
1749 5029 2032 5111 populus
2071 5029 2149 5096 de
2192 5028 2392 5096 Hase-

449 5115 590 5184 roth
603 5168 621 5197 ,
697 5121 755 5182 et
804 5117 1224 5183 castrametati
1280 5119 1429 5183 sunt
1485 5116 1555 5181 in
1610 5115 1849 5182 deserto
1915 5114 2157 5183 Paran.
2249 5115 2313 5182 2.
2340 5114 2391 5202 ¹)

629 5389 691 5459 1)
720 5389 892 5450 Heba·
928 5390 959 5441 1
997 5406 1150 5459 seqq.

1819 465 2229 535 REDITUS
2275 463 2407 533 AD
2449 463 2999 533 HISTORIAM.

4320 475 4446 541 186

2503 650 2596 720 Et
2634 653 2925 736 loquutus
2957 658 3046 721 est
3089 654 3325 723 Iebova
3368 658 3455 723 ad
3499 658 3738 739 Mosen,
3781 661 4068 728 dicendo.-
4152 662 4213 728 3.
4263 662 4450 732 Mitte

2503 738 2619 804 tibi
2673 741 2844 805 viros
2895 741 3006 823 qui
3062 742 3374 822 explorent
3426 749 3660 810 terram
3709 744 4013 813 Chanaan
4028 798 4044 828 ,
4103 769 4297 833 quam

2503 823 2775 924 daturus
2824 846 2967 892 sum
3021 825 3183 908 filiis
3227 828 3438 895 Israel
3449 879 3464 910 ‚
3514 831 3800 915 sinyulos
3841 835 4013 898 viros
4054 834 4132 899 de
4171 770 4446 920 M

2500 909 2785 1012 tribubus
2815 915 3077 999 patrum
3117 933 3378 979 suorum
3422 915 3705 1002 mittetis,
3744 922 4448 1069 muffuemqueprin-

2503 998 3356 1151 ffissmmlmmw·
3249 998 3663 1153 mim
3678 1002 4108 1156 2⁰³2...ssss
4134 1006 4446 1172 ἓξὲξ

2499 1168 2826 1267 prinsipes
2875 1168 3154 1249 filiorum
3213 1171 3421 1237 Israel
3456 1177 3649 1237 erant.
3737 1173 3798 1240 5.
3846 1175 4018 1243 Haec
4060 1181 4264 1242 autem
4296 1183 4447 1244 sunt

2505 1274 2762 1319 nomina
2819 1274 3047 1321 eorum
3137 1255 3241 1322 De
3277 1257 3447 1323 tribu
3490 1256 3729 1337 Ruben,
3769 1259 4073 1326 Sammua
4103 1261 4283 1343 filius
4318 1263 4445 1329 Za-

2506 1339 2680 1404 ebur.
2788 1339 2847 1404 6.
2906 1340 3010 1407 De
3073 1341 3243 1407 tribu
3322 1342 3599 1421 Simeon,
3680 1343 3925 1428 Saphat
3985 1345 4168 1428 filius
4254 1347 4439 1414 Hori.
4529 1386 4534 1393 ·

2509 1425 2568 1489 7.
2625 1422 2729 1489 De
2776 1425 2941 1491 tribu
3001 1426 3275 1505 1ehuda,
3342 1427 3526 1496 Galeb
3576 1429 3755 1510 filius
3810 1430 4147 1513 Iephuneh.
4235 1431 4296 1497 8.
4341 1433 4442 1500 De

2505 1510 2677 1575 tribu
2700 1511 3018 1591 Issaehar,
3043 1512 3095 1576 I
3125 1512 3191 1579 al
3205 1513 3384 1596 fillius
3407 1514 3651 1598 Ioseph.
3697 1515 3756 1582 9.
3783 1516 3885 1582 De
3916 1517 4085 1583 tribu
4105 1517 4439 1601 Ephraim,

2506 1596 2723 1696 Hosea
2774 1596 2953 1680 filius
3012 1534 3184 1664 Ngn.
3276 1600 3379 1665 10.
3447 1599 3548 1666 De
3602 1601 3772 1668 tribu
3835 1601 4203 1683 Beniamin,
4268 1603 4445 1670 Palti

2500 1681 2684 1764 filius
2738 1681 2994 1766 Raphu.
3085 1684 3185 1749 11.
3248 1685 3348 1754 De
3401 1686 3569 1752 tribu
3613 1687 3900 1768 Zebulon,
3958 1687 4230 1755 Gaddiel
4261 1689 4442 1770 filius

2509 1767 2681 1834 Sodi.
2732 1768 2832 1833 12.
2857 1767 2959 1834 De
2982 1768 3149 1834 tribu
3174 1769 3416 1853 Ioseph,
3452 1772 3528 1837 de
3547 1772 4080 1853 tribuMenasseh‚
4122 1774 4338 1841 Gaddi
4365 1774 4444 1857 fi·

2503 1854 2635 1920 lius
2674 1852 2845 1920 Susi.
2928 1854 3027 1920 13.
3072 1854 3176 1921 De
3207 1855 3375 1922 tribu
3419 1856 3591 1939 Dan,
3627 1859 3903 1925 Ammiel
3929 1858 4111 1941 filius
4149 1860 4438 1927 Gemalli.

2508 1940 2609 2005 14.
2658 1939 2760 2005 De
2811 1940 2982 2006 tribu
3037 1942 3236 2021 Aser,
3298 1941 3522 2007 Sethur
3571 1942 3751 2025 filius
3809 1944 4097 2011 Michael.
4190 1945 4291 2012 15.
4338 1945 4441 2013 De

2503 2025 2670 2091 tribu
2734 2024 3062 2108 Nephtali,
3118 2026 3333 2092 Nahbi
3384 2027 3563 2110 filius
3624 2029 3875 2111 Vophsi.
3969 2032 4071 2096 16.
4117 2030 4220 2097 De
4271 2031 4442 2098 tribu

2510 2111 2688 2189 Gad,
2742 2111 2907 2177 Guel
2943 2112 3126 2194 filius
3171 2112 3406 2180 Maelii.
3499 2113 3598 2179 17.
3645 2115 3820 2181 Haeo
3860 2121 4009 2182 sunt
4051 2118 4311 2182 nomina
4351 2119 4442 2183 vi-

2501 2217 2719 2263 rorum
2774 2218 2926 2280 quos
2970 2199 3149 2264 misit
3202 2198 3413 2265 Moses
3470 2200 3554 2265 ad
3591 2201 4042 2285 explorandam
4081 2208 4346 2269 terram.-
4386 2208 4444 2269 et

2501 2282 2839 2433 ‘iffi-‘Q
2891 2283 3105 2436 ³122?
3126 2284 3374 2436 „223⁰
3381 2285 4235 2453 fffflssssafflm⁵⁰⁸22
4281 2288 4443 2440 01¹3ss

2499 2473 2674 2520 naan
2715 2455 2927 2521 dicens
2966 2455 3129 2522 illis.-
3188 2456 4442 2538 Ascenditehaepermeridiem,eteon-

2500 2540 2815 2607 seendatis
2868 2546 3137 2608 montes.-
3224 2541 3320 2608 19.
3381 2540 3472 2608 Et
3512 2543 3911 2608 consideretis
3949 2549 4187 2610 terram
4229 2547 4441 2628 ipsam

2501 2626 2717 2709 qualis
2756 2627 2858 2704 sit,
2904 2627 3300 2709 etpopulum
3341 2629 3456 2711 qui
3486 2627 3725 2694 habitat
3766 2629 3837 2694 in
3878 2649 3969 2708 ea,
4004 2634 4216 2694 utrum
4251 2631 4440 2714 fortis

2502 2711 2590 2778 sit
2630 2732 2718 2777 an
2758 2711 2999 2793 debilis,
3045 2717 3534 2795 utrumpaueus
3573 2714 3660 2780 sit
3696 2734 3783 2780 an
3823 2713 4075 2781 multus
4120 2715 4224 2780 20.
4271 2716 4437 2797 Qua·

2502 2797 2605 2877 lis,
2649 2799 2923 2880 inquam,
2961 2798 3046 2864 sit
3077 2803 3248 2865 terra
3281 2800 3356 2866 in
3389 2820 3517 2882 qua
3559 2800 3646 2865 sit
3676 2798 3998 2880 habitator,
4031 2805 4248 2866 utrum
4279 2799 4440 2867 bona

2499 2885 2716 2950 sitan
2756 2883 3317 2967 malmetquazes
3358 2884 4044 2969 urbesinquibussit
4098 2885 4431 2966 habitator,

2497 2975 2715 3035 utrum
2747 2970 2818 3034 in
2851 2970 3081 3037 eastris
3115 2990 3199 3034 an
3234 2972 3303 3037 in
3336 2971 3801 3038 munitionibus,
3890 2971 3993 3038 21.
4038 2971 4262 3054 Qualis
4290 2992 4437 3038 rur·

2496 3076 2643 3122 sum
2695 3060 2894 3137 terra,
2950 3060 3168 3122 utrum
3202 3057 3472 3141 pinquis
3511 3057 3598 3123 sit
3637 3077 3722 3122 an
3764 3077 4011 3124 maora.-
4051 3062 4265 3123 utrum
4306 3058 4438 3124 sint

2494 3141 2567 3206 in
2608 3161 2686 3207 ea
2726 3141 2978 3209 arbores
3017 3162 3106 3208 an
3145 3161 3302 3208 non.-
3343 3142 3797 3226 etestoteforti
3831 3145 4061 3223 animo,
4109 3148 4293 3225 atque
4333 3143 4437 3209 de-

2493 3227 3070 3310 cerpiteefruetu
3131 3232 3338 3294 terrae
3396 3226 3585 3310 (Dies
3647 3228 4438 3295 autemillierantdies

2481 3313 2930 3397 primitiarum
2970 3315 3290 3396 uvarum).
3377 3313 3484 3379 22.
3519 3314 3952 3381 Ascenderunt
4006 3315 4020 3329 ‘
4072 3315 4207 3392 'ur,
4243 3318 4300 3380 et
4330 3334 4434 3380 ar-

2478 3398 2895 3481 ploraverunt
2924 3403 3175 3480 terram,
3222 3420 3266 3465 a
3298 3400 3534 3467 deserto
3573 3398 3690 3465 Sin
3724 3420 3921 3483 usque
4075 3398 4304 3480 Rebob‚
4337 3404 4435 3465 in-

2484 3484 2824 3570 grediendo
2857 3483 3160 3551 Hamath.
3239 3485 3343 3552 23.
3389 3483 3481 3551 Et
3512 3485 3917 3553 ascenderunt
3936 3507 4061 3571 per
4090 3486 4434 3565 meridiem,

2489 3575 2548 3635 et
2578 3575 2873 3637 venerunt
2907 3590 3104 3652 usque
3138 3571 3223 3636 ad
3259 3570 3529 3651 Hebron,
3567 3571 3658 3638 ibi
3701 3576 3911 3638 autem
3950 3575 4085 3638 erat
4129 3569 4432 3651 Ahiman,

2495 3656 2714 3735 Sesai,
2768 3660 2824 3721 et
2887 3655 3214 3734 Thalmai,
3266 3657 3396 3739 filii
3435 3656 3637 3722 Anao.
3726 3655 3980 3725 Hebron
4019 3677 4164 3723 vero
4206 3661 4435 3739 septem

2491 3743 2682 3808 annis
2737 3741 3067 3825 aedificata
3104 3743 3234 3826 fuit
3273 3748 3416 3809 ante
3460 3741 3630 3810 Soan
3672 3743 3774 3809 Ae
3921 3744 3966 3811 i.
4055 3741 4159 3808 24.
4210 3740 4437 3807 Perve-

2488 3834 2714 3894 nerunt
2755 3829 2966 3911 itaque
2998 3848 3193 3912 usque
3251 3829 3338 3895 acl
3379 3829 3604 3896 vallem
3646 3827 3716 3893 E
3851 3830 3894 3910 l,
3939 3834 3996 3895 et
4037 3827 4435 3895 absciderunt

2487 3913 2668 3982 illine
2720 3915 3053 3997 pahnitem
3118 3919 3176 3980 et
3228 3913 3470 3980 botrum
3512 3934 3784 3981 uvarum
3825 3934 4057 3994 unum,
4107 3918 4164 3980 et
4212 3918 4433 3996 porta-

2488 4005 2708 4067 verunt
2743 4000 2927 4066 illum
2969 4004 3126 4067 vecte
3164 3998 3317 4080 bini,
3360 4005 3418 4066 et
3456 4002 3534 4067 de
3574 3999 4029 4084 malogranatis
4070 4003 4127 4065 et
4167 3999 4243 4065 de
4278 3997 4433 4081 fieu-

2488 4086 2625 4154 bus.
2712 4086 2815 4152 25.
2874 4086 3078 4153 Lot-tw
3133 4085 3241 4152 ille
3276 4091 3530 4153 vooatus
3570 4091 3663 4152 est
3708 4085 3929 4152 Nabal
3974 4083 4206 4157 Esohol
4239 4101 4433 4167 prop·

2487 4177 2583 4239 ter
2624 4171 2864 4239 botrum
2906 4192 3088 4257 quem
3130 4172 3522 4239 absciderunt
3559 4172 3705 4238 inde
3739 4171 3868 4253 filii
3914 4171 4139 4237 Israel.

2686 4563 3111 4631 EIUSDEM
3153 4562 3666 4631 HISTORJAE
3709 4560 4240 4630 REPE'PI'PIO.

3075 4768 3207 4835 EX
3242 4770 3515 4838 DEUT.
3560 4769 3756 4836 CAP.
3794 4770 3847 4835 I.

2670 4940 2770 5007 19.
2824 4939 3093 5023 Profecti
3132 4942 3211 5008 de
3255 4940 3460 5008 Horeb
3489 4939 4070 5024 perambulavimus
4109 4942 4295 5002 totam
4335 4956 4433 5003 so-

2494 5027 2820 5127 litudinem
2874 5046 3169 5128 maynam
3225 5032 3281 5093 et
3333 5026 3672 5093 terribilem
3727 5024 3886 5090 banc
3938 5043 4130 5105 quam
4180 5022 4434 5089 vidistis

2483 5133 2611 5265 εἴ.
2649 5133 2896 5264 {aaa
2952 5112 3584 5266 DeusEriongtre'rhzmobts
3598 5247 3614 5271 ‚
3642 5283 3655 5296 ·
3679 5216 3754 5295 ap
3784 5110 4195 5294 1)ᾜεῖσῖηῇ
4234 5213 4435 5295 usque

2501 5285 2587 5351 ad
2650 5282 2850 5352 Gades
2907 5283 3185 5351 Barnea.
3274 5285 3378 5351 20.
3440 5284 3530 5349 Et
3584 5284 3728 5347 dixi
3783 5280 3988 5345 vobis.-
4050 5279 4435 5346 Perveni-stis

2501 5363 4435 5451 usqueadmontemEmorrhaeiquemIehovaDeusnoster
