5017 6142
551 404 677 472 175

551 590 819 658 decebat
873 609 1006 654 non
1064 588 1193 654 nisi
1247 587 1326 653 de
1377 587 1794 673 septuaginta
1851 588 2209 655 senioribus
2269 608 2484 673 agere,

555 696 757 761 quum
792 674 1183 758 principium
1222 674 1420 739 totius
1456 673 1610 739 mali
1644 673 1876 740 fuisset
1908 693 2137 741 carnes
2158 684 2482 758 appetere.

556 762 707 830 Uno
752 760 956 844 igitur
1000 758 1194 825 verbo
1238 759 1721 843 perstringens,
1768 780 1838 826 se
1880 759 2004 825 Dei
2050 758 2359 825 mandata
2401 758 2484 825 ad

555 845 867 934 populum
918 845 1258 924 detulisse,
1318 851 1661 927 utramque
1707 856 1962 929 partem
2011 844 2320 911 historiae
2377 845 2486 910 de-

558 935 792 1018 signat,
837 932 1019 998 cuius
1061 930 1336 996 alteram
1369 928 1604 995 deinde
1641 931 2071 1013 prosequitur.
2140 932 2239 997 Ae
2272 929 2486 1014 primo

559 1018 719 1084 dicit
775 1016 1065 1082 seniores
1118 1016 1315 1081 fuisse
1368 1023 1633 1081 vocatos
1691 1014 1772 1080 ad
1831 1015 2324 1082 tabernaculum
2342 1065 2357 1095 ,
2414 1023 2488 1080 ut

558 1104 695 1170 illic
749 1110 1125 1169 crearentur
1183 1100 1378 1166 duces
1423 1121 1497 1165 ac
1538 1101 1867 1184 praefecti.
1956 1100 2150 1183 Quod
2194 1101 2350 1167 dicit
2391 1100 2485 1166 lo-

561 1197 739 1257 catos
796 1186 999 1252 fuisse
1043 1207 1158 1269 per
1201 1186 1542 1265 circuitus,
1603 1207 1732 1251 non
1789 1186 1883 1250 ita
1938 1187 2226 1270 praecise
2281 1187 2487 1251 inter-

563 1282 779 1359 pretor
824 1294 897 1338 ac
941 1272 996 1337 si
1043 1270 1124 1335 ad
1166 1270 1293 1335 duo
1356 1271 1566 1335 latera
1623 1271 1923 1355 dispositi
1975 1271 2252 1338 fuissent
2309 1280 2486 1337 octo·

563 1357 733 1436 deni,
778 1355 1044 1423 dimidia
1076 1376 1228 1440 pars
1263 1375 1480 1423 coram
1516 1356 1684 1422 atrio
1719 1357 2023 1433 stetisset,
2063 1357 2293 1439 reliqui
2333 1376 2486 1423 vero

563 1446 838 1511 fuissent
880 1463 918 1507 a
962 1454 1144 1525 tergo
1189 1440 1623 1508 tabernaculi:
1679 1439 1790 1507 sed
1849 1444 1942 1507 ita
1984 1443 2181 1508 fuisse
2226 1443 2485 1522 locatos,

568 1543 640 1596 ut
682 1529 934 1612 aliquas
978 1528 1211 1593 saltem
1253 1534 1472 1609 partes
1532 1526 1927 1593 tabernaculi
1985 1526 2485 1594 circumdarent.

562 1614 646 1681 Id
689 1622 906 1680 autem
953 1611 1221 1696 perinde
1264 1610 1473 1676 valuit
1515 1631 1590 1677 ac
1631 1612 1686 1677 si
1730 1631 1946 1677 coram
1991 1612 2132 1678 Deo
2189 1614 2489 1678 sisteren-

568 1710 714 1767 tur:
786 1710 861 1765 ut
916 1698 1157 1763 maiore
1210 1697 1584 1775 autoritate,
1642 1704 1952 1781 tanquam
1996 1698 2075 1764 ab
2120 1700 2260 1781 ipso
2303 1697 2487 1763 missi

569 1806 814 1852 munus
872 1804 1064 1849 suum
1123 1781 1354 1847 deinde
1411 1791 1821 1848 exercerent:
1875 1784 2071 1848 simul
2115 1791 2190 1848 ιιι
2232 1803 2302 1847 se
2345 1782 2488 1847 Deo

568 1871 962 1946 addicerent,
1004 1889 1079 1934 ac
1123 1867 1414 1932 dicarent
1456 1869 1525 1931 in
1569 1868 1977 1950 obsequium,
2023 1881 2213 1951 atque
2259 1876 2331 1932 ut
2373 1887 2488 1931 ne-

569 1956 865 2027 cessariis
928 1953 1184 2018 dotibus
1246 1950 1461 2017 ornati
1526 1962 1861 2037 gestarent
1924 1954 2280 2019 vocationis
2332 1973 2488 2018 suae

571 2044 776 2128 signa.
866 2039 1017 2119 Qua
1072 2037 1324 2102 ratione
1380 2036 1577 2120 paulo
1628 2048 1774 2120 post
1834 2039 2201 2118 subiicitur,
2264 2037 2489 2102 datum

570 2128 701 2193 illis
756 2125 956 2191 fuisse
1012 2145 1093 2187 ex
1155 2123 1388 2206 spiritu
1432 2122 1636 2189 Mosis
1682 2133 1997 2206 quantum
2057 2127 2286 2207 cuique
2331 2123 2490 2188 satis

571 2217 743 2279 esset
802 2209 882 2274 ad
949 2207 1279 2274 obeundas
1338 2207 1531 2274 officii
1596 2209 1700 2273 sui
1762 2218 1997 2291 partes.
2104 2209 2252 2275 Etsi
2312 2209 2489 2273 enim

567 2303 930 2379 compertae
994 2293 1260 2359 virtutis
1337 2300 1404 2358 et
1483 2294 1752 2376 peritiae
1832 2294 2128 2360 homines
2206 2294 2491 2378 elegerat

565 2383 783 2449 Moses
825 2401 906 2445 ex
948 2377 1077 2443 Dei
1122 2376 1458 2456 mandate,
1519 2379 1761 2444 iterum
1804 2378 1884 2444 de
1925 2379 2183 2463 integro
2224 2378 2491 2444 formari

565 2465 885 2551 oportuit,
928 2484 1054 2547 quo
1097 2462 1329 2529 efficax
1374 2469 1546 2529 esset
1589 2464 1857 2530 vocatio.
1946 2462 2140 2546 Quod
2187 2463 2492 2531 dicuntur

565 2551 1016 2637 prophetasse,
1062 2548 1319 2615 visibile
1362 2547 1732 2633 symbolum
1772 2548 1902 2614 fuit
1944 2549 2257 2615 donorum
2300 2548 2492 2632 spiri-

564 2648 689 2715 tus,
730 2655 895 2719 quae
933 2632 1016 2699 ad
1051 2634 1251 2698 alium
1286 2654 1479 2698 usum
1513 2634 1910 2717 spectabant.
1966 2634 2119 2700 Non
2153 2636 2328 2699 enim
2351 2655 2489 2701 cre-

564 2723 654 2789 ati
698 2721 956 2787 fuerant
998 2718 1384 2806 prophetae:
1431 2718 1544 2784 sed
1582 2719 1788 2786 voluit
1833 2719 2010 2786 Deus
2060 2720 2182 2787 hac
2217 2729 2492 2786 externa

565 2820 718 2874 nota
763 2805 987 2872 testari
1031 2823 1230 2870 novos
1275 2823 1417 2868 esse
1461 2805 1788 2883 homiues,
1849 2826 1975 2888 quo
2019 2807 2260 2871 maiore
2305 2826 2491 2871 reve·

564 2893 780 2959 rentia
820 2912 930 2957 eos
975 2890 1303 2972 exciperet
1344 2889 1639 2973 populus
1728 2890 2082 2974 Prophetis
2124 2899 2342 2959 autem
2383 2890 2493 2955 hio

568 2975 950 3044 tantundem
1020 2995 1166 3040 meo
1236 2973 1470 3041 iudicio
1536 2974 1710 3043 valet
1775 2995 1849 3041 ac
1912 2977 2155 3043 eximia
2217 2977 2494 3043 facultas

566 3063 911 3148 magnifice
947 3059 1306 3127 disserendi
1342 3060 1421 3126 de
1457 3061 1651 3127 rebus
1687 3061 1958 3140 arcanis,
1997 3062 2105 3127 vel
2141 3061 2490 3146 mysteriis.

569 3148 831 3216 Scimus
851 3158 1074 3231 poetas
1110 3167 1149 3210 a
1183 3145 1469 3228 profanis
1503 3145 1925 3230 scriptoribus
1961 3147 2312 3231 prophetas
2344 3147 2491 3213 ideo

571 3234 806 3313 vocari,
845 3231 1015 3316 quod
1050 3232 1191 3315 ipsa
1223 3231 1476 3314 poetica
1509 3230 1941 3312 ἐνθουσιασμὸν
1963 3233 2176 3316 sapiat
2196 3232 2283 3319 (1.
2312 3232 2490 3299 Sam.

577 3320 677 3398 10,
726 3317 851 3404 10).
932 3316 1182 3383 Eodem
1237 3336 1437 3383 sensu
1496 3338 1645 3383 rara
1689 3317 2043 3384 dexteritas
2084 3319 2152 3383 in
2196 3339 2326 3402 qua
2366 3316 2495 3383 ful·

620 3403 769 3469 ebat
811 3404 1070 3469 afflatus
1122 3401 1418 3485 spiritus,
1487 3424 1723 3468 nomen
1777 3405 2156 3487 prophetiae
2195 3404 2493 3471 obtinuit.

628 3490 688 3556 ic
731 3488 972 3553 donum
1014 3486 1444 3571 prophetandi
1485 3488 1558 3552 in
1602 3488 1801 3554 Saule
1845 3489 1971 3555 fuit
2013 3490 2198 3573 quasi
2240 3490 2497 3574 insigne

572 3573 860 3659 regium:
920 3594 1000 3638 ne
1043 3572 1284 3654 absque
1329 3572 1696 3639 testimonio
1739 3574 1821 3639 ad
1864 3576 2273 3660 regnandum
2316 3594 2495 3642 acce·

574 3659 773 3726 deret.
861 3657 1092 3740 Itaque
1150 3657 1409 3723 nonnisi
1465 3657 1545 3722 ad
1593 3657 1792 3724 breve
1847 3667 2104 3745 tempus
2161 3661 2374 3744 viguit
2426 3661 2496 3724 in

572 3745 705 3811 illis
749 3743 1015 3827 spiritus
1050 3742 1462 3825 prophetiae:
1505 3744 1658 3825 quia
1692 3744 1852 3810 satis
1887 3755 2028 3811 erat
2059 3746 2258 3812 semel
2300 3747 2498 3813 fuisse

573 3830 888 3896 divinitus
920 3827 1286 3912 insignitos.
1348 3827 1456 3892 Ita
1487 3830 1664 3894 enim
1699 3831 1943 3913 accipio
1981 3829 2152 3914 quod
2188 3833 2498 3896 continuo

572 3926 720 4001 post
777 3915 931 3981 dicit
975 3913 1193 3979 Moses
1211 3965 1225 3987 ,
1286 3934 1392 3978 eos
1450 3936 1581 3980 non
1638 3914 1980 3982 addidisse.
2070 3915 2262 3998 Quod
2321 3917 2497 3982 enim

574 4000 870 4067 referunt
912 3998 1175 4083 quidam
1218 3997 1302 4064 ad
1344 4000 1771 4082 praeteritum
1816 4012 2102 4085 tempus,
2155 4002 2354 4068 nimis
2395 4021 2499 4067 co-

576 4093 793 4153 actum
848 4096 963 4151 est.
1047 4084 1287 4149 Fateor
1343 4085 1599 4167 quidem
1659 4107 1790 4151 non
1849 4095 2042 4152 antea
2094 4088 2296 4153 fuisse
2349 4106 2498 4170 pro·

574 4170 840 4255 phetas:
876 4168 991 4235 sed
1027 4169 1293 4234 minime
1329 4169 1552 4236 dubito
1587 4172 1805 4236 notari
1842 4172 2197 4255 temporale
2221 4171 2498 4238 donum:

578 4255 749 4341 quod
792 4256 966 4320 idem
1020 4263 1084 4321 et
1129 4254 1208 4320 de
1253 4253 1454 4322 Saule
1509 4266 1832 4323 narratur.
1922 4256 2139 4324 Simul
2203 4259 2380 4323 enim
2424 4278 2499 4323 ac

578 4341 908 4424 specimen
974 4341 1099 4406 Dei
1163 4341 1411 4426 gratiae
1473 4341 1541 4405 in
1609 4343 1748 4424 ipso
1813 4344 2147 4428 apparuit,
2220 4344 2500 4410 cessavit

577 4425 985 4509 prophetare.
1093 4424 1347 4492 Sensus
1411 4436 1509 4492 est
1573 4427 1807 4511 igitur,
1887 4430 2123 4514 exiguo
2191 4429 2499 4512 temporis

538 4511 787 4595 spatio
840 4510 1171 4593 probatam
1226 4510 1426 4577 fuisse
1482 4531 1707 4577 eorum
1768 4515 2170 4581 vocationem
2190 4566 2206 4594 ,
2265 4527 2339 4580 ut
2396 4535 2499 4580 res

578 4597 840 4663 insolita
883 4597 1028 4678 plus
1072 4596 1517 4662 admirationis
1562 4598 1846 4664 haberet.

747 4682 850 4747 26.
899 4680 1355 4748 Remamerunt
1385 4688 1609 4749 autem.
1677 4683 1810 4765 Qui
1840 4686 2082 4750 factum
2119 4686 2222 4764 sit,
2261 4695 2333 4751 ut
2368 4706 2500 4750 non

578 4767 1001 4852 apparuerint
1043 4767 1214 4832 inter
1270 4767 1458 4845 alios,
1514 4770 1834 4835 incertum
1878 4779 1995 4837 est.
2083 4770 2318 4836 Fuisse
2360 4771 2500 4853 qui·-

577 4852 726 4919 dem
770 4852 1006 4920 accitos
1050 4872 1088 4917 a
1123 4852 1307 4918 Mose
1353 4855 1617 4921 minime
1663 4855 1904 4935 dubito,
1952 4877 2070 4922 neo
2112 4854 2337 4922 eadem
2374 4877 2502 4939 qua

577 4939 811 5023 reliqui
852 4939 1119 5022 spiritus
1164 4938 1374 5022 gratia
1432 4937 1650 5005 donati
1707 4951 1956 5021 essent,
2010 4942 2067 5007 si
2124 4949 2501 5025 contemptu

577 5025 684 5089 vel
750 5022 1012 5105 ignavia
1076 5045 1207 5088 non
1265 5025 1597 5091 venissent
1658 5026 1737 5091 ad
1794 5034 2047 5108 tempus
2107 5026 2496 5094 condictum.

579 5107 906 5173 Probabili
960 5130 1114 5193 ergo
1175 5108 1422 5174 ratione
1466 5109 1758 5178 elicimus
1804 5133 1932 5176 non
1976 5111 2178 5177 fuisse
2226 5121 2498 5191 vocatos,

580 5195 733 5276 quia
792 5215 922 5259 non
988 5195 1232 5259 fuerint
1294 5197 1548 5277 reperti.
1658 5195 1835 5263 Hinc
1906 5197 2146 5262 factum
2208 5208 2310 5265 est
2332 5249 2348 5278 ,
2428 5206 2500 5263 ut

582 5299 806 5344 eorum
863 5280 1269 5363 ignorantiae
1312 5282 1491 5347 Deus
1548 5281 1889 5366 ignoverit.
1979 5280 2369 5367 Quanquam
2412 5284 2502 5351 si·

1938 399 2345 470 REDl'rUS
2391 400 2522 466 AD
2567 397 3112 466 HISTORIAM.

4395 394 4520 460 176

2586 586 2725 652 mul
2784 585 3140 653 notandum
3207 593 3338 666 est,
3392 604 3629 651 arcano
3674 586 3801 651 Dei
3858 583 4127 652 consilio
4173 583 4368 650 fuisse
4410 603 4526 648 re-

2584 680 2817 751 tentos,
2862 682 2938 738 ιιι
2977 671 3218 737 illustri
3263 670 3650 737 documento
3684 670 3856 754 apud
3891 669 4330 754 promiscuum
4367 668 4522 735 vul·

2585 780 2710 843 gns
2749 759 3184 824 innotesceret
3227 758 3365 821 eius
3409 757 3640 840 gratia,
3685 756 3873 822 cuius
3918 776 4047 821 non
4092 775 4318 820 omnes
4360 774 4518 820 ocu-

2586 844 2701 910 lati
2766 854 2955 909 erant
3018 852 3233 909 testes.
3342 842 3569 925 Neque
3634 845 3811 907 enim
3879 841 3960 906 ad
4025 839 4516 906 tabernaculum

2588 929 2796 995 maior
2838 950 2991 1013 pars
3031 937 3442 994 convenerat.
3535 929 3713 1012 Ergo
3769 937 3844 992 ut
3899 927 4160 1011 longius
4217 932 4517 990 manaret

2587 1015 2780 1095 fama,
2825 1024 2891 1080 et
2934 1013 3016 1080 ad
3060 1014 3317 1079 infimos
3361 1033 3563 1096 usque
3603 1013 4010 1096 perveniret,
4064 1012 4271 1079 voluit
4314 1011 4512 1076 etiam

2591 1101 2773 1165 Deus
2807 1099 2876 1164 in
2914 1097 3145 1164 mediis
3179 1099 3409 1165 castris
3442 1099 3721 1182 perspici
3745 1119 3990 1166 novum
4011 1096 4178 1162 illud
4201 1103 4266 1162 et
4289 1096 4516 1181 singu-

2588 1185 2724 1250 lare
2787 1186 3053 1268 spiritus
3118 1183 3221 1249 sui
3287 1183 3528 1249 donum
3547 1233 3562 1263 ,
3627 1205 3711 1249 ne
3776 1184 3919 1267 quis
3983 1205 4066 1248 ex
4125 1181 4395 1248 rudibus
4449 1188 4518 1247 et

2589 1291 2806 1337 crasso
2852 1271 3051 1353 vulgo
3092 1268 3417 1335 inscitiam
3461 1267 3858 1335 obtenderet.
3949 1270 4037 1334 Et
4086 1276 4354 1350 apparet
4393 1266 4516 1331 mi·

2588 1356 2807 1422 raculo
2871 1355 3073 1420 fuisse
3138 1374 3362 1419 omnes
3438 1366 3830 1421 commotos:
3909 1354 4062 1437 quia
4140 1353 4518 1419 adolescens

2588 1442 2774 1507 cuius
2817 1443 2893 1506 fit
2936 1439 3208 1521 mentio,
3260 1440 3518 1504 nonnisi
3562 1440 3655 1505 rei
3701 1440 3992 1505 novitate
4036 1438 4387 1522 perculsus,
4434 1436 4517 1503 ad

2590 1527 2821 1592 Mosen
2865 1526 3172 1605 accurrit,
3213 1536 3285 1589 ιιι
3329 1523 3644 1607 perferret
3687 1524 4132 1591 incredibilem
4180 1523 4514 1590 nuncium.

2759 1612 2859 1678 28.
2910 1610 3084 1676 Tunc
3116 1609 3433 1691 respondit
3475 1609 3801 1676 Iehosuah.
3889 1609 4185 1675 Dubium
4241 1630 4369 1674 non
4412 1614 4516 1674 est

2589 1696 2748 1780 quin
2789 1696 2990 1762 stulta
3033 1695 3193 1761 haec
3236 1713 3312 1758 ac
3370 1703 3788 1777 praepostera
3844 1695 4012 1760 zelot
4061 1695 4168 1778 pia
4219 1714 4299 1758 ex
4346 1695 4512 1759 bono

2588 1781 2772 1847 fonte
2815 1780 3197 1846 manaverit.
3265 1778 3551 1844 Videbat
3591 1779 3920 1846 Iehosuah
4026 1800 4179 1845 osen
4223 1781 4317 1844 ita
4357 1798 4514 1863 prae

2592 1866 2735 1932 aliis
2778 1866 3080 1930 omnibus
3124 1863 3460 1944 excellere,
3503 1872 3577 1929 ut
3618 1873 3767 1948 post
3809 1867 4024 1930 Deum
4068 1866 4301 1930 merito
4344 1871 4518 1929 esset

2590 1959 2783 2034 caput
2816 1950 3054 2034 populi.
3122 1951 3369 2014 Timuit
3403 1949 3602 2033 igitur
3638 1972 3721 2016 ne
3756 1950 3815 2016 si
3857 1950 4015 2034 quid
4059 1949 4397 2017 decederet
4430 1972 4514 2014 ex

2590 2040 2730 2103 eius
2773 2036 3189 2119 praestantia,
3237 2034 3661 2118 dissiparetur
3702 2036 3918 2120 gratia
3952 2034 4098 2116 Dei,
4144 2044 4209 2101 et
4252 2054 4518 2118 pessum

2591 2126 2732 2188 iret.
2801 2122 2890 2186 Et
2924 2122 3164 2188 scimus
3208 2130 3280 2185 ut
3321 2121 3533 2185 omnis
3574 2122 3707 2186 fere
3751 2122 4024 2187 mutatio
4069 2122 4266 2187 noxia
4308 2122 4412 2200 sit,
4450 2128 4517 2185 et

2591 2207 2832 2291 publici
2874 2214 3083 2272 status
3139 2207 3624 2271 concussionem
3676 2227 3896 2273 secum
3949 2206 4135 2273 ferat.
4223 2206 4402 2291 Ergo
4447 2205 4520 2270 in

2593 2291 2939 2359 asserendo
2972 2293 3114 2356 iure
3149 2291 3370 2367 Mosis,
3417 2299 3733 2374 quantum
3778 2292 3850 2357 in
3886 2314 3955 2359 se
3997 2305 4139 2358 erat
4181 2290 4521 2359 consulere

2595 2377 2803 2445 voluit
2844 2374 3134 2442 omnium
3181 2376 3402 2442 saluti:
3472 2374 3586 2441 sed
3646 2377 3770 2442 zeli
3828 2397 4130 2444 excessus
4186 2377 4522 2443 turbidum

2593 2461 2834 2546 aliquid
2901 2461 3261 2528 admixtum
3329 2461 3555 2527 habuit
3620 2484 3702 2528 ex
3768 2463 4109 2529 immodico
4173 2462 4389 2529 studio
4454 2470 4522 2527 et

2596 2569 2813 2614 amore
2836 2599 2853 2627 ,
2920 2568 3047 2631 quo
3112 2547 3343 2613 Mosen
3422 2547 3952 2632 prosequebatur.
4061 2547 4273 2615 Sicuti
4338 2547 4521 2614 nobis

2596 2654 2786 2716 saepe
2849 2632 3203 2716 contingit,
3275 2633 3577 2715 quamvis
3642 2643 3890 2700 rectum
3956 2635 4154 2700 finem
4219 2634 4287 2698 in
4351 2634 4522 2701 votis

2597 2719 2836 2785 nostris
2871 2726 3254 2800 spectemus,
3290 2716 3372 2783 ad
3408 2719 3718 2785 erraticos
3754 2727 3975 2785 tamen
3998 2719 4267 2785 affectus
4290 2718 4518 2784 delabi.

2599 2806 2776 2888 Ergo
2821 2804 3138 2870 maximos
3159 2803 3407 2870 Christi
3444 2826 3665 2870 servos
3707 2805 3801 2870 sic
3845 2807 4128 2871 revereri
4174 2804 4520 2883 discamus,

2598 2898 2675 2955 ut
2727 2889 2903 2956 solus
2959 2890 3141 2955 Deus
3192 2890 3704 2972 superemineat:
3774 2897 3841 2955 et
3904 2892 4011 2974 qui
4069 2911 4366 2956 summus
4421 2896 4524 2954 est

2597 2976 2769 3041 inter
2811 2996 3055 3054 omnes,
3099 2982 3358 3040 maneat
3402 2986 3619 3040 tamen
3660 2976 3732 3041 in
3773 2997 3891 3042 suo
3935 2975 4162 3061 gradu.
4229 2976 4374 3043 Hoc
4408 2977 4522 3040 fiet

2598 3063 2651 3127 si
2695 3060 3089 3145 principium
3132 3059 3306 3126 istud
3349 3069 3721 3141 teneamus,
3773 3061 4034 3128 diversa
4075 3062 4335 3145 quidem
4379 3080 4523 3127 esse

2599 3144 2786 3225 dona,
2832 3145 2940 3211 sed
2989 3166 3193 3210 uuum
3238 3146 3537 3228 spiritum
3584 3167 3623 3211 a
3657 3168 3782 3230 quo
3825 3149 4071 3227 fluunt,
4116 3148 4338 3213 varias
4380 3165 4522 3212 esse

2598 3231 3211 3309 administrationes,
3254 3230 3367 3297 sed
3409 3252 3613 3297 unum
3657 3253 3797 3299 esse
3840 3232 4199 3300 Dominum
4244 3233 4347 3298 cui
4391 3252 4524 3297 ser-

2600 3316 2908 3383 viendum
2952 3317 3039 3381 sit
3078 3314 3165 3403 (1.
3213 3316 3359 3383 Cor.
3408 3317 3507 3394 12,
3552 3317 3639 3404 4).
3724 3317 3915 3399 Quod
3958 3318 4131 3384 idem
4175 3317 4330 3384 alibi
4371 3338 4523 3384 oon-

2599 3404 2817 3468 firmat
2837 3402 3101 3480 Paulus,
3137 3401 3250 3467 ubi
3285 3401 3470 3469 docet
3506 3403 3599 3470 sic
3643 3401 3943 3470 distribui
3987 3403 4175 3482 dona,
4222 3412 4298 3469 ut
4332 3422 4524 3469 nemo

2599 3510 2771 3554 unus
2814 3488 3030 3554 omnia
3071 3487 3390 3565 obtineat,
3449 3488 3564 3554 sed
3607 3489 3847 3575 singuli
3891 3509 4011 3573 pro
4059 3510 4367 3555 mensura
4409 3489 4524 3555 do·

2600 3574 2880 3639 nationis
2924 3572 3177 3640 Christi
3219 3571 3416 3660 (Eph.
3463 3575 3525 3654 4,
3563 3573 3647 3660 7).

2768 3659 2870 3725 29.
2917 3658 3261 3742 Respondit
3302 3658 3529 3726 Moses.
3619 3659 3882 3742 Duplex
3940 3667 4151 3744 potest
4194 3679 4335 3725 esse
4375 3678 4527 3724 sen-

2600 3765 2729 3811 sus.
2797 3743 3081 3826 Quidam
3116 3745 3210 3810 ita
3243 3745 3569 3828 accipiunt
3607 3766 3683 3812 ac
3712 3746 3769 3810 si
3806 3744 4075 3811 dixisset
4096 3744 4345 3810 Moses:
4382 3745 4528 3810 Tua

2602 3830 2767 3895 nihil
2823 3832 3094 3895 interest
3148 3830 3203 3896 si
3261 3829 3417 3913 quid
3470 3831 3762 3897 iacturae
3819 3831 4056 3896 fecero:
4124 3850 4200 3896 ac
4257 3831 4314 3895 si
4370 3828 4526 3913 quid

2603 3916 2762 3981 mihi
2840 3914 3231 3992 detrahitur,
3294 3937 3509 3981 meum
3567 3925 3739 3982 esset
3795 3915 4012 3982 dolere
4079 3923 4148 3981 et
4210 3915 4525 3996 invidere,

2601 4023 2733 4067 non
2792 4011 2994 4066 tuum.
3080 4000 3283 4083 Atqui
3328 4001 3563 4068 Mosen
3606 4000 3965 4085 simplicius
4008 4000 4347 4085 loquutum
4382 4022 4525 4067 esse

2601 4087 2910 4167 arbitror,
2963 4107 3038 4152 ac
3081 4088 3133 4152 si
3192 4086 3489 4152 dixisset:
3554 4086 3723 4152 Vide
3766 4099 4082 4170 quantum
4126 4086 4241 4152 abs
4284 4096 4350 4152 te
4393 4085 4525 4151 dis-

2601 4173 2897 4239 sentiam.
2988 4172 3131 4256 Ego
3176 4171 3352 4237 enim
3395 4173 3577 4238 cuius
3622 4193 3882 4240 causam
3928 4173 4255 4257 suscipere
4297 4178 4360 4237 te
4401 4193 4523 4256 pu-

2601 4265 2722 4335 tas,
2757 4278 3060 4341 cuperem
3096 4258 3329 4340 spiritu
3367 4257 3747 4342 prophetico
3781 4278 4007 4324 omnes
4042 4258 4289 4324 donari.
4346 4257 4526 4323 Hinc

2600 4343 2842 4428 optime
2902 4343 3220 4409 refellitur
3274 4343 3476 4409 stulta
3531 4343 3878 4410 aemulatio
3937 4365 4100 4428 quae
4146 4345 4266 4410 Dei
4328 4344 4525 4410 bene-

2601 4429 2945 4496 dictionem
2990 4427 3358 4508 cohibebat,
3406 4430 3680 4495 summis
3723 4431 3975 4512 piorum
4019 4430 4311 4495 omnium
4354 4429 4526 4497 votis

2600 4513 3052 4599 exoptandam.
3153 4513 3417 4580 Interea
3475 4515 3861 4598 perspicitur
3911 4515 4261 4599 singularis
4321 4515 4527 4582 Mosis

2601 4599 2981 4666 humanitas
3036 4610 3099 4665 et
3156 4599 3508 4681 modestia,
3574 4622 3765 4685 quem
3823 4602 4005 4665 nulla
4058 4600 4351 4680 ambitio,
4419 4600 4523 4667 vel

2601 4686 2897 4769 privatae
2940 4684 3277 4769 dignitatis
3320 4686 3482 4751 ratio
3523 4685 3797 4770 impedit
3852 4687 4196 4769 quominus
4249 4686 4528 4752 libenter

2602 4771 2797 4835 etiam
2840 4771 3143 4837 minimos
3188 4792 3471 4855 quosque
3514 4771 3585 4836 in
3626 4773 3997 4838 societatem
4041 4770 4359 4837 admittat.
4446 4770 4525 4838 Si

2602 4856 2746 4940 quis
2791 4855 3074 4937 obiiciat,
3139 4855 3284 4922 Deo
3327 4856 3580 4940 placere
3622 4858 3704 4923 ad
3747 4856 4325 4923 commendandam
4371 4858 4526 4924 doni

2601 4942 3072 5024 praestantiam
3113 4963 3294 5008 raros
3353 4963 3493 5008 esse
3549 4943 3618 5008 in
3675 4942 3947 5009 ecclesia
4007 4945 4387 5026 prophetas,
4448 4965 4525 5012 ac

2602 5027 2873 5110 proinde
2928 5049 3059 5093 non
3118 5029 3276 5094 satis
3332 5028 3733 5094 considerate
3779 5027 4012 5094 Mosen
4074 5040 4294 5112 petere
4350 5030 4526 5112 quod

2602 5122 2854 5197 pugnat
2893 5134 3039 5179 cum
3078 5114 3199 5180 hoc
3225 5115 3346 5179 Dei
3384 5113 3682 5180 consilio:
3731 5114 4060 5198 responsio
4101 5114 4174 5179 in
4218 5125 4526 5199 promptu

2603 5207 2733 5264 est:
2779 5198 3099 5280 Quamvis
3139 5200 3214 5265 in
3255 5199 3582 5265 ordinaria
3621 5199 3762 5265 eius
3807 5198 4283 5283 dispensatione
4315 5204 4527 5269 sancti

2604 5284 3030 5369 acquiescant,
3075 5306 3150 5353 ac
3193 5288 3485 5370 persuasi
3523 5286 3656 5350 sint
3690 5285 4119 5352 rectissimum
4157 5306 4297 5352 esse
4331 5307 4530 5370 quem
