5017 6142
436 436 559 503 321

433 624 585 708 quia
628 625 688 691 si
729 623 897 691 nihil
940 624 1325 709 cuiusquam
1367 632 1544 694 esset
1582 627 1940 711 proprium,
1983 626 2167 692 nulla
2207 637 2381 694 esset

431 710 719 777 iustitiae
759 731 838 777 ac
878 710 1278 795 integritatis
1312 711 1626 795 probatio.

602 797 708 863 37.
773 795 936 863 Fuit
989 818 1131 864 vero
1193 817 1432 865 emus.
1520 797 1626 864 Ab
1691 797 1932 864 effectu
2010 797 2380 865 ostenditur

428 881 814 967 magnitudo
847 883 1191 950 victoriae:
1236 884 1390 967 quia
1432 883 1696 950 nonnisi
1738 905 1827 949 ex
1866 904 2111 968 magna
2153 892 2222 949 et
2261 904 2376 968 po·

428 969 658 1050 pulosa
697 970 964 1054 regione
1007 977 1195 1035 tanta
1235 990 1543 1052 pecorum
1602 969 1784 1053 copia
1828 970 2061 1037 confici
2101 977 2376 1053 poterat.

425 1054 579 1120 Non
621 1052 972 1122 admodum
1013 1055 1305 1122 fertilem*
1332 1056 1536 1122 fuisse
1571 1054 1904 1139 probabile
1942 1064 2059 1136 est,
2102 1054 2376 1138 ideoque

425 1141 498 1206 in
550 1140 795 1219 divitiis
851 1161 986 1207 non
1043 1141 1269 1206 vinum
1327 1151 1397 1206 et
1444 1143 1881 1222 frumentum,
1944 1140 2058 1207 sed
2115 1149 2374 1207 tantum

424 1226 737 1292 animalia
781 1236 1232 1293 numerantur.
1317 1227 1589 1294 Pascuis
1642 1238 1867 1293 tamen
1925 1227 2129 1293 fuisse
2192 1226 2377 1293 nobi-

423 1312 555 1379 lem
634 1313 952 1379 couiicere
1006 1320 1384 1398 promptum
1454 1323 1587 1380 est:
1669 1313 1823 1397 quia
1885 1320 2144 1379 montes
2208 1311 2374 1378 aridi

422 1409 521 1464 tot
585 1398 820 1479 boves,
883 1419 1147 1483 capras,
1215 1418 1372 1465 oves
1433 1409 1500 1464 et
1557 1399 1839 1465 camelos
1897 1419 2029 1465 non
2088 1399 2372 1465 alerent:

420 1505 798 1568 quanquam
840 1505 924 1550 ex
966 1484 1205 1569 puellis
1244 1484 1449 1568 liquet
1466 1535 1483 1566 ,
1538 1486 1714 1551 viros
1729 1534 1747 1564 ,
1799 1485 1912 1569 qui
1961 1484 2159 1550 occisi
2200 1494 2376 1569 sunt,

417 1570 646 1654 plures
699 1571 898 1637 fuisse
954 1592 1229 1638 numero
1292 1591 1486 1653 quam
1542 1571 1822 1638 victores
1876 1571 1989 1655 qui
2045 1570 2127 1636 ad
2185 1591 2375 1654 proe-

416 1656 586 1722 lium
638 1656 825 1722 missi
879 1657 1177 1722 fuerant:
1237 1676 1394 1721 nam
1451 1665 1525 1722 ut
1581 1655 1809 1722 demus
1851 1656 2132 1742 singulis
2172 1656 2375 1722 fuisse

420 1742 592 1808 filias
636 1744 925 1826 virgines
941 1792 958 1822 ,
1004 1742 1198 1826 triplo
1239 1744 1375 1808 fere
1419 1742 1816 1825 superabant
1848 1743 2190 1809 duodecim
2226 1742 2376 1808 mil-

420 1828 529 1893 lia.
588 1826 783 1895 Unde
824 1849 1057 1895 rursus
1099 1837 1389 1912 apparet,
1434 1827 1773 1895 victoriam
1815 1829 2017 1895 fuisse
2060 1828 2375 1894 divinitus

420 1922 700 1999 partam.
791 1914 1041 1980 Mirum
1111 1925 1327 1980 tamen
1395 1913 1608 1979 videri
1668 1922 1883 1999 potest
1949 1914 2123 1998 quod
2178 1925 2375 1998 gente

420 2000 692 2083 penitus
749 1999 996 2080 deleta,
1061 2001 1395 2084 aliquanto
1437 2008 1590 2084 post
1632 2001 1964 2066 exstiterit
2004 2001 2376 2084 posteritas,

421 2106 498 2151 ac
558 2087 616 2151 si
668 2105 755 2151 ex
818 2095 1084 2169 patrum
1150 2086 1479 2152 cineribus
1544 2086 1869 2171 progeniti
1935 2094 2157 2152 essent
2218 2087 2372 2152 novi

420 2170 844 2238 Madianitae.
954 2172 1186 2256 Neque
1264 2173 1442 2238 enim
1520 2170 1682 2237 adeo
1759 2171 2030 2257 longum
2113 2183 2375 2254 tempus

421 2258 686 2324 effluxit
752 2256 832 2324 ab
899 2257 1020 2323 hac
1084 2257 1268 2324 clade
1324 2278 1529 2338 usque
1586 2256 1668 2322 ad
1723 2266 1986 2340 tempus
2043 2255 2375 2324 Gedeonis

420 2364 553 2427 quo
615 2345 758 2410 ausi
822 2355 980 2410 sunt
1042 2344 1219 2413 ultro
1284 2343 1606 2410 lacessere
1670 2342 2004 2411 Israelitas
2022 2394 2036 2421 ‚
2113 2352 2182 2409 et
2252 2364 2372 2409 sua

419 2428 847 2496 multitudine
889 2429 1043 2495 freti
1077 2450 1501 2513 perrumpere
1544 2430 1615 2494 in
1649 2427 1936 2495 medium
1974 2429 2195 2496 sinum
2239 2437 2372 2495 ter·

416 2536 535 2581 rae
570 2516 920 2593 Chanaan:
963 2517 1097 2580 imo
1131 2516 1266 2581 iam
1299 2524 1504 2581 totam
1542 2515 1851 2581 viciniam
1886 2522 2368 2600 oppresserant.

419 2600 766 2684 Quomodo
827 2600 896 2666 id
961 2601 1338 2685 contigerit,
1411 2602 1566 2685 quia
1628 2602 1971 2686 scripturis
2037 2599 2370 2685 proditum

420 2709 559 2753 non
602 2696 731 2768 est,
788 2695 1046 2753 tantum
1092 2693 1393 2771 superest
1449 2689 1857 2768 coniectura,
1914 2687 2229 2772 plurimos
2270 2685 2374 2773 (ut

417 2774 567 2840 fieri
611 2774 778 2839 solet
819 2774 889 2838 in
930 2771 1127 2839 rebus
1169 2771 1469 2860 trepidis)
1513 2774 1640 2839 alio
1684 2774 1956 2858 fugisse,
2014 2775 2123 2856 qui
2173 2772 2373 2856 paulo

417 2870 572 2943 post
614 2860 686 2924 in
729 2879 1007 2924 vacuam
1060 2860 1534 2942 possessionem
1582 2860 1831 2925 reversi
1873 2867 2044 2925 sunt.
2138 2857 2376 2925 Subita

418 2946 603 3012 enim
657 2945 1111 3012 Israelitarum
1167 2945 1448 3029 irruptio
1500 2945 1714 3011 instar
1770 2945 2090 3029 procellae
2153 2944 2375 3010 statim

419 3033 728 3098 evanuit:
784 3052 905 3097 nec
960 3030 1243 3097 difficilis
1292 3032 1416 3097 fuit
1471 3032 1628 3116 fuga
1688 3052 1891 3116 vagae
1947 3038 2016 3097 et
2056 3032 2375 3097 erraticae

465 3119 623 3184 enti.
667 3117 853 3183 Fieri
887 3119 1086 3183 etiam
1121 3125 1356 3201 potest,
1382 3126 1456 3182 ut
1489 3117 1682 3182 multi
1719 3117 2049 3184 hincinde
2082 3117 2375 3200 hospites

419 3226 492 3269 1n
558 3213 804 3269 terram
868 3205 1007 3268 suis
1071 3203 1300 3270 incolis
1364 3204 1658 3268 orbatam
1725 3203 2187 3269 confluxerint:
2269 3203 2373 3269 vel

419 3291 623 3356 etiam
689 3301 764 3355 ut
825 3288 1165 3355 Israelitae
1243 3289 1478 3355 leviter
1541 3288 1835 3356 defuncti
1900 3290 2113 3355 officio
2178 3289 2375 3354 citius

420 3396 618 3459 quam
666 3375 934 3441 decebat
979 3376 1270 3459 receptui
1312 3376 1696 3454 cecinerint,
1747 3396 1822 3442 ac
1867 3372 2103 3442 deinde
2146 3395 2372 3440 eorum

417 3461 755 3546 pigritiam
814 3461 995 3527 ultus
1054 3461 1251 3527 fuerit
1295 3461 1500 3527 Deus.
1588 3460 1939 3544 Utcunque
1996 3461 2116 3541 sit,
2184 3460 2373 3527 doce-

418 3568 574 3613 mur
617 3547 741 3613 hoc
783 3546 1102 3631 exemplo,
1143 3546 1380 3629 impios
1422 3566 1557 3612 non
1600 3547 1821 3611 minus
1865 3567 2060 3630 quam
2104 3546 2374 3613 vitiosas

420 3642 491 3699 et
533 3634 845 3698 noxiosas
885 3631 1121 3698 herbas
1165 3632 1523 3715 pullulare,
1580 3639 1657 3697 ut
1693 3634 1952 3716 saepius
1994 3632 2196 3698 excisi
2241 3644 2373 3699 ter-

419 3738 562 3785 ram
609 3717 891 3785 subinde
931 3719 1246 3802 operiant.

941 4008 1072 4074 EX
1118 4002 1450 4075 EODEM
1494 4009 1849 4075 CAPI'PE.

594 4145 700 4212 48.
767 4145 857 4212 Et
901 4152 1288 4214 accesserunt
1339 4148 1424 4212 ad
1465 4146 1689 4214 Mosen
1731 4146 2042 4229 praefecti
2093 4146 2368 4213 millium

418 4233 717 4315 militiae,
771 4233 1012 4299 tribuni
1050 4237 1107 4298 et
1159 4235 1553 4299 centuriones
1640 4232 1743 4299 49.
1801 4231 2239 4315 Diae-rumque
2281 4235 2366 4300 ad

422 4317 674 4384 Mosen.-
736 4317 919 4384 Servi
961 4318 1057 4384 tui
1108 4317 1390 4385 levarunt
1414 4318 1461 4406 ¹)
1498 4338 1811 4385 summam
1854 4319 2137 4384 virorum
2177 4318 2364 4385 bella-

420 4409 628 4471 torum
667 4405 780 4485 qui
819 4409 965 4471 sunt
1007 4406 1076 4469 in
1108 4424 1304 4470 manu
1334 4409 1565 4482 nostra,
1607 4411 1667 4470 et
1697 4425 1822 4471 non
1854 4405 2058 4488 defuit
2088 4406 2160 4471 in
2192 4405 2365 4471 nobis

420 4491 775 4573 quisquam.
836 4489 942 4556 50.
990 4489 1329 4572 Propterea
1360 4491 1691 4557 obtaedimus
1721 4490 2080 4557 oblationem
2105 4490 2367 4558 Iehovae

418 4577 684 4659 quisque
725 4577 887 4658 quod
927 4576 1189 4656 invenit,
1228 4595 1387 4642 vasa
1429 4598 1646 4657 aurea,
1688 4576 1999 4643 brachiale
2014 4628 2029 4655 ‚
2079 4584 2138 4643 et
2178 4598 2364 4644 orna-

419 4668 702 4727 mentum
742 4682 972 4728 manus
986 4713 1002 4742 ,
1046 4663 1381 4740 annulum,
1426 4663 1712 4729 inaurem
1727 4713 1743 4744 ,
1806 4668 1864 4727 et
1911 4662 2367 4747 subliyaeulum

415 4748 757 4830 feminewn
770 4797 786 4826 ‚
844 4748 930 4813 ad
982 4748 1366 4832 expiandum
1420 4750 1674 4814 animas
1727 4753 1975 4815 nocua-s·
2013 4769 2223 4816 coram
2265 4750 2365 4814 Ie-

420 4833 597 4899 hova.
688 4834 790 4899 51.
850 4831 942 4899 Et
1020 4834 1247 4915 accepit
1333 4832 1543 4900 Moses
1606 4840 1661 4900 et
1723 4833 2004 4901 Eleazar
2075 4836 2363 4901 sacerdos

419 4939 659 4986 amum
721 4919 801 4986 ab
863 4920 1028 5001 illis,
1100 4919 1310 4986 omnia
1387 4940 1546 4986 vasa
1618 4921 1839 5004 operis,
1926 4920 2028 4987 52.
2095 4920 2364 5004 Fuitqm

421 5025 600 5072 omne
634 5026 865 5072 aurum
899 5004 1228 5072 oblationis
1263 5006 1424 5088 quod
1455 5005 1797 5072 obtulerunt
1817 5005 2082 5073 Iehovae
2104 5007 2365 5074 sedecim

420 5091 632 5158 noima
645 5142 662 5171 ,
717 5092 1085 5177 septingenti
1145 5096 1203 5157 et
1257 5091 1717 5177 quinquaqinta
1769 5092 1939 5172 sicli,
1999 5113 2041 5158 a
2094 5093 2366 5159 tribunis

416 5181 481 5243 et
513 5178 984 5245 centurionibus.
1051 5176 1153 5243 53.
1213 5174 1402 5263 (Vm
1430 5197 1696 5261 namque
1734 5180 2040 5245 exercitus
2068 5179 2370 5262 praedati

599 5366 656 5435 1)
695 5364 767 5421 In
797 5367 1046 5434 momine
1059 5388 1075 5418 .·
1110 5366 1214 5432 vel,
1250 5366 1638 5421 subduxerunt.

625 5451 845 5507 Caluini
874 5465 1060 5520 opera.
1139 5449 1260 5507 Vol.
1298 5449 1492 5508 XXV.

1860 437 2268 507 RBDI‘PUS
2319 437 2448 505 AD
2492 436 3040 508 HISTORIAM.

4302 447 4439 517 322

2478 626 2737 710 fucrant
2807 630 3070 712 quisque
3141 630 3312 713 sibi).
3399 631 3503 698 54„
3562 633 3822 717 Accepit
3895 634 4156 716 inquam
4220 636 4434 705 Moses

2481 718 2541 778 et
2581 712 2862 781 Eleazar
2900 716 3187 783 sacerdos
3229 737 3460 783 aarum
3492 740 3535 785 a
3566 720 3839 784 tribunis
3870 725 3928 785 et
3958 722 4432 802 morionibus,

2480 805 2539 864 et
2578 800 2792 866 intulit
2830 800 2995 867 illud
3032 803 3107 867 in
3139 802 3602 869 tabernaculum
3643 806 4068 886 conventioni-3,
4111 807 4180 872 in
4212 827 4432 874 mmo-

2477 885 2649 950 riam
2683 885 2843 967 filiis
2885 885 3096 954 Israel
3135 908 3341 954 eoram
3387 888 3631 956 Iehova.

2651 1055 2756 1123 48.
2821 1057 3232 1124 Accesserant
3279 1058 3480 1126 duces.
3582 1061 3713 1127 Hic
3769 1063 4152 1145 proponitur
4205 1080 4428 1131 exem-

2478 1141 2663 1225 plum
2729 1143 3009 1209 eximiae
3073 1143 3525 1228 gratitudinis,
3603 1145 3772 1229 quod
3839 1146 4037 1214 duces
4101 1150 4430 1216 exercitus

2479 1248 2684 1311 quum
2728 1228 3029 1295 viderent
3069 1230 3396 1295 neminem
3434 1252 3517 1296 ex
3551 1233 3688 1299 suis
3730 1234 4021 1317 periisse,
4087 1233 4430 1302 manubias

2480 1315 2625 1379 auri
2670 1322 2738 1379 et
2778 1315 3035 1399 argenti
3071 1315 3213 1380 Deo
3256 1325 3739 1384 consecrarunt.
3796 1317 4056 1385 Oblatis
4096 1319 4425 1402 primitiis,

2480 1399 2644 1465 satis
2687 1401 2910 1467 testati
2952 1400 3217 1466 fuerant
3259 1421 3445 1467 suam
3489 1402 3802 1487 pietatem
3845 1411 3913 1468 et
3953 1403 4424 1473 obedientiam:

2480 1505 2601 1552 nec
2657 1507 2817 1552 sane
2869 1507 2956 1552 ex
2999 1506 3128 1569 quo
3184 1485 3464 1553 fideliter
3514 1500 3865 1571 paruerant
3907 1490 4035 1556 Dei
4090 1488 4424 1570 mandato,

2478 1569 2831 1655 quidquam
2878 1572 2959 1638 ab
3002 1571 3166 1657 ipsis
3224 1572 3578 1639 desiderari
3623 1574 3908 1658 amplius
3949 1583 4240 1658 poterat:
4292 1596 4420 1659 quo

2479 1657 2626 1740 plus
2680 1657 2895 1723 laudis
2948 1666 3238 1724 meretur
3291 1678 3517 1725 eorum
3571 1659 3962 1740 liberalitas,
4030 1660 4186 1726 dum
4243 1680 4420 1728 novo

2477 1752 2545 1809 et
2588 1742 3105 1810 extraordinario
3149 1752 3298 1810 voto
3342 1765 3413 1810 se
3456 1743 3894 1830 obstringunt.
3980 1745 4243 1812 Interea
4283 1745 4420 1813 sin·

2477 1829 2710 1914 gulare
2785 1828 2915 1895 Dei
2996 1828 3386 1896 beneficium
3471 1830 3887 1897 commendat
3964 1831 4216 1912 Moses,
4307 1833 4420 1916 qui

2477 1935 2706 1981 omnes
2748 1913 2832 1980 ad
2874 1935 3078 1980 unum
3122 1915 3481 1982 incolumes
3521 1916 3786 1982 reduxit
3828 1938 3912 1982 ex
3955 1924 4141 1983 tanta
4180 1923 4419 2068 θαι-Ἔα

2476 1999 2675 2066 Certe
2718 2020 2920 2084 quum
2958 2020 3041 2066 ex
3075 2001 3302 2067 multis
3345 2002 3532 2086 pagis
3574 2002 3897 2086 abigenda
3939 2010 4160 2068 essent
4202 2023 4320 2087 spo
4351 2005 4430 2085 ‘a,

2476 2087 2720 2152 mirum
2764 2087 2889 2152 fuit
2921 2086 2992 2152 in
3028 2088 3170 2171 ipsa
3213 2085 3686 2153 discursatione
3728 2109 3861 2153 non
3906 2108 4150 2172 paucos
4193 2088 4428 2155 saltem

2476 2173 2675 2238 fuisse
2729 2172 2989 2239 occisos.
3077 2172 3257 2238 Hinc
3300 2192 3455 2271 ergo
3498 2172 3762 2256 planius
3805 2173 4129 2258 innotuit,
4179 2173 4425 2240 bellum

2464 2252 2605 2323 ‘Dei
2684 2259 2986 2343 auspiciis
3063 2266 3197 2323 tam
3291 2258 3569 2324 feliciter
3647 2258 3846 2324 fuisse
3939 2268 4199 2344 gestum
4216 2310 4234 2337 ,
4313 2261 4427 2344 qui

2476 2342 2818 2409 duodecim
2895 2344 3104 2409 millia
3182 2345 3562 2428 protexerit.
3653 2343 3760 2409 Ita
3836 2344 4236 2411 incredibilis
4295 2346 4427 2412 Dei

2474 2430 2665 2495 favor
2722 2450 2880 2514 erga
2921 2429 3235 2514 populum
3288 2450 3483 2495 suum
3525 2450 3674 2495 cum
3734 2429 3843 2512 pia
3886 2430 4124 2495 ducum
4177 2430 4426 2512 profes-

2476 2516 2660 2582 sione
2701 2515 3089 2594 celebratur,
3133 2536 3330 2597 quum
3371 2514 3612 2581 diserte
3643 2516 4051 2598 exprimitur,
4094 2535 4165 2581 se
4199 2537 4424 2603 recog·

2475 2602 2635 2667 nitis
2694 2602 2895 2685 copiis
2947 2621 3174 2666 omnes
3232 2601 3448 2667 salvos
3505 2599 3861 2683 reperisse,
3917 2622 4003 2666 no
4061 2599 4261 2667 dubia
4313 2603 4424 2669 vel

2475 2687 2752 2754 obscura
2810 2688 2899 2753 sit
2957 2685 3086 2752 Dei
3148 2687 3378 2771 gratia.
3465 2685 3700 2769 Itaque
3778 2686 4054 2752 salutem
4135 2686 4422 2753 militum

2473 2771 2841 2838 admirabili
2883 2771 3012 2838 Dei
3054 2773 3384 2857 potentiae
3422 2780 3753 2855 acceptam
3796 2773 4100 2853 ferentes,
4135 2773 4420 2855 pretium

2474 2858 2946 2942 redemptionis
2998 2859 3316 2934 offerunt,
3370 2857 3685 2940 quidquid
3744 2877 3826 2922 ex
3877 2856 4100 2942 spoliis
4157 2878 4422 2943 accepe-

2476 2954 2631 3010 rant
2673 2946 2817 3009 auri
2860 2953 2926 3010 et
2968 2945 3241 3028 argenti.
3303 2942 3646 3010 Summam
3691 2951 4156 3009 commemorat
4191 2942 4422 3024 Moses,

2475 3030 2652 3095 unde
2700 3029 2936 3095 melius
2993 3029 3241 3114 liqueat
3298 3049 3408 3094 eos
3449 3028 3522 3093 in
3577 3028 3787 3095 officio
3846 3027 4237 3111 praestando
4287 3049 4421 3095 non

2478 3116 2752 3200 vulgare
2808 3115 3064 3181 lucrum
3118 3115 3462 3199 sprevisse.
3550 3113 3724 3180 Nam
3781 3134 4039 3179 summa
4094 3115 4255 3180 haec
4304 3136 4423 3181 ex-

2477 3201 2654 3268 cedit
2706 3201 2929 3267 decem
2987 3199 3199 3265 millia
3267 3199 3580 3265 librarum
3640 3198 3913 3283 gallicae
3969 3208 4297 3281 monetae,
4357 3207 4426 3266 et

2477 3289 2872 3373 quingentas
2927 3286 3145 3353 libras.
3234 3283 3416 3367 Quid
3473 3294 3696 3350 autem
3748 3284 4034 3350 milites?
4095 3284 4252 3350 dum
4299 3304 4421 3371 pro

2477 3393 2702 3440 eorum
2746 3371 2958 3438 salute
3003 3378 3156 3438 vota
3196 3371 3562 3450 solvuntur,
3605 3391 3765 3436 suae
3806 3371 4150 3454 rapacitati
4195 3392 4424 3439 secure

2475 3458 2843 3543 indulgent.
2931 3457 3176 3524 Subest
3238 3457 3413 3522 enim
3492 3456 3691 3522 tacita
3755 3457 4184 3539 comparatio,
4263 3456 4420 3523 dum

2473 3545 2889 3612 centuriones
2966 3552 3035 3610 et
3130 3541 3429 3608 tribunos
3504 3541 3782 3607 laudans
3853 3542 4073 3607 Moses
4093 3591 4109 3623 ,
4187 3562 4421 3626 excep·

2475 3631 2719 3696 tionem
2763 3651 2921 3695 mox
2963 3628 3173 3706 addit,
3232 3628 3542 3710 cuiusque
3598 3627 3799 3692 fuisse
3852 3627 4024 3710 quod
4070 3628 4421 3710 praedatus

2475 3727 2649 3782 erat:
2696 3737 2772 3783 ac
2813 3717 3056 3782 mirum
3100 3726 3226 3794 est,
3265 3713 3449 3798 quasi
3494 3720 3755 3778 tantum
3799 3711 3926 3777 sibi
3969 3711 4257 3796 adeoque
4298 3713 4420 3781 soli

2474 3803 2788 3869 vicissent
2829 3802 3102 3881 milites,
3152 3811 3281 3864 tam
3327 3796 3654 3865 laudabile
3698 3798 4069 3881 exemplum
4087 3849 4103 3878 ‚
4164 3806 4240 3864 ut
4281 3819 4422 3864 ma-

2471 3888 2638 3973 ligni
2682 3897 2874 3954 erant
2914 3907 2990 3953 ac
3029 3886 3291 3964 sordidi,
3336 3905 3470 3950 non
3515 3883 3716 3949 fuisse
3751 3883 4056 3950 imitatos.
4103 3885 4196 3949 Et
4225 3894 4419 3966 certe,

2471 3996 2665 4059 saepe
2713 3973 3055 4063 ,contingit
3119 3971 3357 4056 vulgus
3430 3969 3654 4035 sordes
3727 3990 3883 4035 suas
3948 3970 4090 4034 sine
4173 3969 4422 4053 pudore

2471 4062 2735 4138 sectari,
2795 4069 2935 4126 tum
2981 4060 3133 4143 quia
3173 4060 3435 4143 ignorat
3477 4055 3633 4139 quid
3677 4053 3764 4121 sit
3806 4054 4211 4139 ingenuitas,
4271 4064 4415 4121 tum

2468 4149 2624 4231 quia
2680 4146 2959 4213 dedecus
3015 4147 3086 4209 in
3142 4143 3338 4209 turba
3394 4142 3573 4207 latet.
3661 4140 3927 4206 Interea
3981 4141 4418 4207 admonentur

2471 4234 2581 4318 qui
2618 4241 2950 4316 praesunt,
2994 4229 3276 4296 dandam
3312 4248 3455 4293 esse
3488 4247 3772 4310 operam,
3809 4234 3882 4291 ut
3914 4227 3982 4290 in
4018 4246 4144 4309 quo
4182 4227 4416 4294 altiore

2468 4319 2737 4385 honoris
2779 4314 2988 4402 gradu
3029 4314 3224 4383 locati
3269 4323 3441 4392 sunt,
3486 4332 3562 4378 eo
3602 4313 3814 4397 magis
3857 4312 4144 4378 emineat
4185 4332 4411 4379 eorum

2468 4406 2696 4472 virtus.

2640 4489 2743 4555 51.
2809 4487 3062 4570 Accepit
3119 4485 3352 4552 Moses,
3438 4485 3587 4550 Hoc
3672 4480 4043 4548 addendum
4110 4484 4263 4561 fuit,
4329 4503 4412 4550 ne

2466 4578 2613 4661 quis
2655 4582 2919 4659 putaret
2959 4573 3238 4638 Eleazar
3295 4593 3378 4637 ex
3422 4570 3699 4636 aliorum
3743 4568 4132 4634 liberalitate
4177 4588 4410 4652 quaes-

2467 4672 2610 4728 tum
2697 4660 2941 4727 fecisse.
3042 4658 3288 4723 Narrat
3349 4677 3504 4740 ergo
3586 4655 3807 4721 Moses
3885 4652 4196 4738 quidquid
4261 4654 4410 4719 auri

2463 4749 2679 4814 fuerat
2734 4745 3025 4813 oblatum
3042 4794 3059 4825 ,
3103 4741 3383 4809 fideliter
3438 4742 3792 4825 repositum
3853 4741 4053 4805 fuisse
4099 4740 4167 4803 in
4213 4758 4406 4804 orna·

2466 4843 2762 4899 mentum
2825 4829 3197 4897 sanctuarii.
3285 4827 3478 4911 Quod
3545 4828 3811 4894 dicitur:
3876 4824 3958 4890 In
4024 4824 4405 4890 memoriam

2465 4921 2619 4985 filiis
2661 4916 2899 4996 Israel,
2956 4926 3093 4981 tam
3135 4915 3346 4982 active
3391 4934 3585 4998 quam
3683 4914 3899 4979 assive
3942 4911 4114 4975 sumi
4155 4918 4402 4993 potest:

2467 5024 2704 5089 nempe
2748 5010 2823 5068 ut
2863 5011 3036 5068 esset
3087 5000 3436 5067 donarium
3492 4934 3679 5065 illuc?
3701 5003 4196 5095 monumentum
4254 5014 4405 5097 gra-

2468 5089 2784 5169 titudinis,
2826 5087 2937 5154 vel
2972 5094 3048 5154 ut
3079 5087 3370 5154 favorem
3388 5122 3397 5132 ·
3414 5085 3786 5152 conciliaret
3826 5080 4065 5165 populo
4098 5102 4165 5145 in
4201 5082 4408 5148 oculis

2469 5178 2631 5244 Dei:
2710 5197 2785 5242 ac
2850 5174 2909 5240 si
2971 5172 3133 5240 illud
3199 5172 3592 5255 expiationis
3669 5189 3910 5235 munus
3976 5184 4194 5230 coram
4260 5166 4405 5234 Deo

2469 5263 2731 5330 sisteret
2771 5282 2849 5328 ac
2889 5264 3410 5345 repraesentaret
3465 5277 3575 5322 eos
3619 5273 3845 5320 omnes
3888 5250 4000 5336 qui
4045 5252 4167 5319 boc
4211 5251 4405 5319 modo

2469 5347 2942 5433 profitebantur
2974 5366 3044 5413 se
3078 5346 3221 5411 eius
3264 5344 3476 5429 gratia
3508 5360 3650 5407 esse
3695 5340 3926 5406 salvos.
3984 5335 4144 5402 Mihi
4187 5347 4412 5427 poste-
