5017 6142
451 448 539 517 65

453 635 935 720 suscipiendum
982 634 1315 714 direxerit,
1360 647 1428 701 et
1462 633 1546 700 ad
1577 637 1796 717 operis
1838 634 2398 719 perseverantiam

453 721 791 808 impulerit
855 741 973 788 suo
1036 722 1290 805 spiritu.
1381 721 1566 787 Haec
1642 730 1866 787 tamen
1931 721 2147 807 gratia
2209 742 2397 805 prae-

454 811 644 894 cipue
688 807 969 893 refulget
1031 808 1101 872 in
1144 810 1312 872 miro
1355 807 1579 891 populi
1639 807 1890 874 ardore.
1977 807 2128 873 Non
2175 807 2396 873 admo-

456 895 613 961 dum
672 905 864 960 erant
924 892 1313 977 locupletes:
1373 894 1523 976 quia
1569 913 1704 959 non
1750 902 1942 960 erant
1982 893 2116 959 illis
2159 915 2315 976 opes
2359 915 2399 960 a

453 981 648 1063 longo
694 989 985 1064 tempore
1028 980 1382 1064 repositae:
1428 980 1642 1062 etqui
1684 991 1870 1045 erant
1916 979 2218 1046 ditissimi
2266 1000 2396 1044 non

453 1066 601 1151 plus
637 1065 963 1132 habebant
997 1086 1193 1150 quam
1228 1064 1453 1131 furtim
1493 1063 1904 1131 abstulerant
1936 1087 2019 1131 ex
2061 1070 2397 1151 Aegypto:

452 1162 909 1236 sumptuosum
968 1159 1109 1218 erat
1167 1150 1573 1218 aedificium:
1631 1173 1761 1218 non
1821 1151 2126 1219 desinunt
2175 1161 2395 1217 tamen

452 1238 602 1323 plus
666 1239 892 1323 largiri
956 1259 1152 1322 quam
1219 1258 1380 1321 opus
1438 1237 1557 1317 sit,
1623 1236 1827 1303 donec
1895 1237 2108 1305 edicto
2175 1238 2392 1321 prohi-

455 1326 706 1391 bentur.
794 1325 944 1390 Non
988 1323 1250 1408 vulgari
1293 1322 1494 1407 digna
1534 1323 1730 1389 laude
1774 1324 1895 1390 fuit
1930 1324 2090 1391 haec
2135 1346 2396 1407 promp-

451 1410 661 1477 titudo
706 1420 772 1476 et
813 1410 1190 1475 liberalitas.
1281 1408 1429 1489 Quo
1477 1410 1688 1494 magis
1732 1412 1972 1475 mirum
2009 1419 2140 1490 est,
2201 1409 2395 1493 paulo

451 1505 598 1581 post
640 1496 939 1582 neglecto
976 1516 1132 1561 vero
1178 1496 1337 1574 Dec,
1376 1494 1457 1560 ad
1493 1496 1680 1561 cuius
1723 1497 1972 1562 cultum
2009 1497 2105 1562 ita
2142 1497 2396 1562 accensi

447 1583 739 1662 fuerant,
807 1583 887 1647 ad
969 1580 1223 1648 foedam
1305 1578 1735 1646 idololatriam
1813 1583 2153 1666 prolapsos
2233 1602 2394 1648 esse.

454 1669 633 1736 Hinc
693 1670 1048 1746 discamus,
1095 1668 1359 1751 pietatis
1416 1666 1706 1732 studium
1768 1667 1936 1752 quod
1995 1669 2064 1734 in
2110 1669 2269 1752 ipsis
2313 1667 2396 1733 ad

456 1756 652 1821 breve
718 1765 976 1839 tempus
1042 1755 1284 1837 viguit,
1354 1772 1394 1816 a
1453 1753 1727 1836 spiritus
1791 1756 2002 1820 sancti
2077 1755 2397 1820 instinctu

456 1861 791 1907 manasse:
869 1862 1131 1906 rursum
1209 1839 1487 1923 optimos
1566 1860 1850 1925 quosque
1916 1842 2187 1906 affectus
2250 1860 2399 1905 eva-

456 1947 754 2004 nescere,
836 1927 966 1993 nisi
1041 1924 1443 1992 constantiae
1525 1923 1767 1992 donum
1837 1926 2121 1993 accedat.
2210 1926 2397 2007 Quae

453 2023 822 2096 sequuntur
879 2014 1071 2097 qnasi
1130 2013 1197 2076 in
1259 2011 1411 2076 viva
1468 2010 1683 2095 effigie
1744 2021 2240 2097 repraesentant
2296 2009 2399 2098 (ut

455 2098 770 2181 diximus)
842 2120 1039 2182 quam
1117 2096 1399 2163 fideliter
1457 2100 1799 2183 exsequuti
1884 2099 2022 2163 sint
2086 2096 2400 2181 quidquid

452 2185 639 2251 Deus
702 2192 1147 2268 praeceperat,
1214 2193 1290 2247 ut
1345 2203 1428 2247 ne
1493 2182 1560 2247 in
1629 2185 1901 2249 minimo
1965 2185 2224 2269 quidem
2290 2183 2399 2249 filo

455 2271 810 2356 quidquam
854 2282 1166 2355 appareat
1208 2268 1561 2334 diversum.

944 2661 1243 2730 EXODI
1289 2662 1487 2729 OAP.
1534 2662 1906 2729 XXXVII.

628 2872 685 2937 1.
753 2869 929 2936 Fecit
983 2870 1173 2936 etiam
1228 2867 1502 2934 Beseleel
1560 2888 1777 2934 arcam
1832 2890 1863 2934 e
1923 2870 2116 2953 liquis
2169 2870 2368 2936 sittim
2382 2896 2402 2937 .-

451 2962 720 3027 duorum
761 2957 1103 3023 cubitorum
1144 2960 1200 3020 et
1240 2954 1496 3020 dimidii
1541 2955 1853 3038 knyitudo
1896 2957 2060 3021 eius.-
2113 2955 2304 3021 cubiti
2344 2963 2403 3023 et

452 3046 709 3113 dimidii
743 3043 1004 3109 latitudo
1046 3043 1214 3107 eius:
1254 3040 1443 3108 cubiti
1485 3061 1721 3123 quoque
1754 3047 1810 3105 et
1843 3041 2099 3107 dimidii
2140 3042 2402 3110 altitudo

452 3134 606 3199 eius.
709 3130 768 3195 2.
830 3128 916 3193 Et
972 3127 1123 3193 texit
1184 3146 1323 3192 eam
1386 3147 1545 3191 auro
1608 3128 1837 3193 mundo
1900 3129 2274 3194 intrinsecus
2346 3133 2403 3194 et

449 3218 869 3285 extr-insecus.-
923 3214 1188 3297 fecitque
1240 3214 1300 3278 ei
1357 3232 1647 3278 coronam
1699 3233 1960 3279 auream
2002 3215 2073 3278 in
2116 3215 2397 3280 circuitu.

451 3305 513 3370 3.
579 3302 667 3369 Et
718 3302 891 3384 fudit
942 3301 1003 3365 ei
1058 3305 1325 3382 quatuor
1379 3298 1645 3363 annulos
1704 3319 1929 3365 aureos
1984 3300 2068 3365 ad
2133 3305 2403 3382 quatuor

452 3390 721 3474 anyulos
771 3388 936 3464 eius,
994 3386 1149 3452 duos
1208 3385 1490 3451 videlicet
1545 3384 1815 3450 annulos
1877 3387 1949 3451 in
2013 3385 2201 3451 latere
2266 3386 2402 3450 eius

450 3496 613 3553 una,
671 3479 728 3540 et
766 3474 923 3540 duos
966 3471 1232 3539 annulos
1272 3472 1344 3536 in
1384 3472 1573 3536 latere
1617 3473 1752 3536 eius
1803 3471 2013 3537 altero.
2102 3472 2162 3536 4.
2232 3469 2404 3536 Fecit

444 3568 516 3629 et
570 3566 761 3627 vectes
817 3580 847 3623 e
902 3559 1098 3642 liynis
1148 3558 1376 3633 sitim,
1431 3561 1486 3622 et
1532 3557 1684 3621 texit
1739 3577 1839 3622 eos
1893 3578 2067 3623 auro.
2158 3557 2218 3623 5.
2286 3555 2399 3622 In·

451 3647 756 3727 duxitque
808 3648 1000 3709 vectes
1047 3644 1121 3708 in
1163 3642 1431 3708 annulos
1472 3644 1541 3706 in
1583 3642 1879 3707 lateribus
1914 3662 2098 3708 arcae
2133 3643 2220 3709 ad
2249 3662 2403 3724 por·

452 3734 716 3800 tandum
769 3749 1001 3795 arcam,
1092 3729 1151 3793 6.
1222 3728 1398 3793 Fecit
1449 3734 1503 3791 et
1545 3729 2060 3811 propitiatorium
2114 3750 2191 3794 ex
2246 3748 2404 3793 auro

453 3818 720 3885 mundo:
773 3817 1039 3882 duorum
1095 3813 1439 3880 cubitorum
1482 3818 1538 3877 et
1574 3814 1833 3880 dimidii
1885 3814 2198 3899 lonyitudo
2246 3815 2401 3892 eius,

447 3904 647 3973 cubiti
682 3906 737 3967 et
777 3901 1037 3967 dimidii
1081 3900 1343 3966 latitudo
1383 3901 1539 3966 eius.
1629 3901 1688 3964 7.
1758 3899 1932 3966 Fecit
1972 3921 2207 3983 quoque
2248 3902 2406 3966 duos

453 3988 793 4058 Cherubim
834 4008 909 4054 ea:
953 4007 1112 4051 auro
1125 4034 1142 4066 ‚
1183 3986 1445 4052 ductiles
1485 3986 1631 4068 fecit
1672 4006 1773 4050 eos
1807 3988 1878 4051 in
1920 3986 2163 4052 duabus
2207 3992 2403 4052 eatre-

452 4075 783 4143 mitatibus
813 4071 1264 4155 propitiatorii.
1353 4072 1413 4136 8.
1484 4070 1722 4137 Cherub
1776 4093 1973 4137 unum
2017 4072 2098 4139 ab
2140 4078 2406 4138 extremo

455 4164 628 4239 hinc,
675 4165 731 4227 et
777 4157 1016 4226 Cherub
1059 4157 1326 4223 alterum
1367 4157 1446 4223 ab
1487 4162 1753 4223 extremo
1794 4159 1972 4224 inde.-
2028 4180 2106 4224 ex
2136 4159 2409 4242 propiti-

452 4250 658 4315 atorio
706 4247 853 4329 fecit
916 4242 1244 4309 Cherubim
1286 4244 1357 4308 in
1404 4244 1648 4310 duabus
1705 4245 2191 4311 extremitatibus
2248 4247 2404 4310 eiuS.

458 4336 521 4401 9.
593 4331 922 4399 Cherubim
979 4334 1183 4395 autem
1241 4329 1637 4396 extendebant
1688 4330 1829 4396 alas
1876 4352 2133 4398 sursum
2173 4350 2408 4410 versus,

457 4425 718 4505 teyentes
759 4418 887 4484 alis
918 4417 1060 4482 suis
1090 4417 1608 4499 propitiatorium
1643 4420 1699 4481 et
1728 4416 1926 4499 facies
1968 4438 2179 4483 eorum
2210 4418 2410 4482 altera

456 4507 547 4573 ad
634 4506 923 4572 alteram.-
1010 4504 1098 4568 ad
1168 4503 1686 4584 propitiatorium
1777 4503 1976 4585 facies
2061 4502 2407 4569 Cherubim,

468 4593 569 4659 10.
637 4590 814 4656 Fecit
867 4594 922 4655 et
976 4608 1253 4653 mensam
1308 4608 1341 4652 e
1396 4588 1589 4671 liynis
1638 4589 1862 4655 sittim.-
1917 4591 2185 4656 duorum
2242 4589 2411 4653 cubi-

466 4685 672 4744 torum
881 4676 893 4688 '
1006 4695 1041 4739 o
1096 4675 1258 4753 eius,
1325 4678 1381 4737 et
1433 4673 1621 4740 cubiti
1674 4675 1936 4741 latitudo
1993 4676 2162 4750 eius,
2223 4674 2415 4740 cubiti

464 4769 677 4830 autem
740 4768 797 4828 et
861 4760 1116 4826 dimidii
1179 4759 1441 4825 altitudo
1504 4761 1656 4826 eius.
1750 4762 1851 4826 11.
1913 4760 2002 4826 Et
2062 4762 2215 4826 texit
2276 4780 2414 4827 eam

468 4871 628 4916 auro
676 4869 845 4933 puro
859 4897 875 4926 ,
927 4846 1190 4928 fecitque
1232 4847 1291 4912 ei
1343 4865 1628 4912 coronam
1685 4868 1949 4913 awream
2003 4849 2074 4913 in
2131 4848 2413 4914 circuitu.

474 4938 573 5003 12.
643 4935 822 5001 Fecit
871 4953 1104 5015 quoque
1145 4933 1203 4997 ei
1243 4932 1604 4998 clausuram
1645 4934 1856 5014 palmi
1887 4955 2009 5016 per
2059 4933 2419 4999 circuitum:

474 5028 532 5089 et
582 5023 728 5105 fecit
768 5039 1058 5086 coronam
1090 5038 1350 5084 awream
1406 5018 1739 5084 clausurae
1781 5019 1879 5084 illi
1910 5041 2031 5102 per
2070 5019 2415 5085 circuitum.

480 5109 575 5174 13.
643 5106 846 5172 Fudit
906 5105 966 5170 ei
1029 5106 1217 5169 etiam
1288 5109 1555 5185 quatuor
1621 5106 1908 5188 annulos·
1950 5126 2204 5185 aureos,
2269 5124 2422 5187 quos

462 5195 683 5279 posuit
708 5194 779 5258 in
821 5196 1086 5273 quatuor
1121 5191 1376 5273 anyulis
1417 5192 1728 5273 quierant
1761 5193 1829 5256 in
1853 5197 2122 5274 quatuor
2152 5191 2421 5274 pedibus

477 5283 630 5348 eius.
724 5276 822 5342 14.
896 5275 1122 5341 Contra
1177 5276 1543 5342 clausuram
1594 5277 1770 5343 illam
1827 5283 2005 5343 erant
2046 5277 2270 5344 annuli
2302 5296 2422 5361 per

466 5388 631 5450 quos
706 5365 1177 5429 traducerentur
1262 5368 1452 5429 vectes
1516 5363 1602 5429 ad
1664 5365 2055 5448 portandam
2124 5382 2417 5428 mnsam.

656 5466 879 5524 omini
912 5480 1098 5534 opera.
1176 5464 1293 5522 Vol.
1329 5465 1520 5522 XXV.

1870 446 2273 515 REDITUS
2321 447 2449 514 AD
2492 445 3037 514 HISTORIAM.

4356 455 4446 520 66

2499 634 2599 701 15.
2670 633 2845 701 Fecit
2922 637 3110 701 etiam
3171 641 3363 703 vectes
3421 657 3454 702 e
3509 637 3702 721 liynis
3768 639 3967 704 sittim
3983 689 3998 718 ‚
4064 661 4220 724 quos
4280 643 4442 710 teaeit

2497 741 2674 798 aura,
2719 721 2805 787 ad
2835 722 3218 803 portandam
3258 743 3551 787 mensam.
3635 722 3734 789 16.
3780 724 3871 791 Et
3906 726 4052 809 feeit
4092 748 4249 792 vasa
4280 749 4446 809 quae

2496 812 2674 874 erant
2713 828 2903 890 super
2940 827 3235 887 mensam,
3280 808 3565 875 scutellas
3605 809 3759 891 eius,
3803 815 3860 875 et
3898 812 4244 880 cochlearia
4282 816 4439 895 eius,

2495 902 2551 960 et
2593 897 2865 960 crateras
2909 895 3061 972 eius,
3107 897 3162 957 et
3204 894 3485 976 opercula
3524 895 3752 975 quibus
3792 896 4121 980 libabatur,
4160 920 4238 965 ex
4281 922 4442 966 auro

2495 979 2743 1045 mundo,
2836 979 2935 1044 17.
3005 978 3182 1044 Fecit
3256 985 3314 1044 et
3389 980 3829 1047 candelabrum
3889 1004 3966 1048 ea:
4028 1006 4187 1050 awro
4247 1009 4437 1070 puro,

2496 1065 2722 1132 ductile
2759 1065 2906 1145 fecit
2945 1063 3415 1145 candelabrum,
3464 1065 3689 1132 hastile
3730 1068 3894 1147 eius,
3953 1068 4238 1138 calamus
4279 1074 4436 1155 eius,

2495 1150 2712 1234 scyphi
2745 1152 2897 1230 eius,
2925 1150 3296 1235 sphaerulae
3320 1152 3471 1230 eius,
3508 1157 3565 1217 et
3588 1153 3776 1233 flores
3801 1154 3939 1220 eius
3967 1176 4045 1220 ex
4069 1158 4207 1239 ipso
4239 1166 4436 1226 erant.

2501 1238 2600 1303 18.
2670 1235 2876 1302 Porro
2927 1257 3036 1302 sex
3091 1238 3326 1302 calami
3368 1237 3831 1322 eyrediebantur
3872 1261 3905 1304 e
3944 1241 4242 1308 lateribus
4279 1246 4437 1324 eius,

2494 1329 2621 1389 tres
2674 1323 2906 1387 calami
2959 1322 3319 1389 candelabri
3371 1344 3449 1389 ex
3510 1323 3701 1389 latere
3755 1327 3965 1409 ipsius
4009 1348 4157 1407 una,
4214 1335 4272 1395 et
4312 1335 4442 1397 tres

2496 1409 2729 1476 calami
2801 1409 3155 1475 candelabri
3218 1429 3296 1474 ex
3357 1409 3544 1474 latere
3606 1411 3743 1475 eius
3808 1411 4016 1479 altera.
4108 1415 4209 1481 19.
4284 1417 4442 1483 Tres

2495 1495 2716 1561 calices
2771 1495 2840 1558 in
2894 1495 3152 1577 speciem
3193 1496 3374 1561 nucis
3415 1496 3854 1580 amyqdalinae
3894 1499 4223 1581 deformati
4262 1506 4443 1569 erant

2497 1583 2570 1647 in
2623 1579 2859 1646 calamo
2914 1601 3064 1660 uno,
3127 1580 3465 1663 sphaerula
3510 1588 3567 1647 et
3609 1582 3762 1662 flos:
3817 1588 3874 1648 et
3928 1589 4056 1652 tres
4107 1586 4326 1653 calices
4366 1588 4442 1652 in

2495 1668 2759 1750 speciem
2791 1668 2973 1732 nucis
3013 1666 3454 1750 amyqdalinae
3485 1668 3818 1750 deformati
3848 1669 3919 1734 in
3950 1671 4187 1738 calamo
4221 1675 4441 1755 altero,

2495 1752 2834 1834 sphaerula
2876 1758 2932 1817 et
2964 1753 3115 1832 flos.-
3149 1754 3240 1818 sic
3281 1772 3393 1817 seoe
3434 1754 3700 1819 calamis
3739 1757 4190 1838 eyredientibus
4228 1780 4261 1823 e
4300 1780 4446 1826 canf-

2496 1839 2760 1905 delabr0.
2849 1838 2951 1903 20.
3010 1837 3101 1903 Et
3154 1839 3227 1904 in
3267 1839 3633 1905 candelabro
3688 1846 3869 1906 erant
3909 1849 4181 1924 quatuor
4222 1846 4443 1912 calices

2497 1926 2570 1989 in
2610 1924 2870 2007 speciem
2912 1925 3091 1991 nucis
3131 1924 3492 2006 deformati,
3544 1925 3917 2008 sphaerulae
3948 1930 4117 2007 eius,
4163 1934 4219 1997 et
4252 1932 4442 2011 flores

2499 2012 2654 2076 eius.
2743 2011 2847 2076 21.
2914 2009 3002 2075 Et
3037 2015 3172 2074 erat
3210 2008 3554 2092 sphaerula
3596 2012 3711 2076 sub
3767 2012 4013 2080 duobus
4052 2016 4320 2082 calamis
4364 2038 4444 2082 esc

2497 2097 2664 2178 ipsa,
2708 2101 2765 2161 et
2803 2095 3147 2177 sphaerula
3199 2097 3400 2161 altera
3440 2096 3556 2161 sub
3599 2098 3836 2165 duobus
3867 2100 4131 2166 calamis
4171 2123 4248 2168 cx
4290 2104 4446 2184 ipso,

2497 2187 2555 2249 et
2608 2182 2945 2265 sphaerula
2999 2183 3183 2248 tertia
3233 2181 3351 2247 sub
3405 2183 3646 2248 duobus
3700 2185 3967 2251 calamis
4009 2208 4085 2251 ex
4124 2189 4298 2269 ipso.-
4355 2190 4451 2254 sic

2498 2288 2612 2333 sex
2666 2267 2930 2334 calamis
2993 2266 3444 2351 eyredientibus
3494 2290 3570 2334 ex
3632 2270 3791 2349 ipso,
3881 2272 3985 2338 22.
4055 2271 4448 2354 Sphaerulae

2499 2374 2714 2419 eorum
2766 2359 2820 2419 et
2859 2353 3087 2420 calami
3138 2373 3349 2419 eorum
3400 2375 3476 2420 ex
3531 2354 3672 2437 ipso
3725 2356 4015 2439 fuerumt.-
4068 2364 4259 2424 totum
4315 2363 4449 2425 erat

2501 2440 2731 2507 ductile
2781 2460 2979 2505 unum
3034 2460 3113 2505 ecc
3169 2459 3328 2506 auro
3359 2460 3552 2521 puro.
3639 2440 3742 2507 23.
3806 2440 3979 2508 Fecit
4043 2449 4099 2508 et
4161 2445 4451 2511 lucernas

2500 2528 2639 2592 eius
2681 2531 2908 2607 septem
2921 2575 2939 2610 ‚
2976 2531 3031 2590 et
3065 2525 3338 2607 forcipes
3377 2527 3543 2606 eius,
3586 2531 3642 2590 et
3672 2529 4056 2609 receptacula
4097 2532 4307 2611 ipsius
4323 2583 4338 2612 ‚
4374 2551 4452 2596 ex

2501 2633 2663 2678 auro
2694 2631 2880 2693 parc.
2970 2612 3073 2677 24.
3135 2611 3228 2676 Et
3268 2612 3490 2677 talento
3524 2614 3682 2693 puri
3732 2616 3886 2679 auri
3925 2616 4070 2691 fecit
4109 2618 4351 2698 ipsunt,
4393 2622 4453 2682 et

2509 2700 2726 2763 omnia
2780 2717 2938 2762 vasa
2994 2700 3147 2764 eius.
3233 2696 3336 2763 25.
3408 2697 3583 2764 Fecit
3637 2699 3823 2764 etiam
3877 2700 4078 2766 altare
4139 2703 4377 2768 incensi
4420 2721 4453 2766 e

2507 2785 2703 2868 liquis
2759 2784 2988 2849 sittim:
3045 2782 3286 2849 cubitus
3340 2784 3650 2868 lonyitudo
3692 2786 3865 2850 eius.-
3923 2791 3981 2851 et
4021 2786 4265 2853 cubitus
4305 2788 4452 2852 lati-

2505 2872 2655 2937 tudo
2697 2871 2850 2948 eius,
2892 2871 3272 2952 quadratum
3287 2895 3306 2934 .·
3347 2870 3470 2934 duo
3508 2875 3712 2935 autem
3752 2872 3943 2937 cubiti
3986 2872 4243 2940 altitudo
4286 2874 4454 2939 eius.-

2508 2977 2587 3021 ex
2641 2958 2778 3038 ipso
2830 2962 3008 3022 erant
3057 2976 3287 3022 cornua
3330 2955 3486 3021 eius.
3574 2957 3676 3021 26.
3741 2957 3830 3022 Et
3878 2959 4030 3023 texit
4090 2958 4252 3025 illud
4293 2980 4451 3025 auro

2496 3062 2697 3125 pura,
2743 3045 2960 3107 tectum
3006 3043 3143 3108 eius
3183 3042 3413 3107 scilicet
3449 3047 3509 3106 et
3537 3043 3820 3123 parietes
3872 3044 4009 3109 eius
4051 3046 4121 3110 in
4161 3046 4448 3124 circuitu,

2509 3133 2568 3192 et
2607 3148 2847 3193 cornua
2889 3129 3056 3208 eius,
3097 3129 3357 3210 fecitque
3411 3129 3470 3193 ei
3523 3148 3814 3195 coronam
3868 3151 4131 3195 auream
4161 3152 4287 3213 per
4328 3132 4453 3197 cir-

2504 3215 2757 3279 cuitum.
2847 3213 2950 3279 27.
3023 3212 3206 3279 Duos
3245 3212 3538 3278 similiter
3601 3215 3868 3281 annulos
3909 3236 4135 3281 aureos
4188 3218 4333 3301 fecit
4391 3215 4452 3281 ei

2506 3299 2624 3365 sub
2680 3319 2910 3365 corona
2966 3300 3103 3364 eius
3156 3299 3227 3363 in
3267 3298 3508 3364 duobus
3563 3299 3816 3382 anyulis
3870 3304 4009 3367 eius
4023 3352 4038 3380 ,
4097 3304 4171 3367 in
4212 3303 4452 3369 duobus

2504 3385 2805 3451 lateribus
2859 3385 3021 3463 eius,
3071 3405 3191 3466 per
3247 3404 3400 3466 quos
3453 3386 3886 3453 traiicerentur
3940 3393 4135 3456 vectes
4176 3390 4262 3456 ad
4293 3409 4446 3471 por-

2504 3471 2761 3535 tandum
2803 3470 2964 3536 illud
3005 3471 3184 3552 ipsis.
3274 3470 3377 3536 28.
3445 3469 3533 3535 Et
3569 3471 3716 3553 fecit
3755 3479 3947 3541 vectes
3988 3476 4160 3556 ipsos
4193 3497 4226 3540 e
4258 3474 4456 3559 liynis

2504 3557 2733 3633 sittim,
2792 3562 2850 3622 et
2902 3557 3054 3621 tescit
3108 3576 3213 3621 cos
3268 3577 3444 3622 auro,
3532 3557 3637 3622 29.
3709 3558 3885 3625 Fecit
3933 3566 3988 3624 et
4040 3561 4238 3627 oleum
4306 3581 4454 3626 unc-

2502 3644 2711 3719 tionis,
2756 3643 3156 3722 sanctitatem,
3192 3647 3248 3708 et
3286 3642 3706 3725 suffimentum
3750 3647 4154 3713 aromaticum
4187 3668 4447 3729 purum,

2506 3749 2686 3810 opere
2726 3729 3140 3812 unquentarii.

2677 3900 2753 3966 Si
2799 3899 3082 3965 taedium
3131 3900 3361 3966 afferat
3402 3902 3699 3985 repetitio
3749 3923 3915 3985 quae
3956 3902 4028 3966 in
4074 3903 4177 3969 his
4221 3905 4450 3987 capiti·

2510 3984 2629 4052 bus
2689 3982 2895 4050 videri
2954 3997 3170 4068 posset
3227 4008 3648 4071 supervacua,
3696 4000 3994 4053 occurrat
4039 3990 4224 4054 nobis
4267 3991 4454 4072 spiri·

2508 4084 2616 4138 tus
2660 4071 3039 4151 consilium,
3086 4071 3199 4154 qui
3241 4073 3313 4136 in
3356 4075 3683 4139 narranda
3726 4074 3939 4157 operis
3981 4078 4453 4158 exsequutione

2510 4158 2738 4224 eadem
2802 4159 2936 4223 fere
3002 4156 3200 4223 verba
3264 4170 3570 4243 usurpat,
3638 4161 3871 4242 quibus
3934 4167 4088 4226 ante
4152 4163 4459 4243 exposuit

2510 4244 2641 4310 Dei
2696 4245 3041 4309 mandata:
3094 4254 3169 4308 ut
3212 4245 3495 4310 sciamus
3550 4246 3780 4310 Mosen
3831 4252 3899 4310 et
3938 4246 4114 4328 ipsos
4169 4248 4454 4314 artifices

2512 4354 2595 4397 ne
2654 4330 2999 4394 minimum
3061 4327 3318 4413 quidem
3375 4352 3661 4415 unguem
3725 4354 3764 4397 a
3821 4353 4048 4395 norma
4107 4333 4229 4398 sibi
4271 4355 4458 4417 prae-

2512 4417 2757 4500 scripta
2801 4414 3158 4482 deflexisse.
3251 4416 3595 4500 Praecepit
3638 4418 3822 4483 Deus
3879 4419 4020 4482 fieri
4065 4439 4282 4486 arcam
4329 4412 4458 4484 foe-

2512 4503 2686 4568 deris
2730 4522 2880 4567 cum
2925 4523 3043 4567 suo
3087 4502 3422 4585 operculo:
3485 4525 3622 4568 rem
3667 4505 3760 4568 ita
3818 4503 4180 4570 confectam
4225 4515 4457 4571 narrat

2516 4590 2766 4668 Moses,
2821 4600 2896 4652 ut
2940 4610 3021 4653 ne
3064 4591 3389 4653 minutum
3452 4589 3713 4672 quidem
3767 4591 4013 4672 apicem
4069 4592 4456 4673 praetermi-

2515 4675 2722 4742 serint
2779 4675 3077 4739 artifices.
3168 4674 3369 4741 Iussit
3426 4696 3720 4740 mensam
3780 4676 3920 4740 fieri
3976 4676 4255 4759 panibus
4298 4676 4456 4740 offe-

2516 4759 2775 4826 rendis:
2817 4758 3001 4823 nulla
3042 4780 3309 4843 prorsus
3353 4760 3607 4846 syllaba
3651 4762 3948 4845 neglecta
3992 4773 4107 4825 est.
4153 4762 4233 4826 In
4299 4783 4455 4827 can·

2519 4845 2780 4910 delabro
2837 4843 3065 4911 eadem
3126 4847 3352 4931 religio
3407 4847 3711 4929 parendi,
3775 4862 3846 4912 ut
3904 4847 4086 4912 nulla
4141 4847 4211 4912 in
4271 4860 4456 4930 parte

2517 4931 2986 4997 oberraverint.
3055 4932 3136 4996 In
3161 4932 3348 4997 altari
3380 4933 3833 5017 thymiamatis
3867 4935 4039 4997 inter
4074 4933 4454 5000 mandatum

2519 5026 2586 5084 et
2629 5037 2793 5101 opus
2835 5017 3001 5082 nihil
3047 5039 3313 5101 prorsus
3347 5019 3680 5085 dissimile.
3770 5019 3919 5084 Olei
3958 5018 4239 5101 denique
4281 5041 4456 5086 com-

2519 5104 2752 5188 positio
2829 5112 3054 5169 exacte
3117 5104 3426 5169 mandato
3492 5104 3860 5188 respondet.
3949 5104 4223 5170 Minime
4299 5128 4457 5192 ergo

2523 5190 2793 5256 dubium
2853 5197 2955 5254 est
3012 5189 3172 5273 quin
3216 5188 3684 5269 obedientiam,
3736 5205 3808 5255 ut
3850 5202 3949 5254 est
3991 5191 4252 5274 pietatis
4305 5194 4453 5257 fun-

2522 5276 2933 5353 damentum,
2992 5274 3401 5342 commendet
3458 5277 3706 5354 Moses,
3763 5284 3831 5340 et
3872 5277 4067 5341 simul
4114 5274 4460 5344 admoneat

2522 5361 2686 5428 nihil
2746 5363 2816 5426 in
2862 5368 2999 5428 toto
3043 5363 3221 5429 cultu
3258 5362 3657 5429 tabernaculi
3701 5383 3844 5428 esse
3899 5365 4458 5430 commentitium:
