5017 6142
464 398 548 464 69

463 587 692 653 mundi
760 584 1093 652 muliebris
1159 587 1416 671 specula
1480 596 1776 656 recenset
1839 587 2047 652 Isaias
2130 585 2234 674 (3,
2280 587 2413 674 23).

464 673 870 740 Existimant
928 682 1146 738 autem
1191 674 1470 740 feminas
1532 674 1795 758 pietatis
1862 672 2075 738 studio
2141 672 2413 753 deditas,

463 760 716 825 abiecta
772 759 886 824 illa
944 760 1270 839 vanitate,
1337 761 1407 824 in
1467 760 1912 826 testimonium
1976 759 2415 843 poenitentiae

463 867 757 912 sacrasse
802 866 922 910 sua
965 845 1246 929 specula.
1318 844 1450 912 Sed
1487 846 1628 911 fieri
1670 854 1903 930 potest,
1948 853 2025 908 ut
2067 845 2241 909 inter
2286 845 2414 910 alia

464 932 671 1012 dona,
729 930 810 995 de
854 931 1088 1014 quibus
1125 932 1368 998 dictum
1413 932 1570 1008 fuit,
1620 933 1816 998 etiam
1856 929 2120 1015 specula
2162 932 2413 997 obtule-

461 1018 628 1083 rint:
688 1038 853 1101 quae
896 1017 1107 1082 instar
1149 1017 1651 1098 emblematum,
1720 1019 1788 1082 in
1836 1017 2016 1082 labro
2064 1037 2266 1082 aeneo
2310 1019 2411 1080 in-

462 1104 642 1169 clusa
679 1104 960 1168 fuerunt.
1019 1102 1195 1169 Sunt
1238 1105 1345 1187 qui
1392 1103 1758 1169 caelaturas
1802 1105 1999 1168 fuisse
2043 1112 2294 1186 putent,
2340 1104 2412 1167 in

461 1190 699 1272 quibus
744 1188 1038 1272 depictae
1083 1199 1302 1254 esseut
1345 1190 1695 1254 mulierum
1738 1189 2076 1273 imagines,
2123 1208 2196 1254 ac
2242 1188 2298 1254 si
2342 1191 2412 1252 in

459 1277 745 1361 speculis
805 1285 1250 1340 cernerentur.
1340 1274 1510 1340 Mihi
1570 1275 1846 1361 simplex
1913 1274 2027 1338 illa
2085 1276 2415 1339 sententia

460 1365 750 1427 maxime
793 1360 1128 1444 probatur,
1175 1360 1446 1426 donaria
1482 1361 1726 1427 scilicet
1762 1363 1961 1426 fuisse
1995 1359 2230 1443 quibus
2266 1360 2415 1444 piae

456 1447 746 1513 feminae
802 1448 1251 1513 sanctuarium
1308 1448 1611 1512 decorare
1667 1447 2088 1524 studuerant,
2142 1456 2209 1511 et
2253 1448 2413 1511 arti-

460 1535 656 1601 ficum
725 1532 992 1599 consilio
1034 1540 1273 1616 ,aptata
1336 1534 1595 1598 fuerant
1657 1535 1726 1597 in
1786 1554 1937 1598 eum
1996 1553 2219 1601 usum:
2280 1554 2412 1598 non

460 1620 637 1684 enim
692 1618 1016 1702 quaslibet
1069 1619 1401 1703 designat,
1466 1617 1580 1684 sed
1636 1639 1802 1702 quae
1859 1617 2250 1695 militarent,
2308 1618 2412 1684 vel

462 1707 800 1771 turmatim
826 1705 1255 1770 convenirent
1278 1704 1357 1769 ad
1381 1705 1618 1770 ostium
1648 1704 2070 1770 tabernaculi.
2117 1704 2413 1769 Verbum

460 1792 640 1858 enim
686 1803 819 1859 &23
875 1791 1056 1856 varie
1102 1801 1441 1874 exponunt
1485 1792 1880 1874 interpretes
1923 1804 2054 1854 tam
2102 1790 2228 1855 hoc
2271 1790 2412 1856 loeo

460 1898 657 1960 quam
694 1879 765 1941 in
800 1877 1007 1941 altero
1045 1874 1377 1943 Samuelis
1414 1897 1603 1959 quem
1651 1898 1862 1960 nuper
1897 1876 2116 1943 citavi.
2177 1877 2417 1941 Trans-

459 1963 673 2028 fertur
715 1962 911 2027 etiam
958 1960 1039 2027 ad
1075 1963 1368 2043 Levitas,
1413 1964 1525 2047 qui
1570 1960 1882 2028 dicuntur
1916 1961 2198 2026 militare
2242 1962 2415 2027 mili-

460 2050 625 2114 tiam
696 2050 764 2113 in
830 2048 1203 2115 sanctuario
1270 2047 1426 2113 dum
1504 2069 1767 2132 operam
1849 2047 1975 2115 sibi
2052 2049 2412 2114 iniunctam

458 2134 852 2218 impendunt
885 2132 1109 2220 (Num.
1156 2136 1213 2214 8,
1261 2134 1390 2222 24).
1457 2135 1547 2199 Et
1590 2135 1750 2199 haec
1793 2134 2177 2217 metaphora
2219 2156 2416 2200 excu-

460 2221 590 2287 biis
626 2228 693 2285 et
727 2220 1002 2287 assiduis
1042 2219 1338 2303 precibus
1376 2241 1510 2285 non
1546 2219 1717 2286 male
1753 2220 2077 2286 convenit.
2141 2218 2417 2286 Summa

464 2316 595 2388 est,
662 2306 918 2373 labrum
983 2306 1184 2372 fuisse
1249 2307 1603 2371 conflatum
1670 2327 1753 2371 ex
1806 2327 1884 2371 ea
1940 2306 2244 2386 materia,
2297 2304 2412 2384 vel,

460 2393 633 2476 quod
689 2392 898 2476 magis
958 2391 1203 2477 placet,
1263 2391 1543 2476 speculis
1607 2392 1739 2458 illis
1805 2393 2007 2458 fuisse
2068 2392 2411 2470 caelatum,

464 2498 593 2563 quo
638 2477 1041 2562 splendidius
1077 2485 1265 2544 esset.

638 2564 740 2629 21.
800 2565 940 2630 Ista
996 2569 1143 2629 sunt
1196 2568 1547 2629 numerata.
1638 2564 1737 2629 Ac
1795 2564 1847 2627 si
1911 2562 2183 2628 dixisset
2240 2563 2410 2628 hanc

462 2670 609 2716 esse
655 2651 1220 2734 supputationem,
1279 2648 1384 2714 vel
1437 2650 1557 2714 hos
1601 2670 1742 2713 esse
1788 2669 2111 2714 numeros.
2202 2650 2413 2713 Docet

468 2737 641 2801 enim
687 2756 820 2801 000
857 2736 1050 2800 modo
1093 2737 1189 2800 ita
1232 2735 1432 2802 semel
1477 2735 1908 2818 compositum
1952 2735 2151 2799 fuisse
2195 2734 2410 2799 taber-

464 2822 797 2900 naculum,
840 2822 952 2886 sed
998 2821 1293 2906 singulas
1328 2829 1550 2904 partes
1596 2830 1772 2887 certo
1818 2841 2090 2885 numero
2128 2819 2412 2903 descrip-

462 2915 584 2987 tas,
630 2919 694 2973 et
740 2909 919 2991 quasi
966 2909 1031 2970 in
1071 2908 1312 2973 tabulis
1348 2908 1764 2990 consignatas
1799 2906 2018 2985 fuisse,
2055 2918 2131 2970 ut
2155 2907 2410 2971 Levitis

467 2992 785 3058 darentur
850 2994 919 3057 in
987 2993 1385 3073 custodiam,
1455 3015 1535 3057 ne
1600 2992 1753 3074 quid
1820 2993 2079 3075 periret.
2181 2992 2410 3075 Neque

467 3079 641 3145 enim
686 3080 794 3145 1110
839 3086 1099 3144 tantum
1147 3079 1227 3144 de
1271 3079 1532 3158 fabrica,
1580 3079 1681 3143 vel
1730 3079 2170 3143 architectura
2214 3078 2409 3143 habe-

466 3173 577 3232 tur
614 3186 848 3245 serm0,
883 3164 997 3230 sed
1036 3164 1115 3230 de
1152 3174 1469 3249 perpetua
1504 3165 1994 3230 conservatione
2016 3164 2405 3229 sanctuarii:

466 3250 636 3335 quod
683 3251 933 3317 scilicet
977 3251 1275 3317 Ithamar
1319 3248 1618 3316 sacerdos
1664 3250 1957 3334 singulas
2002 3250 2145 3314 eius
2189 3261 2411 3332 partes

464 3338 843 3420 deposuerit
886 3336 1058 3421 apud
1105 3338 1405 3416 Levitas,
1461 3335 1657 3419 idque
1701 3335 2059 3402 secundum
2103 3357 2411 3419 praecep-

466 3430 608 3488 tum
656 3424 878 3488 Mosis.

638 3509 740 3575 22.
800 3508 1078 3574 Beseleel
1119 3512 1325 3573 autem
1364 3507 1540 3589 filius
1597 3505 1733 3573 Uri.
1821 3506 2070 3571 Iterum
2128 3507 2413 3572 inculcat

465 3594 765 3661 divinum
812 3595 1010 3659 fuisse
1052 3602 1263 3658 totum
1308 3615 1502 3678 opus:
1562 3594 1715 3676 quia
1757 3601 1822 3657 et
1865 3592 2085 3658 Moses
2130 3591 2413 3657 fideliter

462 3680 781 3746 mandata
824 3680 951 3745 Dci
1007 3680 1381 3763 pertulerit,
1445 3690 1512 3744 et
1578 3688 1808 3744 exacta
1854 3678 2193 3762 diligentia
2226 3678 2410 3742 obse-

463 3768 650 3851 quuti
696 3767 940 3832 fuerint
985 3767 1287 3832 artifices.
1368 3764 1580 3830 Simul
1629 3773 1924 3830 recenset
1969 3765 2224 3848 pondus
2268 3765 2412 3829 auri

463 3863 532 3917 et
589 3854 881 3938 argenti,
950 3863 1015 3917 et
1080 3852 1268 3917 docet
1334 3852 1443 3917 ubi
1508 3859 1645 3915 tota
1703 3871 1960 3915 summa
2024 3857 2411 3932 consumpta

463 3938 685 4004 fuerit.
774 3937 968 4005 Unde
1029 3939 1397 4023 colligimus
1458 3936 1752 4022 singulos
1795 3958 1914 4000 suo
1959 3936 2167 4000 officio
2213 3936 2411 4019 probe

463 4024 668 4089 fuisse
723 4023 1095 4105 defunctos,
1161 4035 1227 4088 et
1285 4022 1612 4089 neminem
1659 4022 1825 4088 lucri
1870 4021 2223 4105 cupiditate
2268 4042 2409 4087 cor-

461 4123 734 4195 ruptum
772 4111 992 4189 fuisse,
1039 4109 1146 4174 vel
1180 4110 1489 4190 illectum,
1532 4121 1608 4173 ut
1643 4108 1725 4172 ab
1762 4108 2138 4193 integritate
2176 4107 2410 4173 descis-

462 4206 658 4262 ceret.
749 4196 1167 4280 Exprimitur
1226 4196 1423 4260 etiam
1482 4192 1657 4260 unde
1715 4194 2007 4260 confecta
2064 4193 2263 4258 fuerit
2308 4215 2408 4257 ar-

463 4284 646 4367 genti
714 4302 1002 4361 summa,
1072 4302 1309 4365 nempe
1367 4304 1450 4346 ex
1507 4301 1708 4347 censu
1773 4279 2015 4364 populi.
2105 4279 2407 4363 Vectigal

462 4370 642 4433 enim
702 4368 844 4433 sicli
903 4367 1300 4446 communis,
1362 4367 1472 4451 qui
1532 4365 1799 4431 dimidia
1856 4388 2010 4449 pars
2066 4376 2208 4429 erat
2266 4364 2405 4429 sicli

463 4456 651 4535 sacri,
673 4454 1055 4538 impositum
1092 4455 1308 4519 fuerat
1342 4454 1410 4517 in
1447 4451 1711 4538 singula
1746 4455 1977 4535 capita,
2002 4461 2080 4515 ut
2103 4450 2406 4515 vidimus.

460 4541 655 4607 Nunc
718 4538 907 4606 docet
972 4541 1191 4606 Moses
1255 4547 1461 4604 totam
1530 4540 1698 4603 banc
1775 4558 2098 4604 summam
2167 4536 2406 4619 absque

461 4625 689 4691 fraude
745 4625 1084 4692 collectam
1140 4632 1207 4690 et
1262 4631 1822 4708 repraesentatam
1889 4624 2126 4698 fuisse,
2190 4632 2258 4687 et
2315 4624 2407 4688 sic

459 4712 878 4779 distributam
924 4721 997 4776 ut
1041 4712 1209 4779 nihil
1260 4710 1700 4776 intercideret.

922 5054 1224 5122 EXODI
1271 5055 1570 5122 CAPUT
1614 5053 1955 5122 XXXIX.

632 5228 690 5293 1.
739 5226 849 5291 Ex
892 5226 1219 5311 hyacintho
1263 5233 1484 5302 autem,
1531 5232 1583 5292 et
1615 5247 1932 5309 purpura,
1978 5232 2033 5292 et
2065 5226 2403 5292 vermiculo

454 5315 613 5379 cocci
666 5314 943 5397 fecerunt
999 5319 1190 5379 vestes
1243 5314 1583 5379 ministerii
1635 5312 1721 5379 ad
1784 5313 2276 5377 ministrandum
2333 5314 2403 5376 in

1851 398 2277 468 REDPPUS
2321 400 2450 467 AD
2498 400 3042 469 HISTORIAM.

4371 405 4458 472 70

2515 590 2873 655 sanctuario
2888 598 2918 654 .
2946 590 3223 671 fecerunt
3258 592 3399 656 item
3443 597 3637 657 vestes
3668 592 4040 670 sanctitatis,
4082 614 4241 675 quae
4274 598 4458 659 erant

2516 675 2862 752 Aharonis,
2897 676 3407 759 quemadmodum
3421 683 3818 760 praeceperat
3841 676 4069 743 Iehova
4107 680 4235 759 ipsi
4261 679 4452 745 Mosi.

2516 762 2574 826 2.
2623 760 2800 826 Fecit
2842 768 2898 825 et
2939 761 3133 843 ephod
3175 783 3252 826 ex
3292 783 3481 839 auro,
3537 762 3893 847 hyacintho,
3937 769 3994 828 et
4023 784 4350 847 purpura.
4396 771 4456 831 et

2512 848 2844 913 vermiculo
2887 848 3069 923 cocci,
3128 851 3182 911 et
3238 846 3414 931 bysso
3457 853 3701 914 retorta.
3790 850 3850 915 3.
3910 848 4455 933 Extendemntque

2515 932 2795 999 bracteas
2827 953 3077 1013 aureaS,
3115 937 3171 997 et
3203 933 3554 999 inciderunt
3581 933 3715 1015 fila,
3752 941 3823 1000 ut
3854 939 4119 1001 texerent
4149 937 4220 1000 in
4253 937 4455 1002 medio

2515 1019 2847 1102 hyacinthi,
2889 1024 2945 1083 et
2979 1020 3044 1082 in
3081 1020 3279 1083 medio
3308 1040 3658 1102 purpurae,
3706 1025 3762 1085 et
3792 1023 3866 1086 in
3898 1023 4098 1087 medio
4130 1023 4455 1088 vermiculi

2514 1106 2697 1184 cocci,
2754 1110 2809 1169 et
2852 1105 2924 1169 in
2967 1105 3167 1170 medio
3210 1106 3405 1187 byssi,
3448 1125 3628 1186 opere
3657 1106 4084 1190 phryqionico.
4171 1106 4232 1173 4.
4288 1108 4458 1174 Oras

2509 1191 2786 1273 fecerunt
2829 1191 2888 1253 ei
2921 1190 3272 1270 copulantes
3303 1210 3451 1270 sese,
3497 1196 3554 1256 et
3584 1194 3655 1256 in
3690 1191 3937 1257 duabus
3968 1193 4457 1259 extremitatibus

2514 1278 2650 1342 eius
2693 1276 3228 1359 coniunyebantur.
3293 1276 3353 1341 5.
3403 1276 3490 1341 Et
3531 1278 3844 1360 cinqulum
3886 1277 4079 1359 ephod
4121 1280 4283 1361 quod
4318 1285 4457 1345 erat

2514 1382 2708 1442 super
2749 1361 2943 1438 illud,
3004 1382 3080 1427 ex
3121 1364 3260 1444 ipso
3301 1366 3434 1427 erat
3474 1364 3657 1427 iuxta
3699 1384 3855 1445 opus
3892 1384 4079 1429 suum
4093 1414 4108 1444 ,
4153 1386 4230 1429 ex
4272 1385 4452 1444 auro,

2515 1447 2859 1531 hyacintho,
2906 1453 2962 1511 et
2991 1468 3313 1530 purpura,
3358 1453 3416 1513 et
3454 1450 3787 1514 vermiculo
3830 1451 3999 1530 cocci,
4045 1456 4100 1514 et
4140 1451 4316 1534 bysso
4357 1472 4455 1516 re-

2514 1539 2691 1612 torta,
2737 1532 3249 1614 quemadmodum
3281 1540 3688 1616 praeceperat
3723 1534 3949 1600 Iehova
3996 1534 4181 1601 Most.
4260 1538 4318 1602 6.
4366 1536 4456 1601 Et

2514 1624 2887 1702 aptaverunt
2921 1619 3163 1701 lapides
3200 1619 3527 1702 onychinos
3560 1621 3969 1686 circumdatos
3999 1621 4179 1701 palis
4218 1623 4456 1702 aurei-9,

2514 1705 2780 1787 sculptos
2844 1705 3184 1787 sculpturis
3247 1706 3470 1771 annuli
3529 1715 3672 1770 cum
3747 1707 4103 1772 nominibus
4174 1706 4457 1788 filiorum

2518 1789 2744 1857 Israel.
2815 1791 2873 1855 7.
2927 1790 3268 1873 Posuitque
3299 1791 3443 1856 illos
3469 1793 3538 1856 in
3573 1792 3874 1857 lateribus
3905 1793 4117 1873 ephod,
4155 1798 4225 1857 ut
4257 1799 4456 1860 esseut

2514 1877 2757 1958 lapides
2809 1878 3144 1942 memoriae
3181 1877 3343 1957 filiis
3377 1876 3615 1956 Israel,
3660 1879 4173 1960 quemadmodum
4199 1900 4456 1961 praece-

2504 1967 2690 2046 perat
2734 1959 2964 2028 Iehova
3009 1962 3199 2028 Masi.
3291 1964 3350 2029 8.
3399 1962 3573 2029 Fecit
3615 1968 3670 2028 et
3703 1965 4004 2045 pectorale
4047 1984 4226 2045 opere
4258 1966 4454 2049 phry-

2511 2048 2747 2132 9ionis,
2788 2049 2951 2114 sicut
2991 2068 3146 2131 opus
3189 2048 3415 2130 ephod,
3461 2070 3538 2113 ex
3580 2070 3766 2129 auro,
3813 2049 4161 2133 hyacintho,
4214 2057 4269 2115 et
4295 2072 4456 2133 pur-

2502 2154 2695 2216 pura,
2740 2140 2799 2198 et
2839 2134 3172 2199 vermiculo
3213 2136 3385 2214 cocci,
3427 2140 3482 2198 et
3523 2135 3700 2218 bysso
3743 2140 3986 2200 retorta.
4054 2136 4114 2201 9.
4167 2137 4457 2217 Quadra-

2514 2225 2644 2284 tum
2688 2222 2847 2294 eiat,
2907 2220 3292 2303 duplicatum
3331 2220 3607 2302 fecerunt
3636 2222 3977 2301 pectorale:
4017 2224 4282 2304 palmus
4325 2224 4460 2288 lon-

2508 2307 2723 2389 qitudo
2802 2307 2937 2370 eius
2951 2358 2966 2385 ,
3036 2307 3414 2387 palmusque
3476 2305 3738 2370 latitudo
3802 2309 3972 2372 eius:
4047 2308 4452 2390 duplicatum.

2517 2392 2616 2457 10.
2667 2391 3084 2472 Impleverunt
3115 2397 3318 2456 autem
3352 2393 3421 2456 in
3457 2412 3522 2457 eo
3557 2396 3824 2473 quatuor
3858 2393 4109 2459 ordines
4142 2393 4456 2475 lapidum:

2515 2479 2665 2543 ordo
2709 2482 2914 2542 autem
2957 2478 3107 2543 talis
3151 2481 3302 2556 erat,
3346 2478 3621 2555 sardius,
3689 2480 3971 2558 topazius
4014 2483 4070 2543 et
4111 2480 4454 2545 carbuncu-

2515 2563 2633 2643 lus,
2677 2569 2808 2627 erat
2851 2564 2996 2627 ordo
3028 2563 3302 2643 primus.
3377 2562 3473 2628 11.
3529 2561 3696 2629 Ordo
3739 2582 3877 2627 vero
3919 2566 4239 2641 secundus,
4284 2586 4454 2631 sma-

2515 2649 2768 2732 raqdus,
2828 2648 3171 2731 sapphirus
3213 2654 3268 2712 et
3310 2649 3530 2730 iaspis.
3613 2648 3713 2713 12.
3768 2648 3932 2713 Ordo
3961 2655 4292 2728 praeterea
4337 2656 4455 2715 ter-

2514 2736 2661 2813 tius,
2707 2734 3045 2818 lyncurius,
3111 2734 3358 2800 achates
3400 2739 3453 2798 et
3495 2734 3887 2817 amethystus.
3979 2734 4077 2798 13.
4142 2734 4457 2802 Postremo

2515 2825 2777 2902 quartus
2819 2822 2993 2898 orde,
3038 2819 3480 2904 chrysolithuS,
3525 2820 3867 2903 onychinus
3909 2824 3965 2884 et
4005 2819 4290 2903 beryllus,
4335 2823 4457 2887 cir-

2515 2906 2788 2971 cumdati
2817 2906 2995 2987 palis
3026 2907 3242 2971 aureis
3274 2907 3346 2969 in
3370 2906 3875 2987 plenitudinibus
3906 2907 4061 2970 suis.
4123 2906 4223 2971 14.
4259 2906 4458 2972 Porro

2518 2992 2760 3075 lapides
2803 2992 2904 3057 illi
2949 2994 3128 3056 iuxta
3172 2993 3425 3055 nomina
3467 2991 3746 3071 filiorum
3787 2990 3999 3057 Israel
4040 2998 4246 3071 erant,
4306 2993 4458 3057 duo-

2516 3079 2712 3142 decim
2749 3079 2933 3142 iuxta
2974 3079 3227 3142 uomina
3269 3098 3496 3155 eorum,
3541 3078 3900 3158 sculpturae
3942 3077 4158 3160 siqilli,
4202 3078 4458 3159 quilibet

2516 3165 2700 3228 iuxta
2735 3184 2948 3229 nomen
2984 3184 3186 3240 suum,
3223 3164 3561 3228 secundum
3581 3163 3901 3227 duodecim
3934 3163 4153 3228 tribus.
4207 3164 4305 3230 15.
4335 3164 4455 3229 Fe-

2517 3255 2728 3315 cerunt
2768 3254 2824 3314 et
2864 3269 3054 3330 super
3098 3249 3404 3329 pectorale
3458 3254 3710 3315 catenas
3766 3249 4223 3313 terminationis
4277 3270 4460 3330 opere

2500 3335 2746 3416 plectili
2787 3356 2863 3399 ex
2899 3356 3056 3400 auro
3087 3355 3273 3415 puro.
3347 3334 3444 3398 16.
3493 3333 3795 3399 Fecerunt
3836 3335 4022 3398 etiam
4059 3336 4225 3400 duas
4255 3337 4457 3416 palas

2515 3442 2776 3497 aureas,
2830 3426 2886 3486 et
2941 3423 3094 3485 duos
3148 3420 3421 3485 annulos
3473 3440 3727 3485 aureos:
3782 3426 4248 3501 posueruntque
4303 3421 4458 3486 duos

2511 3507 2655 3573 illos
2729 3506 2994 3572 annulos
3068 3506 3140 3570 in
3215 3505 3462 3571 duabus
3538 3506 4024 3570 extremitatibus
4096 3507 4456 3588 pectoralis.

2516 3593 2615 3657 17.
2673 3592 2758 3656 Et
2799 3594 3196 3657 inseruerunt
3236 3593 3401 3656 duas
3455 3596 3708 3657 catenas
3769 3611 3999 3656 aureas
4041 3592 4281 3657 duobus
4323 3592 4459 3658 illis

2510 3679 2773 3745 annulis
2792 3679 2904 3760 qui
2925 3682 3101 3742 erant
3120 3679 3190 3741 in
3212 3678 3699 3742 extremitatibus
3725 3677 4074 3757 pectoralis
4138 3678 4237 3744 18.
4265 3677 4456 3744 Duas

2510 3770 2717 3830 autem
2780 3765 3193 3828 extremitates
3271 3762 3542 3828 duarum
3623 3769 3982 3828 catenarum
4051 3764 4450 3829 inseruerunt

2510 3850 2758 3917 duabus
2798 3851 2934 3914 illis
2963 3849 3176 3933 palis,
3221 3853 3680 3931 posueruntque
3722 3869 3831 3913 eas
3870 3850 3944 3913 in
3993 3850 4125 3913 oris
4168 3848 4364 3930 ephod
4405 3871 4449 3914 a

2507 3937 2713 4020 fronte
2745 3937 2970 4017 ipsius.
3041 3935 3142 4001 19.
3188 3934 3492 4001 Fecerunt
3524 3937 3668 4000 item
3700 3936 3856 3999 duos
3898 3935 4163 3999 annulos
4207 3955 4450 4014 aureos,

2511 4043 2664 4105 quos
2694 4026 3048 4104 posueruut
3079 4022 3150 4086 in
3183 4020 3431 4086 duabus
3466 4021 3955 4086 extremitatibus
3989 4022 4339 4102 pectoralis,
4383 4023 4455 4085 in

2511 4130 2622 4174 ora
2657 4109 2795 4173 eius
2830 4127 2989 4189 quae
3023 4112 3158 4172 erat
3191 4107 3261 4172 in
3298 4107 3488 4172 latere
3523 4104 3716 4188 ephod
3751 4107 4144 4170 intrinsecus.
4203 4106 4307 4172 20.
4336 4106 4454 4171 Fe-

2511 4199 2724 4259 cerunt
2755 4199 3083 4276 praeterea
3127 4193 3289 4257 duos
3330 4192 3494 4257 alios
3534 4193 3801 4256 annulos
3847 4211 4090 4271 aureos,
4155 4212 4306 4273 quos
4341 4213 4454 4275 po-

2509 4285 2770 4347 suerunt
2812 4281 2883 4343 in
2921 4278 3169 4344 duabus
3201 4279 3335 4344 oris
3375 4277 3570 4359 ephod
3602 4278 3860 4359 inferne,
3907 4299 3948 4340 a
3980 4277 4188 4358 fronte
4220 4280 4451 4359 ipsius,

2512 4365 3600 4534 .reassumere
3643 4383 3905 4515 {mis
3912 4363 4210 4515 aaa
4238 4366 4456 4515 aa:

2510 4539 2604 4604 los
2646 4537 2855 4618 ipsius
2894 4536 3106 4616 ephod,
3147 4536 3256 4616 filo
3290 4535 3701 4618 hyacinthi-nc,
3746 4540 3816 4599 ut
3856 4540 4053 4600 essent
4093 4555 4291 4618 supra
4325 4536 4454 4600 bal

2511 4629 2674 4690 teum
2709 4623 2915 4703 ipsius
2947 4621 3139 4702 ephod
3152 4672 3168 4700 ,
3203 4642 3398 4703 neque
3429 4626 3750 4701 separetur
3772 4620 4085 4701 pectorale
4117 4620 4194 4685 ab
4228 4621 4421 4702 ephod
4432 4647 4452 4686 .-

2510 4708 3024 4792 quemadmodum
3049 4712 3454 4788 praeceperat
3480 4706 3708 4771 Iehova
3743 4706 3876 4788 ipsi
3898 4706 4086 4772 Mosi.
4146 4707 4248 4771 22.
4277 4706 4452 4771 Fecit

2509 4797 2771 4878 iusuper
2799 4795 3079 4874 pallium
3121 4794 3250 4875 ipsi
3292 4794 3483 4876 ephod
3526 4814 3699 4874 opere
3741 4794 4020 4865 textoris,
4066 4797 4257 4857 totum
4299 4792 4451 4873 hya-

2510 4882 2871 4946 cinthinum.
2937 4879 3039 4944 23.
3088 4879 3175 4943 Et
3214 4879 3500 4961 foramen
3521 4880 3720 4961 pallii
3753 4880 3822 4943 iu
3859 4878 4057 4942 medio
4091 4879 4246 4957 ciue,
4290 4880 4453 4942 sicut

2505 4968 2791 5050 foramen
2845 4966 3099 5038 loricae.
3166 4964 3411 5029 labrum
3467 4970 3603 5030 erat
3656 4967 3728 5028 in
3782 4963 4017 5043 orificio
4074 4964 4282 5044 ipsius
4327 4985 4450 5044 per

2508 5053 2853 5128 circuitum,
2891 5073 2968 5115 ne
2997 5052 3412 5134 franqeretur.
3486 5051 3586 5116 24.
3628 5049 4043 5128 Feceruutque
4076 5049 4147 5112 in
4176 5049 4451 5129 fimbriis

2497 5139 2693 5221 pallii
2739 5138 3167 5221 maloqranata
3223 5157 3298 5201 ea
3340 5136 3697 5219 hyacintho.
3742 5141 3798 5200 et
3838 5153 4137 5214 purpura
4151 5185 4165 5211 ,
4223 5140 4278 5199 et
4318 5156 4450 5199 ver-

2508 5224 2733 5291 miculo
2778 5226 2951 5301 cocci,
2996 5228 3051 5289 et
3090 5223 3265 5305 bysso
3307 5228 3552 5288 retorta.
3640 5220 3743 5285 25.
3792 5219 4094 5284 Fecerunt
4138 5225 4191 5284 et
4233 5222 4450 5286 tintin-

2507 5310 2741 5376 nabula
2785 5330 2863 5375 ex
2915 5331 3072 5376 auro
3123 5329 3317 5390 puro,
3367 5311 3827 5390 posueruntque
3868 5305 4287 5373 tintinnabula
4330 5308 4452 5372 illa

3974 5406 4041 5461 5*
