5017 6142
702 473 830 543 483

708 680 935 728 eorum
992 658 1362 727 infirmitati
1418 656 1744 724 consuluit
1786 652 1969 718 Deus
2022 669 2106 714 ne
2160 646 2311 732 plus
2341 645 2656 745 ‘ini-unge-

706 755 814 816 ret
854 747 1092 828 oneris,
1133 765 1330 830 quam
1373 748 1591 810 esseut
1632 736 1918 819 ferendo,
1963 734 2166 834 donec
2207 751 2249 798 a
2290 751 2494 797 mmlo
2536 750 2653 814 pa-

709 853 870 901 vore
938 833 1211 900 recreati
1229 883 1244 912 ,
1308 828 1618 895 mandata
1686 825 1828 892 eius
1882 822 2164 889 alacrius
2218 825 2651 902 capesserent.

704 920 966 987 Verum
1008 915 1267 1002 quidem
1312 924 1439 995 est,
1483 932 1679 979 usum
1720 929 1901 976 nunc
1944 907 2143 972 fuisse
2173 923 2415 1005 'eorum
2457 899 2654 966 indu-

710 1006 907 1082 stria,
966 1003 1206 1089 partim
1250 1023 1332 1068 ne
1376 1019 1633 1083 semper
1673 992 2006 1062 miraculis
2047 991 2408 1090 inhiarent,
2463 1006 2542 1053 ac
2583 1007 2655 1053 se

713 1090 1027 1158 dederent
1066 1090 1089 1154 i
1139 1089 1387 1164 navias,
1433 1085 1669 1170 partim
1714 1081 1887 1147 utin
1933 1077 2208 1144 diversis
2243 1087 2309 1140 et
2340 1093 2651 1157 inaequa-

713 1176 882 1244 libus
925 1111 1161 1260 agangi
1203 1173 1413 1240 modis
1455 1167 1883 1235 nihilominus
1921 1183 2178 1246 semper
2222 1165 2653 1261 agnoscerent

713 1261 983 1330 eandem
1043 1261 1182 1326 eius
1244 1258 1623 1344 potentiam.
1710 1251 1847 1319 Sed
1910 1250 2071 1316 haec
2122 1246 2424 1347 specialis
2479 1251 2650 1309 ratio

712 1347 982 1414 minime
1021 1344 1410 1411 omittenda:
1475 1341 1632 1427 quia
1688 1336 1980 1404 nondum
2019 1340 2295 1400 recreati
2335 1340 2526 1398 erant
2567 1351 2652 1430 ex

714 1441 990 1513 terrore,
1056 1433 1169 1497 vix
1213 1429 1501 1514 potuisse
1544 1426 1627 1493 ad
1683 1445 1723 1490 a
1804 1431 1982 1487 rtum
2026 1419 2401 1517 conflictum
2455 1415 2650 1496 trahi,

712 1518 843 1585 nisi
901 1524 1216 1600 tanquam
1254 1513 1614 1581 subsidium
1659 1529 1699 1575 a
1745 1508 1879 1575 dita
1923 1514 2093 1573 esset
2110 1503 2404 1605 ‘fallendi
2448 1501 2651 1601 soler-

710 1605 821 1669 tia.
911 1602 1307 1686 Quanquam
1350 1600 1633 1684 primum
1671 1593 1951 1679 gradum
1994 1592 2246 1657 obtinet
2286 1606 2651 1674 promissio,

710 1689 814 1755 Ne
858 1689 1118 1754 timeas:
1184 1686 1341 1771 quia
1383 1682 1622 1751 tradidi
1671 1701 1813 1747 eam
1857 1680 1927 1744 in
1972 1696 2210 1742 manus
2245 1683 2417 1741 tuas:
2485 1693 2653 1773 quae

710 1773 974 1840 tametsi
1018 1770 1217 1839 verbo
1261 1780 1449 1837 tenus
1493 1769 1575 1836 ad
1612 1766 1808 1833 Iosue
1851 1762 2173 1848 dirigitur,
2217 1766 2654 1859 communiter

712 1868 933 1925 tamen
990 1858 1072 1925 ad
1138 1865 1345 1923 totum
1402 1854 1715 1940 populum
1772 1849 2087 1936 pertinet:
2154 1848 2310 1930 quia
2367 1863 2653 1911 maxime

713 1964 978 2011 necesse
1012 1944 1152 2024 fuit,
1196 1961 1422 2009 omnes
1457 1939 1539 2006 ad
1573 1957 1802 2017 unum,
1845 1936 2060 2003 soluta
2096 1934 2446 2013 anxietate,
2480 1949 2654 2030 nova

715 2030 954 2097 fiducia
1028 2029 1287 2096 instrui.
1373 2026 1580 2092 Porro
1699 2020 1829 2090 uod
1906 2020 2140 2086 urbem
2214 2018 2394 2085 iubet
2463 2036 2654 2083 exuri

715 2115 909 2183 sicuti
950 2112 1235 2195 Iericho,
1303 2112 1569 2178 videtur
1621 2109 1646 2174 i
1746 2105 2099 2175 concedere
2151 2103 2372 2188 populi
2429 2101 2653 2181 dolori,

717 2210 792 2269 ut
849 2200 1178 2267 dedecoris
1221 2199 1536 2264 memoria
1576 2196 1701 2262 hac
1742 2191 2034 2261 vindicta
2089 2189 2459 2256 aboleatur:
2526 2208 2653 2273 quo

715 2295 935 2353 tamen
977 2284 1288 2352 libentius
1330 2281 1806 2367 expeditionem
1849 2275 2229 2360 suscipiant,
2273 2274 2483 2360 spolia
2521 2274 2654 2341 illis

715 2372 1029 2456 relinquit
1068 2371 1141 2436 iu
1182 2369 1545 2455 praemium
1588 2365 1917 2434 victoriae.

889 2457 988 2523 13.
1058 2455 1355 2525 Surrexit
1394 2454 1598 2521 Iosue.
1684 2447 2031 2519 Probabile
2073 2468 2206 2514 non
2248 2455 2381 2527 est,
2424 2464 2654 2513 omncs

715 2565 753 2611 e
795 2543 1025 2611 castris
1080 2541 1284 2608 fuisse
1339 2539 1615 2606 excitos:
1679 2534 1792 2603 sed
1850 2533 2212 2601 exercitum
2255 2534 2456 2600 {uisse
2496 2551 2653 2597 con-

714 2629 957 2697 fectum
992 2649 1074 2694 ex
1106 2647 1186 2694 ea
1224 2623 1655 2703 multitudine,
1698 2640 1866 2706 quae
1906 2619 2118 2704 magis
2152 2618 2235 2686 ad
2277 2616 2653 2686 bellandum

716 2713 1080 2782 assuefacta
1133 2719 1293 2779 erat.
1379 2711 1732 2794 Copiosum
1786 2714 1963 2773 certe
2022 2705 2226 2772 fuisse
2288 2704 2656 2772 exercitum

713 2799 870 2868 inde
932 2806 1231 2883 apparet,
1288 2795 1458 2881 quod
1508 2795 1792 2879 quinque
1848 2791 2056 2858 millia
2094 2789 2179 2856 ad
2213 2789 2484 2857 insidias
2540 2789 2656 2856 ab·

711 2885 778 2951 le
864 2893 910 2951 t.
998 2883 1147 2949 Etsi
1220 2884 1394 2948 enim
1470 2880 1779 2947 videntur
1830 2877 2020 2943 initio
2097 2877 2656 2963 trigintaquinque

714 2970 924 3037 millia
991 2968 1356 3047 numerari,
1421 2988 1504 3033 ex
1568 2971 1879 3033 contextu
1936 2974 2156 3029 tamen
2218 2963 2451 3046 liquet,
2519 2983 2652 3028 non

712 3057 916 3123 fuisse
957 3061 1218 3121 tantum
1261 3072 1629 3120 numerum.
1716 3049 1898 3133 Quin
1931 3048 2149 3133 potius
2190 3046 2462 3116 coniicio
2477 3097 2494 3128 ,
2538 3049 2651 3114 tri-

714 3144 902 3227 ginta
957 3138 1161 3206 millia
1217 3159 1367 3205 eum
1413 3136 1714 3216 duxisse,
1776 3154 1947 3219 quae
1985 3135 2202 3218 palam
2246 3142 2651 3219 pugnarent:

713 3228 1001 3311 quinque
1044 3233 1262 3290 autem
1306 3222 1511 3289 millia
1553 3220 1967 3307 peculiariter
2007 3219 2209 3287 fuisse
2250 3221 2530 3303 seposita
2570 3218 2653 3286 ad

714 3311 1003 3379 insidias.
1091 3309 1284 3393 Quod
1340 3316 1597 3375 mature
1639 3308 1835 3375 Iosue
1876 3313 2096 3391 partes
2151 3306 2273 3373 sibi
2324 3305 2653 3373 iniunctas

716 3398 1115 3481 exsequitur,
1169 3402 1236 3461 et
1279 3416 1472 3461 mane
1512 3395 1641 3461 iter
1683 3392 1933 3477 arripit,
1972 3399 2377 3476 quantopere
2418 3392 2652 3457 efficax

698 3482 916 3548 'fuerit
957 3482 1085 3548 Dei
1142 3481 1484 3565 promissio
1501 3530 1517 3559 ,
1582 3499 1668 3545 ex
1712 3485 1896 3544 tanta
1946 3478 2362 3544 festinatione
2402 3480 2654 3562 perspi·

710 3566 907 3635 citur.
965 3565 1112 3633 Nisi
1145 3566 1321 3631 enim
1342 3574 1523 3631 metu
1557 3563 1753 3632 soluti
1785 3562 2065 3629 fuissent
2098 3563 2392 3630 omnium
2428 3564 2652 3644 animi,

714 3671 1050 3736 nunquam
1115 3659 1252 3716 tam
1315 3658 1648 3736 promptos
1712 3648 1796 3716 ad
1845 3648 2225 3733 obsequium
2282 3650 2652 3733 reperisset.

716 3736 1002 3803 Videtur
1057 3736 1318 3821 quidem
1362 3756 1600 3821 parum
1662 3733 2021 3818 prudenter
2084 3743 2335 3800 tantam
2391 3734 2654 3801 turbam

716 3821 1063 3904 dimittere,
1104 3841 1270 3907 quae
1311 3820 1581 3889 occultis
1621 3817 1966 3886 itineribus
2010 3817 2095 3885 ad
2137 3820 2351 3886 locum
2393 3819 2654 3887 insidiis

718 3915 944 3992 aptum
985 3906 1347 3993 perveniat.
1428 3907 1597 3972 Nam
1640 3913 1717 3972 ut
1758 3905 1999 3989 optime
2039 3905 2410 3989 compositis
2454 3906 2655 3991 agmi-

716 3992 915 4060 nibus
979 3993 1161 4060 taciti
1223 4004 1604 4079 pergerent,
1677 3993 1817 4059 solo
1880 3997 2100 4056 tamen
2164 3991 2403 4076 pedum
2468 3999 2656 4059 motu

715 4079 1059 4162 strepitum
1113 4079 1385 4145 excitari
1435 4098 1697 4145 necesse
1752 4076 1899 4143 fuit.
1986 4076 2129 4142 Iam
2171 4078 2228 4143 si
2270 4078 2417 4161 quis
2460 4076 2654 4157 dicat,

717 4165 1049 4231 neminem
1104 4162 1236 4230 illis
1284 4164 1486 4230 fuisse
1543 4163 1843 4243 obvium,
1907 4163 2061 4246 quia
2101 4183 2327 4229 omnes
2369 4164 2657 4249 regionis

714 4250 968 4316 incolae
1011 4247 1282 4317 desertis
1448 4251 1501 4317 ’s
1557 4250 1627 4316 in
1675 4248 1907 4315 urbem
1961 4246 2421 4334 confugerant:
2483 4258 2659 4316 certe

717 4335 913 4421 paulo
972 4341 1120 4419 post
1181 4354 1377 4401 narra
1419 4335 1590 4416 itur,
1656 4343 2004 4418 antequam
2065 4335 2360 4416 proxime
2424 4334 2656 4402 urbem

719 4421 1104 4490 accederent
1163 4420 1502 4487 Israelitae
1518 4471 1534 4502 ,
1614 4441 1838 4487 eorum
1896 4418 2253 4486 adventum
2319 4421 2657 4506 cognitum

718 4507 919 4574 fuisse
963 4526 1002 4572 a
1060 4525 1212 4589 rege
1258 4506 1365 4571 Ai:
1435 4506 1605 4590 quod
1662 4507 1777 4572 vix
1835 4505 2078 4590 absque
2141 4505 2658 4590 speculatoribus

718 4593 864 4660 fieri
939 4592 1166 4676 potuit.
1256 4591 1403 4657 Iam
1479 4600 1550 4656 ut
1615 4590 1842 4659 demus
1927 4591 2256 4657 neminem
2327 4595 2397 4657 in
2479 4594 2657 4677 agris

717 4679 1112 4745 occurrisse.-
1167 4676 1523 4761 praeterire
1562 4685 1784 4742 tamen
1831 4675 2091 4745 difficile
2133 4677 2286 4761 fuit,
2352 4686 2419 4744 et
2460 4686 2658 4745 noctu

717 4763 993 4831 insidias
1031 4763 1250 4830 locare
1290 4763 1360 4827 in
1395 4761 1536 4829 loco
1578 4769 1963 4847 opportuno,
1998 4762 2261 4848 illicque
2301 4764 2657 4844 considere,

720 4850 880 4934 quin
937 4849 1154 4932 aliquo
1209 4868 1281 4914 se
1332 4847 1572 4914 iudicio
1628 4846 1994 4932 proderent.
2082 4848 2275 4932 Quod
2320 4849 2405 4916 ad
2453 4853 2662 4919 consi-

719 4935 882 5001 lium
929 4935 1121 5001 Iosue
1137 4983 1154 5014 ,
1219 4933 1520 5017 quamvis
1574 4934 1825 5000 minore
1868 4933 2060 5000 turba
2100 4956 2182 5000 ne
2269 4936 2428 5001 tium
2474 4957 2664 5021 posse

722 5020 957 5088 confici
1012 5020 1412 5104 prospiceret
1428 5069 1444 5098 ,
1510 5026 1770 5086 coactus
1827 5026 2047 5083 tamen
2104 5021 2170 5086 vi
2218 5029 2366 5087 etur
2414 5023 2661 5087 recenti

722 5104 935 5173 adhuc
968 5105 1192 5191 populi
1224 5103 1655 5189 trepidatione
1691 5102 2070 5188 diligentius
2104 5126 2353 5187 cavere,
2389 5128 2473 5172 ne
2502 5096 2662 5190 quid

723 5200 1014 5258 tentaret
1065 5211 1215 5258 cum
1272 5191 1581 5274 periculo.
1665 5189 1837 5255 Nam
1894 5190 1949 5257 si
2005 5192 2196 5273 pauci
2236 5193 2317 5258 ab
2367 5195 2661 5260 exercitu

723 5276 973 5344 dimissi
1017 5284 1250 5355 essent,
1294 5277 1463 5343 forte
1503 5275 1900 5361 refugissent
1942 5276 2362 5358 provinciam,
2415 5298 2547 5362 qua
2589 5281 2661 5344 in

724 5361 1074 5431 discrimen
1115 5363 1645 5431 conficiebantur.
1735 5361 1920 5428 Deus
1962 5361 2213 5429 interea
2267 5363 2418 5447 plus
2464 5386 2659 5451 quam

1849 404 2596 532 COMMENTARIUS
2640 460 2741 528 IN
2783 459 3063 531 IOSUE
3107 459 3306 528 OAP.
3352 459 3542 529 Vm.

4562 457 4692 525 484

2754 648 3112 715 clementer
3190 647 3429 733 populo
3483 670 3600 716 suo
3671 647 4003 733 indulget,
4090 651 4194 715 cui
4267 648 4490 715 hostes
4554 656 4692 716 tam

2753 734 2943 800 facile
2984 733 3342 801 vincendos
3384 734 3603 802 tradit.
3691 735 4011 802 Mirificus
4061 755 4220 802 vero
4267 735 4458 801 favor
4500 734 4572 800 in
4612 755 4694 801 eo

2755 821 3140 904 praesertim
3182 829 3482 904 apparet,
3524 819 3694 904 quod
3737 841 3967 887 omnes
4011 828 4331 900 excaecat,
4376 841 4462 887 ne
4505 819 4694 905 quid·

2755 926 2951 990 quam
3016 905 3096 970 de
3161 905 3415 974 insidiis
3487 905 3937 973 subolfaciaut.
4026 907 4164 973 Nec
4228 927 4383 974 vero
4449 907 4696 988 dubito,

2755 992 2867 1057 ubi
2927 990 3166 1059 dicitur
3225 1012 3334 1058 eos
3402 993 3789 1073 nescivisse,
3855 992 4014 1077 quin
4057 994 4333 1077 scriptor
4381 993 4696 1060 historiae

2757 1096 2981 1143 rarum
3058 1086 3126 1143 et
3198 1076 3536 1143 insolitum
3601 1078 3728 1143 Dei
3805 1078 4188 1145 beneficium
4266 1078 4695 1160 commendet,

2756 1163 2908 1248 quia
2950 1163 3223 1249 triginta
3264 1163 3469 1228 millia
3502 1184 3666 1248 quae
3700 1163 3893 1230 Iosue
3927 1164 4423 1243 comitabantur,
4460 1164 4698 1232 deinde

2755 1249 3039 1332 quinque
3094 1249 3223 1315 alia
3263 1249 3451 1331 quasi
3502 1249 3739 1316 umbra
3793 1270 4032 1317 manus
4093 1271 4252 1317 suae
4311 1251 4698 1334 protexerit,

2757 1343 2832 1400 ut
2864 1354 3095 1401 omnes
3137 1335 3357 1402 hostes
3397 1334 3695 1401 laterent.
3761 1333 3909 1400 Iam
3942 1335 4052 1402 ubi
4086 1337 4373 1421 quinque
4414 1335 4698 1403 millium

2755 1420 2831 1485 fit
2889 1419 3160 1497 mentio,
3228 1440 3360 1486 non
3417 1421 3511 1485 ita
3564 1420 3988 1505 interpretor,
4056 1422 4241 1505 quasi
4284 1442 4492 1489 novas
4535 1424 4700 1490 insi-

2757 1505 2898 1571 dias
2954 1505 3331 1573 submiserit
3386 1504 3581 1572 Iosue
3597 1554 3613 1586 ‚
3680 1526 3756 1573 ac
3798 1507 3855 1572 si
3916 1506 4261 1574 multitudo
4319 1508 4449 1573 iam
4492 1510 4700 1575 nimia

2755 1611 2890 1656 non
2933 1591 3289 1658 sufficeret:
3362 1589 3478 1657 sed
3520 1610 3699 1657 nnnc
3741 1591 4004 1658 demum
4047 1592 4336 1659 ostendit
4376 1595 4700 1678 quomodo

2754 1677 3031 1760 triginta
3094 1678 3247 1761 quin
3294 1697 3378 1742 ue
3434 1698 3600 1760 quae
3664 1687 4035 1744 armaverat
4091 1679 4436 1745 hominum
4493 1681 4701 1746 millia

2756 1761 3180 1829 distribuerit.
3247 1698 3578 1844 Quorsum
3621 1764 3798 1828 enim
3840 1771 4062 1830 tantae
4103 1764 4518 1831 multitudini
4562 1776 4699 1832 tam

2754 1848 3073 1933 exiguum
3134 1846 3541 1915 subsidium?
3626 1847 3772 1914 Iam
3837 1848 4011 1916 idem
4073 1850 4252 1917 locus
4316 1850 4702 1936 designatur

2756 1933 2871 2018 qui
2926 1945 3107 2012 ante,
3174 1934 3285 2000 ubi
3342 1933 3697 2001 subsistere
3751 1935 3912 2001 iussi
3960 1943 4145 2007 sunt:
4208 1936 4380 2019 quod
4425 1939 4492 2002 in
4538 1938 4700 2004 duas

2757 2027 3010 2085 turmas
3052 2040 3187 2085 non
3222 2019 3588 2104 quadraret.

2930 2105 3029 2172 15.
3096 2104 3185 2170 Et
3225 2106 3554 2190 profliyati
3603 2111 3753 2172 sunt
3807 2105 4010 2172 Iocus.
4101 2105 4402 2173 Alterum
4461 2117 4698 2175 strata·

2756 2210 2976 2341 ξεωε,
3034 2190 3204 2274 quod
3247 2192 3470 2341 suffitu
3514 2190 3883 2258 simulando
3927 2191 4144 2258 hostes
4181 2192 4406 2276 procul
4451 2192 4698 2262 abstra-

2807 2285 2957 2356 unt,
3020 2296 3105 2342 ne
3159 2278 3248 2342 sit
3287 2277 3310 2341 i
3369 2276 3424 2342 ‘s
3479 2274 3713 2343 deinde
3755 2278 3827 2343 in
3870 2276 4099 2343 urbem
4142 2286 4478 2361 receptus,
4544 2281 4698 2366 quia

2756 2370 2909 2428 ante
3064 2362 3238 2430 ravit
3264 2360 3585 2444 incendio,
3618 2383 3814 2447 quam
3835 2363 4325 2447 suspicarentur
4343 2364 4697 2450 quidquam

2755 2446 2882 2513 sibi
2925 2468 2989 2513 m
3057 2448 3082 2512 i
3114 2467 3154 2512 a
3187 2455 3373 2533 tergo
3408 2449 3832 2515 metuendum
3866 2468 4024 2515 esse.
4085 2448 4265 2515 Dum
4298 2471 4456 2536 ergo
4489 2450 4700 2520 Israe-

2755 2532 2909 2598 litas
2942 2534 3128 2618 quasi
3159 2533 3370 2601 victos
3411 2534 3826 2618 persequitur
3859 2555 3977 2601 rex
4012 2536 4117 2614 Ai,
4160 2555 4314 2620 pars
4351 2538 4699 2618 exercitus,

2755 2639 2922 2703 quae
2974 2639 3209 2685 versus
3265 2618 3504 2686 Bethel
3560 2619 3836 2700 latebat,
3898 2620 4059 2687 satis
4102 2621 4335 2687 habuit
4381 2625 4700 2707 temporis

2756 2703 2841 2770 ad
2897 2705 3277 2789 capiendam
3342 2706 3570 2772 urbem
3587 2754 3603 2783 ,
3690 2714 3764 2771 ut
3819 2725 3966 2772 sero
4031 2716 4461 2806 agnoscerent
4525 2710 4700 2777 cives

2756 2811 3024 2875 prorsus
3077 2810 3149 2857 se
3206 2790 3493 2875 periisse.
3582 2789 3755 2856 Nam
3810 2811 4012 2876 quum
4067 2813 4199 2857 iam
4257 2800 4412 2860 ante
4455 2795 4701 2879 repulsi

2757 2877 3001 2960 passim
3034 2876 3537 2955 trucidarentur,
3582 2885 3929 2962 conspecta
3961 2876 4141 2944 urbis
4174 2879 4440 2946 flamma
4474 2879 4700 2965 despe-

2754 2961 3010 3028 ratione
3050 2962 3236 3028 fracti
3282 2971 3456 3037 sunt,
3500 2968 3567 3029 et
3606 2962 3894 3048 undique
3932 2964 4383 3044 circumventi,
4430 2987 4515 3032 ne
4557 2967 4700 3051 quis

2757 3047 3093 3133 effugeret.
3182 3046 3376 3130 Quod
3419 3048 3526 3115 hic
3577 3055 3905 3134 quaerunt
3960 3050 4262 3116 nonnulli
4278 3101 4294 3131 ,
4357 3050 4595 3118 dolone
4638 3062 4701 3118 et

2755 3154 2876 3218 per
2931 3133 3200 3201 insidias
3242 3133 3439 3200 liceat
3481 3134 3701 3201 hostes
3742 3135 4110 3219 opprimere
4127 3185 4142 3214 ,
4187 3156 4270 3202 ex
4314 3156 4538 3204 crassa
4579 3139 4698 3203 im-

2755 3219 2992 3304 peritia
3066 3218 3373 3286 nascitur.
3461 3217 3733 3287 Certum
3806 3221 3982 3287 enim
4045 3229 4146 3288 est
4203 3240 4344 3287 non
4407 3222 4696 3290 feriendo

2756 3305 2970 3372 solum
3004 3306 3146 3391 geri
3189 3304 3378 3385 bella,
3422 3303 3536 3371 sed
3572 3327 3683 3373 eos
3716 3306 3971 3374 censeri
4014 3306 4294 3390 optimos
4327 3306 4546 3388 duces,
4591 3311 4696 3393 qui

2756 3403 2899 3458 arte
2942 3398 3010 3456 et
3051 3390 3317 3457 consilio
3355 3390 3607 3475 pollent
3647 3392 3863 3476 magis
3903 3413 4102 3477 quam
4142 3393 4419 3477 impetu.-
4469 3394 4697 3460 deinde

2756 3485 2833 3542 ut
2874 3477 3147 3561 quisque
3189 3475 3387 3562 longo
3430 3497 3556 3543 usu
3598 3477 3810 3544 factus
3854 3486 3954 3544 est
3998 3486 4353 3557 veterator,
4394 3480 4491 3546 ita
4534 3480 4694 3565 opti-

2755 3582 2936 3628 mum
2981 3583 3125 3629 esse
3181 3562 3477 3628 militem.
3562 3562 3746 3650 Ergo
3786 3564 3844 3630 si
3894 3564 4263 3649 legitimum
4305 3566 4396 3631 sit
4439 3564 4694 3646 bellum,

2756 3656 2948 3714 extra
2989 3648 3501 3715 controversiam
3540 3658 3668 3729 est,
3732 3650 4061 3716 consuetis
4105 3649 4412 3717 vincendi
4454 3653 4695 3719 artibus

2755 3735 3145 3819 patefactam
3189 3754 3330 3801 esse
3374 3734 3588 3801 viam:
3633 3733 3823 3802 modo
3869 3756 3951 3802 ne
3994 3736 4101 3802 vel
4145 3737 4354 3819 pactis
4396 3737 4689 3818 induciis,

2754 3819 2864 3887 vel
2907 3820 3035 3886 alio
3072 3818 3263 3885 modo
3304 3818 3503 3886 fidem
3546 3820 3764 3887 datam
3805 3821 4131 3888 fallamus.

2930 3906 3031 3971 17.
3102 3904 3231 3971 Nec
3269 3907 3576 3972 remansit
3625 3907 3976 3990 quisquam.
4065 3908 4379 3992 Liquebit
4420 3930 4504 3976 ex
4549 3930 4693 3977 con-

2757 3997 2974 4073 textu,
3039 3990 3477 4077 deprehensos
3533 3992 3735 4059 fuisse
3794 3992 4047 4077 aliquos
4093 3995 4164 4059 in
4223 3995 4384 4061 urbe
4428 4005 4495 4061 et
4535 3998 4692 4063 occi·

2760 4098 2894 4144 sos:
2982 4077 3255 4162 ideoque
3320 4077 3678 4144 tenendum
3740 4087 3873 4159 est,
3958 4100 4088 4144 non
4169 4100 4397 4147 omnes
4461 4080 4691 4165 absque

2760 4164 3140 4247 exceptione
3196 4163 3605 4247 eruptionem
3663 4164 3891 4231 fecisse
3907 4214 3923 4243 ,
3989 4174 4064 4231 ut
4104 4186 4294 4232 senes
4343 4187 4596 4251 quoque
4633 4178 4691 4232 et

2754 4249 3035 4315 feminae
3069 4256 3138 4315 et
3184 4247 3467 4315 imbellis
3508 4249 3701 4316 turba
3748 4271 3819 4317 se
3866 4251 3933 4316 in
3970 4270 4235 4335 campos
4276 4253 4685 4335 proieceriut:

2759 4332 2876 4401 sed
2918 4354 3147 4402 sensus
3190 4342 3319 4415 est,
3378 4333 3543 4400 nihil
3586 4334 3669 4400 ad
3712 4335 4200 4403 custodiendam
4246 4336 4475 4404 urbem
4518 4339 4687 4404 relic-

2760 4428 2903 4487 tum
2946 4420 3152 4487 fuisse
3190 4419 3517 4504 praesidii.
3605 4420 3791 4487 Idem
3851 4432 3916 4488 et
3975 4419 4056 4488 de
4108 4422 4347 4490 Betbel
4412 4443 4684 4507 pronun·

2761 4508 2917 4586 ciat,
2985 4506 3162 4573 unde
3217 4507 3536 4574 coniicere
3590 4516 3963 4593 promptum
4011 4515 4146 4588 est,
4212 4508 4486 4591 Bethel,
4549 4510 4683 4593 quia

2760 4593 3067 4677 exiguum
3155 4601 3298 4657 erat
3382 4592 3796 4678 oppidulum,
3888 4592 4206 4661 militasse
4290 4593 4413 4660 sub
4490 4595 4681 4661 alieno

2760 4677 2982 4744 ductu.
3069 4677 3249 4746 Hinc
3310 4677 3557 4746 factum
3621 4686 3757 4758 est,
3822 4688 3897 4744 ut
3957 4680 4221 4764 propria
4279 4679 4445 4747 urbe
4506 4699 4678 4764 quam

2759 4764 2934 4830 tueri
2974 4785 3109 4832 non
3148 4772 3477 4848 poterant,
3543 4764 3771 4832 relicta
3814 4773 3883 4830 et
3925 4764 4214 4844 deserta,
4280 4785 4508 4832 omnes
4545 4785 4677 4831 suas

2760 4851 2937 4916 vires
2978 4850 3332 4916 obtulerint
3364 4851 3503 4935 regi
3539 4850 3645 4929 Ai,
3681 4850 3867 4917 cuius
3904 4848 4073 4917 forte
4114 4850 4448 4917 tributarii
4489 4860 4673 4918 erant.

2762 4935 2969 5001 Porro
3012 4958 3097 5002 an
3140 4933 3222 5001 ad
3267 4956 3490 5019 regem
3532 4936 3621 5002 Αἰ
3663 4937 3935 5021 profecti
3976 4937 4110 5004 sint
4142 4945 4298 5003 ante
4341 4936 4672 5004 adventum

2760 5020 2987 5104 populi
3049 5019 3411 5101 israelitici,
3478 5034 3555 5089 ut
3617 5023 3980 5092 coniunctis
4042 5022 4247 5106 copiis
4310 5030 4671 5109 pugnarent,

2761 5107 3087 5173 incertum
3172 5114 3290 5172 cst.
3399 5108 3762 5177 Probabilis
3837 5117 4059 5175 tamen
4135 5109 4507 5176 coniectura
4574 5115 4669 5183 est,

2763 5193 2915 5275 quia
2958 5213 3147 5277 pares
3189 5212 3323 5259 non
3367 5202 3557 5260 erant
3601 5195 3684 5261 ad
3726 5194 4157 5262 resistendum
4175 5245 4192 5273 ,
4237 5216 4322 5260 ex
4367 5200 4667 5279 compacto

2762 5277 2836 5342 in
2892 5280 3118 5346 urbem
3185 5279 3506 5345 munitam
3565 5290 3634 5346 et
3697 5281 3909 5365 magis
3969 5279 4356 5366 populosam
4419 5279 4662 5348 venisse.

2765 5363 2961 5432 Certe
3003 5384 3137 5431 non
3181 5364 3372 5431 aliter
3416 5376 3727 5450 putarunt
3771 5387 3841 5432 se
3896 5366 4031 5433 fore
4082 5366 4328 5449 salvos,
4395 5386 4574 5452 quam
4615 5360 4660 5427 si
