5017 6142
408 454 533 521 561

409 643 717 725 laq-nmen,
741 646 797 707 et
810 640 1264 726 offendiculum,
1288 647 1349 707 et
1360 642 1682 727 flayellum
1702 646 1774 709 iu
1796 641 2098 711 later-ibus
2116 643 2359 723 vesu-is,

411 728 893 811 etiuspiuasiu
923 727 1118 795 oeulis
1156 727 1399 805 vestris,
1442 728 1627 796 donec
1656 730 1938 811 pereatis
1979 750 2012 796 e
2043 734 2212 795 terra
2254 748 2360 810 op-

409 815 567 880 tima
587 816 731 893 ista,
753 833 944 897 quam
977 813 1146 881 dedit
1177 813 1349 879 vobis
1369 813 1595 881 Iehova
1616 813 1799 882 Deus
1839 820 2053 881 vester.
2122 815 2225 880 14.
2249 813 2359 880 En

411 904 619 967 autem
650 920 756 985 eqo
791 899 1111 985 inmedior
1150 898 1336 966 hodie
1367 898 1541 966 viam
1581 901 1918 967 universae
1957 906 2189 967 tem-ae.-
2230 920 2360 985 coy-

410 985 642 1053 noscite
690 1005 832 1071 erqo
887 990 1012 1051 toto
1069 986 1248 1052 corde
1302 990 1532 1066 vestro,
1589 992 1646 1053 et
1700 991 1828 1052 tota
1881 987 2100 1053 anima
2153 990 2359 1053 vestra

410 1072 578 1157 quod
607 1091 729 1140 uon
764 1070 983 1139 cecidit
1025 1071 1277 1137 verbum
1316 1090 1511 1137 unum
1555 1091 1635 1137 ex
1675 1071 1962 1140 omuibus
2001 1071 2207 1139 verbis
2247 1092 2358 1155 op-

410 1157 587 1224 timis
654 1176 815 1240 quae
884 1155 1177 1240 loquutus
1239 1161 1330 1223 est
1388 1154 1623 1223 Iehova
1678 1155 1860 1225 Deus
1913 1164 2114 1225 vester
2165 1177 2357 1240 super

411 1263 553 1310 vos:
593 1244 806 1310 omnia
838 1247 1166 1310 evenerunt
1208 1242 1396 1326 vobis,
1438 1262 1564 1309 uon
1605 1244 1821 1310 cecidit
1862 1264 1938 1309 ex
1978 1244 2072 1311 eis
2105 1243 2357 1311 verbum

409 1348 628 1396 uuum.
679 1328 780 1395 15.
831 1327 1007 1395 Sicut
1024 1348 1095 1393 er
1133 1347 1168 1394 o
1197 1330 1399 1396 evenit
1415 1327 1586 1396 vobis
1626 1349 1803 1396 omne
1842 1329 2096 1396 verbum
2136 1329 2357 1395 bouum

411 1349 1313 1500 quodzoqmeusestfehova
1361 1413 2067 1500 Deusvesteradvos,
2112 1415 2360 1482 sicad-

412 1501 588 1569 ducet
630 1500 862 1568 lehova
917 1520 1110 1582 super
1164 1518 1273 1567 vos
1327 1519 1503 1567 omae
1556 1500 1809 1567 verbum
1858 1500 2129 1581 malum,
2173 1501 2359 1566 donec

409 1588 740 1672 disperdat
757 1606 866 1652 vos
886 1606 919 1652 e
935 1589 1107 1652 terra
1238 1586 1359 1652 ‘ma
1378 1587 1524 1668 ista,
1544 1606 1736 1669 quam
1755 1587 1929 1653 dedit
1944 1586 2359 1654 vobislehova

413 1671 598 1740 Deus
647 1678 860 1739 vester.
949 1671 1050 1738 16.
1240 1692 1347 1737 um
1396 1673 1774 1757 transyressi
1811 1673 2066 1757 fueritis
2095 1677 2359 1755 pactum

415 1759 689 1860 Ieme.
723 1757 857 1859 1?⁶.²‘
910 1757 1311 1910 mariage&
1351 1761 1674 1859 Premit
1724 1758 1913 1860 vocs,
1954 1763 2012 1825 d
2053 1757 2357 1859 acme

412 1849 472 1912 et
524 1848 871 1912 servieritis
926 1843 1059 1910 dus
1173 1863 1369 1924 tems,
1431 1849 2030 1929 incurvavermsque
2082 1864 2192 1911 vos
2246 1863 2356 1925 eis,

411 1932 727 1999 irascetur
761 1929 951 2014 furor
991 1927 1254 1995 Iehovae
1294 1933 1504 1996 contra
1544 1949 1688 2010 vos,
1746 1929 2129 2014 etperibius
2167 1930 2284 1997 cito
2325 1949 2359 1995 e

409 2021 585 2085 terra
624 2016 859 2101 optima
901 2034 1091 2098 quam
1127 2015 1298 2083 dedit
1335 2014 1528 2081 vobis,

586 2188 688 2255 12.
739 2187 906 2270 Quia
946 2187 1010 2253 si
1050 2186 1393 2254 avertendo.
1473 2187 1696 2253 Minas
1739 2184 2040 2271 adiungit
2081 2207 2164 2252 ex
2201 2186 2359 2252 trita

405 2273 579 2359 legis
618 2271 946 2351 methodo,
994 2279 1070 2337 ut
1114 2273 1170 2339 si
1204 2271 1373 2338 forte
1408 2271 1748 2339 dulcedine
1782 2274 2032 2357 gratiae
2062 2271 2189 2337 Dei
2218 2291 2355 2338 non

405 2360 575 2428 satis
596 2366 973 2444 tangantur,
1013 2365 1192 2424 metu
1237 2357 1470 2424 saltem
1505 2357 1880 2425 excitentur
1921 2357 2002 2424 ad
2047 2357 2355 2425 officinm.

404 2446 637 2531 'l'urpe
671 2443 939 2529 quidem
974 2453 1095 2523 est,
1139 2441 1249 2509 ubi
1288 2443 1525 2510 blande
1557 2444 1801 2510 invitat
1825 2442 2009 2511 Deus
2030 2443 2354 2523 homiues,

404 2553 544 2599 non
588 2532 813 2598 statim
858 2551 967 2596 eos
1008 2549 1383 2612 occurrere,
1427 2536 1502 2596 ut
1544 2537 1843 2615 prompto
1886 2535 1954 2595 et
1995 2529 2196 2596 alacri
2239 2528 2354 2596 ob·

408 2617 639 2702 sequio
696 2613 1170 2700 respondeant:
1228 2614 1341 2682 sed
1395 2636 1474 2681 ea
1515 2624 1620 2682 est
1660 2616 1882 2683 carnis
1922 2612 2235 2696 socordia,
2279 2621 2356 2681 ut

402 2701 1738 2856 fflfflifflfflffsssffiffssflioffiffgissk
1782 2699 2355 2853 {efflieffigi'nffi}

401 2874 754 2953 Israelitis,
800 2873 930 2940 mei
963 2872 1255 2939 oblatum
1286 2873 1413 2938 Dei
1446 2872 1742 2939 favorem
1771 2880 2004 2956 sponte
2048 2871 2354 2958 amplecti

403 2961 735 3030 studeant.
825 2960 1033 3026 Porro
1091 2959 1252 3026 haec
1305 2958 1719 3026 denunciatio
1776 2978 1908 3025 non
1966 2958 2169 3026 semel
2217 2958 2352 3025 illis

402 3048 583 3115 facta
617 3055 736 3128 est,
769 3054 1000 3132 gentes
1025 3045 1341 3112 Ohanaan
1376 3044 1516 3111 fore
1547 3043 1845 3111 stimulos
1872 3042 1956 3110 ad
1998 3043 2354 3130 pungenda

406 3154 639 3199 eorum
674 3133 899 3212 latera,
942 3137 1012 3197 et
1052 3130 1123 3197 in
1159 3131 1381 3215 spinas
1424 3128 1829 3215 configendis
1871 3151 2097 3196 eorum
2141 3130 2351 3198 oculis

405 3220 463 3286 si
538 3218 672 3286 illis
736 3225 1189 3284 assuescerent
1243 3214 1470 3303 (Num.
1530 3215 1635 3297 33,
1694 3214 1825 3304 55).
1916 3216 2147 3283 Primo
2194 3219 2351 3302 qnia

402 3314 657 3372 terram
688 3304 872 3369 illam
907 3304 1035 3370 sibi
1068 3304 1254 3369 Deus
1299 3311 1816 3383 consecraverat,
1860 3302 2130 3388 purgari
2175 3303 2351 3369 vole-

402 3390 522 3457 bat
587 3389 1105 3474 inquinamentis
1176 3388 1513 3455 omnibus:
1586 3387 1819 3455 deinde
1889 3389 2045 3472 quia
2086 3387 2351 3455 videbat

405 3496 606 3562 quam
657 3475 946 3560 proclive
988 3484 1162 3542 esset
1177 3524 1193 3555 ,
1253 3474 1570 3559 populum
1611 3474 1803 3540 malis
1845 3473 2169 3561 exemplis
2211 3495 2352 3541 cor-

401 3563 648 3649 rumpi,
694 3562 850 3629 hnic
872 3581 1127 3646 quoque
1149 3561 1320 3626 malo
1355 3559 1603 3626 mederi
1632 3559 1913 3626 volebat.
1966 3559 2112 3627 Iam
2146 3578 2351 3645 quum

403 3648 489 3716 ab
550 3669 686 3715 una
742 3655 929 3731 parte
980 3668 1100 3730 pro
1153 3645 1360 3712 nihilo
1414 3644 1678 3713 duceret
1734 3647 2045 3731 populus,
2101 3652 2348 3713 terram

402 3734 629 3885 imlpiis
704 3730 1844 3884 mpemffl'iifnibmbwffssminmsse
1858 3740 1927 3799 et
1982 3731 2118 3884 ἰῑέἑο
2137 3818 2151 3835 .
2174 3730 2353 3798 idola

406 3839 483 3887 co
605 3841 725 3904 pro
782 3837 942 3885 vero
1068 3836 1172 3884 eo:
1246 3838 1286 3883 a
1386 3840 1425 3885 a
1521 3839 1596 3884 ra
1655 3839 1742 3902 pa
1897 3838 2019 3885 con
2089 3839 2352 3903 gionem

405 3907 608 3973 nimis
663 3902 896 3990 cupide
953 3923 1037 3970 ex
1089 3924 1316 3969 earum
1373 3904 1559 3971 vitiis
1615 3903 1940 3987 traheret,
1995 3904 2170 3971 iusta
2226 3904 2354 3969 fuit

404 4002 545 4059 tam
603 3991 807 4058 crassi
848 3997 1264 4074 contemptus
1307 4009 1557 4058 merces
1575 4041 1593 4069 ‚
1649 3990 1893 4057 sentire
1934 3989 2241 4056 molestos
2284 3995 2353 4056 et

405 4077 715 4159 infestos,
768 4077 1003 4160 quibus
1045 4074 1218 4142 male
1261 4083 1662 4159 pepercerat.
1749 4075 1957 4143 Porro
2000 4073 2171 4160 quod
2213 4083 2350 4141 tam

407 4163 632 4231 Moses
700 4182 897 4247 quam
951 4161 1146 4228 Iosue
1215 4162 1452 4227 minati
1515 4161 1809 4244 fuerant,
1875 4161 2090 4245 palam
2149 4161 2352 4227 fuisse

408 4249 805 4334 completum
862 4248 1023 4314 satis
1071 4267 1399 4333 superque
1440 4246 1647 4331 liquet
1690 4268 1773 4313 ex
1815 4246 1984 4314 libro
2027 4246 2348 4313 Indicum.

407 4335 641 4420 Neque
709 4342 931 4400 tamen
987 4354 1253 4419 prorsus
1311 4333 1568 4400 inutilis
1622 4332 1751 4399 fuit
1806 4334 1968 4400 haec
2020 4332 2352 4401 vindictae

407 4422 538 4489 Dei
559 4420 818 4506 promul
867 4418 1031 4485 atio:
1068 4421 1221 4503 quia
1256 4428 1513 4486 mortuo
1534 4418 1732 4486 Iosue
1767 4420 2022 4487 animos
2055 4439 2352 4502 sumpse-

392 4515 570 4574 ‘runt
612 4506 696 4574 ad
731 4505 832 4572 bel
862 4504 1127 4570 andum.
1192 4505 1449 4572 Verum
1483 4505 1799 4573 evanidus
1833 4505 1959 4572 fnit
1993 4505 2192 4571 ardor
2224 4504 2355 4585 ille,

408 4614 487 4661 ac
577 4591 727 4659 aulo
768 4599 916 4675 post
958 4590 1202 4657 initiati
1246 4599 1404 4657 sunt
1446 4589 1745 4659 nefandis
1832 4592 2083 4658 eutium
2128 4591 2350 4658 sacris.

407 4679 521 4747 Uu
567 4699 605 4744 e
674 4677 1072 4763 perspicitur
1145 4676 1421 4743 humani
1475 4677 1730 4764 ingenii
1787 4676 2209 4760 intemperies
2268 4675 2352 4743 ad

406 4784 752 4852 perversos
794 4764 1011 4831 cultus
1027 4814 1043 4844 ,
1099 4782 1266 4848 quae
1322 4762 1524 4829 nullis
1573 4763 1820 4829 fraenis
1862 4761 2152 4830 cohiberi
2193 4761 2353 4829 satis

493 4859 645 4918 test.
731 4848 795 4915 N
798 4870 926 4916 unc
982 4848 1353 4933 expendere
1395 4849 1702 4916 convenit
1740 4856 2064 4934 quatenus
2107 4847 2189 4915 ad
2233 4868 2352 4914 nos

408 4938 740 5023 pertineat
764 4934 929 5001 haec
950 4932 1264 5002 doctrina.
1326 4934 1668 5001 Peculiare
1696 4935 1963 5019 quidem
1989 4934 2114 5001 fuit
2144 4934 2352 5001 veteri

408 5023 650 5108 populo
684 5021 811 5089 hoc
844 5020 1253 5101 mandatum,
1298 5027 1374 5086 ut
1409 5019 1641 5088 deletis
1811 5019 1984 5087 tibus
2026 5018 2352 5088 Ohanaan

410 5107 698 5193 separati
734 5116 954 5174 essent
989 5107 1070 5174 ab
1106 5106 1411 5174 omnibus
1500 5108 1744 5173 rofams
1778 5103 2100 5174 sordibus.
2146 5105 2350 5173 Nobis

408 5194 606 5262 hodie
641 5201 820 5261 certa
852 5193 1032 5278 regio
1066 5214 1230 5278 quae
1263 5213 1387 5260 uos
1467 5193 1856 5274 isterminet,
1902 5190 2172 5260 definita
2214 5212 2350 5258 non

409 5292 537 5350 est:
595 5303 642 5347 n
727 5301 807 5346 ue
861 5278 1080 5367 gladio
1137 5279 1372 5345 armati
1431 5298 1659 5345 sumus
1716 5278 1799 5346 ad
1842 5278 2082 5364 impios
2122 5299 2350 5346 omnes

410 5366 679 5436 occideu
725 5385 827 5432 os:
888 5374 1144 5431 tantum
1204 5364 1570 5432 cavendum
1625 5373 1730 5432 cst
1785 5385 1869 5432 ue
1912 5384 2044 5451 qua
2083 5363 2348 5449 propior

608 5465 830 5525 Galum
858 5480 1045 5538 opera.
1122 5463 1245 5524 Vol.
1279 5463 1474 5523 XXV.

1526 451 2272 523 COMMENTARIUS
2314 453 2416 520 IN
2458 450 2741 522 IOSUE
2785 452 2985 522 OAP.
3028 450 3295 519 XXIV.

4281 456 4410 523 562

2463 639 2874 708 necessitudo
2928 639 3250 708 scelerum
3308 641 3615 709 societate
3667 662 3787 710 nos
3829 642 4145 711 involvat.
4233 644 4409 713 Nam

2461 727 2613 812 plus
2656 746 2853 811 quam
2898 726 3166 794 difficile
3209 735 3342 805 est,
3401 726 3511 793 ubi
3566 736 3801 812 sponte
3857 749 3978 796 uos
4036 730 4408 812 miscemus,

2457 833 2596 878 non
2647 812 2867 896 aliqua
2917 812 3065 879 labe
3120 812 3227 879 vel
3273 813 3530 880 macula
3571 815 3849 899 aspergi.
3950 812 4087 882 Sed
4131 815 4256 884 hoc
4298 837 4408 883 ca-

2458 906 2585 983 put
2639 899 2793 983 quia
2848 897 3002 966 alibi
3062 900 3428 983 expositum
3473 899 3629 979 fuit,
3689 900 3925 967 leviter
3966 908 4229 967 tantum
4271 902 4406 969 iam

2459 987 2627 1051 attin
2716 1033 2731 1049 .

2630 1005 2735 1136 ᾖ.
2781 1069 2893 1137 Eu
2932 1073 3139 1136 autem
3180 1089 3303 1154 eqo.
3383 1069 3714 1152 Quoniam
3759 1077 4078 1138 statutum
4123 1081 4226 1140 est
4268 1095 4407 1141 om-

2458 1157 2653 1224 nibus
2705 1155 2911 1223 semel
2963 1156 3130 1222 mori
3188 1154 3384 1243 (Heb.
3432 1156 3492 1235 9,
3535 1154 3668 1244 27),
3708 1156 3868 1224 dicit
3906 1157 4113 1226 Josue
4153 1159 4275 1227 sibi
4311 1162 4409 1226 in·

2459 1250 2638 1309 stare
2679 1242 2937 1308 exitum
3023 1242 3093 1307 ui
3139 1252 3364 1308 manet
3397 1251 3666 1309 cunctos
3710 1242 4025 1324 homines,
4070 1246 4225 1329 quia
4267 1247 4408 1330 ipse

2459 1349 2719 1413 quoque
2776 1348 2885 1393 mo
3017 1327 3076 1393 is
3131 1335 3330 1394 uatus
3389 1329 3497 1394 sit.
3588 1328 3774 1396 Haec
3833 1348 4028 1414 porro
4082 1333 4287 1399 verba
4324 1332 4406 1398 ad

2458 1414 2685 1498 populi
2728 1413 3236 1480 consolationem
3282 1412 3761 1495 accommodat,
3817 1435 3904 1480 ne
3946 1435 4017 1482 se
4059 1416 4407 1484 immodico

2460 1520 2752 1566 moerore
2821 1499 3203 1565 excrucient
3257 1508 3527 1584 propter
3577 1500 3925 1567 orbitatem
3941 1552 3958 1581 ,
4028 1521 4235 1585 quum
4276 1504 4409 1569 illis

2460 1592 2729 1668 ereptus
2772 1583 2989 1651 fuerit.
3071 1585 3301 1668 Neque
3346 1587 3520 1651 enim
3566 1585 3837 1652 dubium
3880 1595 3998 1668 est,
4050 1588 4208 1672 quin
4256 1589 4414 1655 reli-

2458 1671 2679 1756 querit
2720 1669 3198 1738 inaestimabile
3239 1671 3342 1736 sui
3386 1668 3816 1750 desiderium,
3873 1692 4075 1756 quum
4127 1694 4212 1758 po
4261 1676 4408 1742 ulus

2459 1758 2648 1841 quasi
2682 1777 2759 1824 ca
2806 1756 2900 1821 ite
2948 1756 3167 1822 ablato
3200 1767 3510 1823 truncum
3554 1778 3625 1824 se
3668 1766 3736 1824 et
3777 1758 4086 1825 mutilum
4130 1760 4197 1826 vi
4244 1770 4405 1828 eret.

2459 1844 2643 1928 Ergo
2699 1864 2739 1909 a
2786 1849 3040 1924 monet,
3096 1862 3295 1926 quum
3354 1844 3535 1909 vitae
3591 1843 3993 1910 curriculum
4052 1865 4170 1912 suo
4218 1848 4404 1929 quasi

2458 1929 2672 1996 stadio
2715 1929 2976 1994 finitum
3021 1927 3143 2008 sit,
3187 1948 3322 1994 non
3367 1949 3512 1995 esse
3555 1928 3981 2012 poscendum,
4027 1938 4102 1996 ut
4146 1930 4275 1997 alia
4318 1934 4405 1998 sit

2457 2036 2580 2081 sua
2622 2034 2817 2099 quam
2862 2014 3065 2079 totius
3121 2013 3393 2079 humani
3435 2016 3696 2099 generis
3750 2015 4049 2083 conditio.
4138 2016 4405 2084 Interea

2459 2122 2594 2167 non
2655 2099 2982 2185 significat
3039 2099 3480 2183 promiscuam
3535 2121 3677 2167 esse
3732 2102 4035 2169 omnibus
4082 2103 4406 2170 moriendi

2456 2187 2755 2265 formam,
2802 2186 2954 2268 quia
2975 2204 3199 2252 semen
3223 2185 3715 2270 incorruptibile
3750 2186 4048 2255 coelestis
4071 2187 4406 2256 doctrinae

2458 2272 2685 2339 fideles
2726 2271 2808 2338 ab
2851 2269 3209 2337 incredulis
3252 2270 3584 2350 discernit,
3626 2293 3713 2337 ue
3754 2276 4004 2356 pariter
4045 2273 4401 2343 intereant:

2457 2358 2572 2426 sed
2618 2357 2725 2425 hic
2770 2363 3028 2422 tantum
3072 2356 3345 2442 attingit
3386 2355 3555 2441 quod
3599 2379 3944 2425 commune
3985 2367 4115 2442 est,
4167 2381 4404 2445 nempe

2456 2453 2720 2528 peracto
2787 2442 2967 2509 vitae
3028 2460 3223 2509 cursu
3294 2462 3331 2508 e
3401 2442 3647 2509 mundo
3721 2444 4023 2529 migrare.
4122 2442 4405 2513 Summa

2457 2537 2678 2596 autem
2702 2528 3028 2595 sermonis
3063 2527 3193 2595 huc
3227 2528 3419 2610 redit,
3462 2528 4009 2613 quemadmodum
4052 2529 4399 2613 beneficiis,

2456 2624 2525 2682 et
2567 2615 3074 2700 promissionum
3134 2633 3404 2680 suarum
3459 2623 3702 2682 eventu
3744 2614 3932 2682 Deus
3984 2637 4057 2684 se
4101 2637 4400 2684 veraccm

2457 2701 2879 2787 probaverat:
2943 2701 3039 2766 ita
3106 2719 3238 2766 non
3305 2700 3530 2766 irritas
3595 2721 3716 2769 nec
3780 2702 4011 2768 inanes
4068 2703 4205 2770 fore
4259 2704 4401 2770 eius

2455 2788 2691 2866 minas,
2735 2788 2894 2871 quin
2929 2785 3161 2852 ultimo
3196 2806 3424 2852 eorum
3466 2786 3743 2854 interitu
3786 2787 4143 2855 ulciscatur
4184 2789 4400 2856 cultus

2455 2875 2561 2940 sui
2600 2873 3141 2958 profanationem.

3119 3219 3426 3287 CAPUT
3466 3215 3733 3285 XXIV.

2630 3389 2688 3455 1.
2739 3387 3144 3476 Gonyreqavit
3195 3390 3407 3472 itaque
3449 3387 3640 3456 Iosue
3696 3405 3906 3454 omues
3943 3386 4147 3454 uibus
4190 3388 4402 3454 Israel

2453 3475 2526 3541 iu
2572 3473 2845 3557 sichen,
2887 3477 3240 3561 vocavitque
3278 3476 3551 3542 senione
3592 3472 3834 3554 Israel,
3888 3478 3948 3539 et
3984 3473 4201 3557 capita
4241 3474 4398 3552 eius,

2451 3561 2809 3646 iudicesque
2839 3563 2995 3642 eius,
3040 3582 3116 3630 ac
3144 3562 3495 3645 praefectos
3533 3560 3698 3626 eius.-
3737 3563 4152 3643 steteruntque
4191 3578 4400 3626 coram

2452 3646 2610 3715 Deo.
2698 3648 2760 3713 2.
2806 3647 3114 3731 Dioeitque
3155 3647 3344 3714 Iosue
3385 3647 3476 3714 ad
3514 3646 3880 3713 universum
3911 3644 4246 3729 populum.-
4291 3644 4401 3712 Sic

2453 3734 2609 3800 dicit
2642 3733 2915 3802 Iehovab
2936 3732 3120 3802 Deus
3154 3732 3396 3800 Israel.-
3443 3731 3659 3799 Trans
3690 3730 3926 3812 flumen
3967 3729 4402 3797 habitaverunt

2441 3824 2665 3904 patres
2702 3820 2896 3887 vestri
2937 3840 2980 3887 a
3021 3819 3293 3899 saeculo,
3345 3822 3416 3883 ut
3461 3816 3671 3883 Thare
3708 3821 3897 3900 pater
3938 3815 4299 3897 Abrahaom
4344 3822 4402 3882 et

2442 3911 2634 3990 pater
2679 3904 2967 3985 Nachor,
3022 3906 3490 3987 servieruntque
3543 3904 3678 3971 diis
3698 3901 3960 4003 ‚alieni-s.
4040 3901 4103 3969 3.
4150 3900 4239 3968 Et
4277 3903 4399 3968 tuli

2442 3997 2798 4145 {twdaeuoei
2842 4097 2967 4159 per
3010 3991 3408 4177 ssgivqesszunme
3424 3989 3712 4176 ‚gr-ofni„
3719 3992 4400 4157 mosultffli:

2454 4165 2710 4246 cavique
2750 4161 3539 4244 emesaeetdedae·
3583 4162 3793 4227 Isaac.
3852 4158 4399 4244 4.Ecdedupss

2454 4248 2650 4316 Isaac
2692 4248 2882 4316 Iacob
2937 4252 2994 4315 et
3033 4245 3252 4315 Esau:
3304 4246 3663 4329 tradidique
3715 4245 3845 4329 ipsi
3885 4243 4073 4312 Esau
4135 4250 4398 4313 montem

2459 4330 4395 4419 Seir,edpossidereteum:1aoobautometfiliieiusde-

2452 4423 2817 4489 scenderunt
2856 4421 2928 4487 iu
2949 4420 3321 4505 Aeqyptum.
3376 4419 3437 4486 5.
3483 4417 3766 4502 Misique
3785 4416 4007 4485 Mosen
4039 4422 4097 4483 et
4131 4417 4397 4484 Alam-ou

2452 4512 2510 4574 et
2555 4506 2846 4591 percussi
2901 4506 3283 4591 Aeqyptum,
3343 4503 3856 4589 quemadmodum
3907 4503 4030 4586 feci
4069 4504 4142 4568 iu
4192 4504 4395 4569 medio

2452 4595 2612 4672 eius,
2651 4597 2709 4659 et
2737 4595 2961 4674 postea
3000 4592 3195 4658 eduxi
3234 4611 3357 4658 vos.
3445 4591 3507 4657 6.
3543 4589 3635 4656 Et
3675 4589 3867 4656 eduxi
3896 4592 4117 4672 patres
4153 4593 4396 4655 vestros

2453 4699 2534 4746 ex
2565 4678 2863 4762 Aegypto,
2904 4677 3358 4760 deveuistisque
3397 4678 3485 4744 ad
3515 4696 3710 4755 mare,
3753 4680 3809 4741 et
3836 4674 4206 4757 persequuti
4244 4679 4395 4740 suut

2452 4764 2757 4850 Aeqyptii
2783 4768 3008 4845 patres
3045 4767 3278 4830 vestros
3317 4781 3458 4829 cum
3499 4760 3805 4843 curribus,
3847 4764 3904 4827 et
3941 4759 4250 4842 equitibus
4287 4779 4396 4826 us-

2452 4870 2571 4934 que
2613 4851 2701 4917 ad
2740 4868 2916 4915 mare
2956 4847 3239 4915 rubrum.
3304 4850 3364 4915 7.
3417 4849 3579 4915 Tum
3618 4847 4041 4914 clamaverunt
4080 4845 4166 4911 ad
4211 4844 4392 4911 Ieho-

2451 4955 2629 5016 vm,
2685 4939 2743 5000 et
2781 4935 3006 5017 posuit
3055 4935 3386 5019 caliyinem
3424 4935 3587 5001 iuter
3627 4953 3735 5000 vos
3774 4937 3833 5000 et
3874 4931 4249 5016 Aeyyptios:
4289 4930 4391 4997 iu-

2449 5022 2959 5105 duxitquesuper
2989 5042 3132 5088 eum
3164 5041 3357 5103 mare,
3400 5042 3475 5088 ac
3506 5020 3751 5102 operuit
3788 5037 3964 5085 eum·
4004 5021 4063 5081 et
4101 5016 4397 5085 viden-emt

2450 5107 2615 5175 oculi
2677 5107 2869 5173 vestri
2920 5126 3083 5190 quae
3131 5108 3254 5191 feci
3311 5107 3382 5172 iu
3437 5104 3751 5188 Aeyypto,
3817 5108 3873 5169 et
3927 5099 4265 5170 habitastis
4319 5103 4391 5168 iu

2448 5192 2783 5260 solitudine
2820 5191 2892 5260 in
2932 5191 3150 5260 diebus
3188 5193 3427 5259 multis.
3492 5191 3552 5257 8.
3602 5188 3827 5255 Postea
3867 5186 4114 5254 adduxi
4155 5207 4265 5254 vos
4304 5188 4391 5253 ad

2446 5284 2683 5346 tenram
2701 5276 3080 5346 Emer-rhaei
3110 5277 3453 5344 habitantis
3487 5281 3671 5342 trans
3710 5272 4082 5342 Iordanem-⁶
4110 5272 4392 5356 praelia-

2448 5365 2620 5450 tique
2637 5370 2788 5432 sunt
2804 5365 3132 5446 vobiscum,
3174 5369 3234 5431 et
3267 5362 3505 5429 tradidi
3535 5380 3642 5429 eos
3672 5361 3746 5427 iu
3785 5377 4048 5427 manum
4085 5364 4390 5427 vesbmm:
