5017 6142
640 443 769 510 423
2298 437 2977 507 ARGUMENTUM.
4485 438 4607 504 424

647 635 912 702 attritae
956 655 1031 701 ac
1075 606 1377 701 deletae..
1431 632 1563 701 Ubi
1607 634 1803 699 etiam
1847 630 2206 698 notandum
2251 638 2381 708 est,
2426 629 2709 697 obiectas
2751 627 2992 711 populo
3034 626 3232 695 fuisse
3277 627 3515 693 arduas
3560 627 3990 706 difficultates,
4038 626 4193 694 dum
4236 647 4423 713 reges
4464 647 4609 694 con·

646 746 1002 833 spiratione
1037 745 1224 822 facta,
1270 752 1337 811 et
1379 743 1665 811 collectis
1700 743 1950 811 viribus
1983 742 2243 809 obviam
2284 741 2613 826 progressi
2647 749 2834 805 sunt:
2880 739 3033 821 quia
3066 759 3197 804 non
3234 739 3428 821 modo
3460 760 3609 806 cum
3644 739 3920 823 singulis
3951 739 4210 824 populis
4245 737 4611 806 bellandum

648 857 794 936 fuit,
840 855 956 924 sed
999 877 1147 925 cum
1191 855 1442 938 ingenti
1486 855 1922 936 multitudine,
1968 874 2133 938 quae
2175 872 2309 918 uno
2354 853 2602 936 impetu
2647 849 2981 917 Israelitas
3024 849 3296 916 obruere
3339 858 3612 934 poterat.
3679 849 3929 917 Verum
3977 851 4105 918 huc
4147 849 4412 915 tandem
4458 850 4613 916 reci·

649 969 893 1036 derunt
949 967 1219 1035 violenti
1277 966 1374 1032 illi
1434 974 1741 1046 conatus,
1792 974 1867 1031 ut
1923 963 2079 1030 dum
2135 964 2431 1047 superior
2484 961 2760 1045 emergit
2803 962 2930 1028 Dei
2985 963 3300 1045 potentia,
3358 962 3590 1029 clarior
3641 946 3839 1028 etiam
3900 963 3966 1028 in
4021 962 4393 1030 defensione
4434 962 4617 1029 electi

648 1080 872 1166 populi
917 1080 1227 1146 enituerit
1268 1076 1711 1145 misericordia
1752 1085 1819 1142 et
1860 1074 2039 1142 fides.
2131 1074 2326 1141 Certe
2382 1074 2681 1141 continui
2737 1071 3069 1139 felicitatis
3125 1094 3538 1157 progressus,
3598 1082 3664 1140 et
3722 1082 3817 1139 tot
3856 1074 4269 1141 incredibiles
4312 1074 4618 1142 victoriae

651 1213 919 1258 manum
966 1191 1105 1256 eius
1148 1190 1333 1274 quasi
1378 1209 1414 1255 e
1458 1187 1636 1255 coelo
1683 1196 2014 1253 extentam
2058 1186 2276 1271 palam
2320 1192 2919 1269 repraesentarunt.
3007 1183 3368 1269 Praecipue
3426 1198 3645 1252 autem
3690 1185 4077 1253 documento
4121 1186 4455 1270 cognitum
4497 1185 4620 1252 fuit

652 1323 762 1369 eos
803 1302 924 1369 sub
958 1301 1084 1367 Dei
1128 1299 1432 1384 auspiciis
1475 1298 1775 1377 militare,
1821 1297 1991 1382 quod
2034 1297 2189 1364 solis
2232 1317 2463 1365 cursus
2508 1296 2590 1362 ad
2634 1297 2843 1362 solum
2888 1295 3084 1362 Iosue
3131 1304 3355 1362 votum
3401 1295 3723 1364 cohibitus
3767 1298 3921 1363 fuit:
3970 1318 4044 1364 ac
4087 1298 4143 1364 si
4187 1298 4514 1364 elementa
4553 1298 4619 1364 in

651 1414 792 1481 eius
838 1413 1158 1480 auxilium
1204 1416 1455 1478 armata
1497 1419 1756 1494 praesto
1801 1408 1882 1476 ad
1939 1408 2316 1493 obsequium
2378 1407 2699 1474 adessent.
2788 1407 2930 1473 Iam
2991 1407 3289 1491 quamvis
3349 1407 3600 1474 tardior
3657 1408 4024 1476 debellandi
4078 1429 4417 1477 successus
4470 1409 4624 1475 utile

651 1525 851 1591 fuerit
902 1524 1305 1591 constantiae
1359 1521 1583 1606 populi
1638 1540 1945 1587 examen:
2013 1519 2367 1586 tenendum
2426 1529 2643 1584 tamen
2705 1527 2804 1583 est
2860 1517 3238 1584 admirabile
3295 1520 3423 1586 Dei
3478 1521 3855 1587 eonsilium:
3925 1520 4004 1587 de
4061 1540 4186 1604 quo
4242 1522 4623 1606 tempestive

653 1635 972 1703 admoniti
1010 1635 1272 1701 fuerant
1315 1654 1355 1699 a
1396 1634 1581 1699 Mose
1624 1630 1846 1718 (Dent.
1895 1632 1953 1710 7,
1997 1630 2128 1717 22),
2172 1652 2258 1696 ne
2301 1629 2514 1697 taedio
2557 1629 2963 1695 fatiscerent:
3025 1629 3308 1696 noluisse
3365 1640 3593 1715 gentes
3648 1639 3973 1699 momento
4031 1632 4261 1711 deleri,
4318 1653 4403 1699 ne
4455 1632 4623 1699 ferae

652 1746 902 1813 bestiae
946 1747 1015 1812 in
1058 1745 1394 1831 regionem
1435 1763 1706 1811 vacuam
1749 1744 2207 1827 irrumperent.
2296 1741 2549 1808 Verum
2594 1761 2795 1825 quum
2840 1741 3081 1824 optime
3125 1742 3311 1809 Deus
3367 1742 3489 1809 hoc
3537 1741 3730 1811 modo
3772 1745 3843 1809 in
3889 1753 4223 1827 posterum
4266 1743 4627 1811 consuleret

653 1878 879 1925 eorum
922 1857 1285 1924 securitati:
1333 1854 1502 1941 quod
1547 1860 1882 1932 statuerat,
1926 1874 2047 1920 sua
2088 1854 2414 1939 pravitate
2455 1854 2529 1918 in
2573 1853 2928 1936 perniciem
2967 1872 3150 1919 suam
3187 1861 3548 1921 verterunt.
3614 1855 3787 1921 Nam
3823 1856 3983 1922 satis
4017 1856 4308 1939 amplum
4346 1854 4627 1939 spatium

654 1967 738 2036 ad
780 1967 1184 2037 commodam
1226 1966 1713 2042 habitationem,
1760 1975 1832 2031 ut
1874 1965 2138 2050 quidem
2184 1966 2519 2048 putabant,
2566 1966 2760 2044 nacti,
2805 1965 3125 2050 flagitiosa
3167 1965 3433 2048 ignavia
3474 1975 3651 2032 retro
3694 1987 3957 2033 cursum
3999 1968 4348 2033 flexerunt.
4436 1965 4630 2048 Quod

654 2100 862 2146 unum
904 2080 1152 2146 crimen
1194 2079 1387 2162 plura
1428 2098 1648 2145 secum
1695 2078 1914 2143 traxit.
2003 2076 2174 2143 Nam
2220 2086 2285 2142 et
2330 2077 2502 2155 Deo,
2550 2077 2658 2143 cui
2701 2096 2942 2142 nomen
2986 2075 3331 2156 dederant,
3393 2077 3476 2143 ad
3521 2077 3976 2162 complendum
4036 2078 4311 2145 militiae
4367 2097 4631 2146 cursum

652 2191 1056 2274 immorigeri
1098 2190 1367 2256 fuerunt
1406 2208 1482 2256 ac
1523 2189 1758 2273 perfidi
1777 2238 1792 2268 ,
1843 2208 1964 2254 nec
2016 2207 2202 2255 secus
2246 2208 2321 2255 ac
2362 2187 2626 2271 fugitivi
2682 2187 2925 2254 milites
2944 2239 2959 2266 ,
3011 2188 3122 2272 qui
3176 2189 3479 2256 militaris
3536 2190 3924 2255 sacramenti
3982 2190 4393 2257 immemores
4448 2190 4632 2273 signa

654 2302 940 2387 turpiter
983 2300 1309 2369 deserunt.
1375 2300 1520 2366 Iam
1563 2308 1775 2366 terrae
1819 2298 2197 2377 dominium,
2243 2300 2412 2383 quod
2457 2300 2775 2367 divinitus
2819 2299 3109 2366 oblatum
3151 2307 3311 2378 erat,
3356 2300 3631 2368 scelesta
3672 2300 4145 2383 ingratitudine
4187 2300 4631 2385 repudiarunt,

653 2422 907 2497 partem
940 2412 1263 2480 duntaxat
1298 2411 1601 2496 amplexi.
1666 2410 1774 2476 Ad
1811 2410 1988 2489 haec,
2033 2431 2235 2495 quum
2267 2411 2432 2479 iussi
2469 2421 2688 2480 essent
2721 2421 2964 2477 terram
3001 2418 3288 2479 sanctam
3325 2412 3832 2496 inquinamentis
3866 2412 4168 2480 omnibus
4210 2433 4512 2498 purgare,
4553 2433 4633 2478 ne

654 2545 785 2609 qua
802 2525 1166 2608 profanatio
1185 2526 1335 2610 puri
1372 2532 1435 2589 et
1467 2523 1740 2606 legitimi
1774 2522 1989 2590 cultus
2012 2532 2339 2589 maneret:
2374 2525 2551 2608 passi
2586 2530 2742 2591 sunt
2775 2524 3010 2607 impias
3045 2524 3557 2608 superstitiones,
3580 2545 3741 2608 quas
3762 2525 3944 2592 Deus
3967 2523 4481 2606 abominabatur,
4517 2544 4629 2608 pro

653 2656 835 2703 more
872 2637 1177 2719 grassari.
1240 2637 1592 2702 Praeterea
1625 2655 1823 2718 quum
1860 2633 2103 2700 scirent
2136 2633 2336 2700 saluti
2371 2656 2530 2701 suae
2562 2635 2765 2701 fuisse
2798 2644 3232 2719 prospectum,
3279 2657 3363 2701 ne
3398 2635 3697 2719 gentibus
3738 2637 4049 2721 permixti
4090 2656 4315 2703 eorum
4357 2635 4628 2702 fallaciis

652 2755 720 2813 et
762 2746 1092 2816 insidiosis
1136 2747 1386 2814 artibus
1428 2747 1960 2830 illaquearentur,
2005 2745 2189 2828 qnasi
2233 2745 2385 2814 data
2428 2767 2626 2833 opera
2668 2746 3026 2830 periculum
3073 2756 3470 2831 appeterent,
3513 2767 3624 2814 eas
3668 2758 3979 2832 tanquam
4022 2747 4304 2814 exitialis
4344 2745 4627 2814 incendii

652 2860 995 2926 materiam
1040 2860 1461 2944 reliquerunt.
1552 2857 1744 2938 Quod
1783 2876 1941 2923 vero
1984 2877 2229 2941 poenae
2273 2854 2772 2924 denunciatione
2830 2858 3042 2925 territi
3099 2878 3232 2925 non
3289 2860 3583 2941 fuerunt,
3637 2858 3707 2924 in
3749 2879 3825 2926 eo
3869 2879 3901 2924 s
3979 2858 4266 2943 prodidit
4306 2858 4628 2925 obstinata

650 2991 881 3038 eorum
921 2970 1359 3038 incredulitas.
1423 2969 1630 3054 Atqui
1673 2967 1936 3034 tandem
1980 2969 2234 3053 experti
2275 2976 2429 3036 sunt
2470 2968 2689 3036 Deum
2733 2990 2866 3036 non
2912 2971 3160 3036 frustra
3203 2972 3583 3037 minitatum
3623 2970 3860 3049 fuisse,
3904 2880 4136 3057 {entes
4179 2970 4346 3050 illas,
4391 2970 4627 3054 quibus

649 3082 826 3148 male
882 3091 1338 3167 pepercerant,
1397 3082 1536 3147 fore
1592 3079 1724 3146 illis
1781 3080 1853 3145 in
1908 3080 2132 3164 spinas
2189 3091 2254 3148 et
2308 3081 2565 3149 aculeos
2620 3082 2848 3168 (Num.
2894 3082 3013 3160 33,
3061 3081 3189 3168 55).
3280 3081 3581 3149 Assiduis
3626 3082 3802 3147 enim
3846 3080 4325 3149 incursionibus
4365 3082 4631 3147 fuerunt

652 3194 891 3273 vexati,
936 3194 1184 3279 rapinis
1228 3192 1516 3280 expilati,
1563 3201 1629 3258 et
1663 3190 1929 3257 tandem
1963 3194 2309 3279 tyrannica
2342 3193 2656 3262 violentia
2689 3194 2824 3260 fere
2858 3196 3164 3277 oppressi.
3237 3194 3535 3278 Denique
3569 3213 3686 3277 per
3721 3213 3831 3261 eos
3867 3214 4000 3259 non
4036 3194 4235 3272 stetit,
4279 3194 4628 3277 quominus

652 3306 844 3371 irrita
884 3304 1145 3372 caderet
1185 3305 1315 3372 Dei
1355 3304 1614 3372 veritas.
1695 3302 2091 3388 Quanquam
2133 3304 2256 3372 hac
2295 3304 2376 3371 de
2416 3325 2492 3371 re
2536 3314 2752 3389 potest
2793 3304 3043 3371 moveri
3085 3305 3408 3388 quaestio:
3454 3306 3606 3389 quia
3651 3304 3708 3372 si
3747 3305 4090 3389 promissio
4132 3304 4435 3371 Abrabae
4481 3303 4629 3370 data

653 3437 788 3484 non
826 3415 956 3483 nisi
990 3417 1062 3482 in
1098 3437 1279 3483 mero
1315 3417 1456 3483 eius
1490 3415 1899 3501 beneplacito
1933 3415 2209 3483 fundata
2240 3416 2396 3483 fuit:
2440 3416 2904 3500 qualiscunque
2940 3427 3111 3482 esset
3146 3416 3446 3500 populus,
3482 3416 3621 3483 eius
3657 3416 3846 3500 culpa
3881 3415 4249 3482 labefactari
4273 3414 4625 3482 absurdum

652 3528 795 3595 fnit.
876 3526 1217 3610 Quomodo
1259 3528 1463 3611 igitur
1500 3527 1664 3594 haec
1704 3527 2105 3607 conciliabis,
2151 3529 2459 3612 populum
2502 3528 2679 3596 iusta
2723 3538 2789 3594 et
2830 3527 3039 3594 solida
3079 3527 3484 3595 haereditate
3527 3549 3660 3594 non
3702 3528 3900 3595 fuisse
3943 3528 4251 3611 potitum,
4297 3538 4364 3592 et
4405 3536 4627 3592 tamen

649 3637 871 3705 Deum
912 3639 1114 3707 fuisse
1157 3638 1499 3706 veracem?
1588 3639 1840 3705 Verum
1885 3639 2047 3705 adeo
2092 3659 2406 3708 concussa
2446 3661 2580 3706 non
2623 3639 2778 3722 fuit,
2824 3639 2932 3706 vel
2978 3639 3289 3723 dissipata
3330 3638 3441 3706 vel
3484 3639 3615 3706 ullo
3658 3639 3850 3706 modo
3891 3640 4238 3705 imminuta
4279 3638 4405 3705 Dei
4447 3639 4625 3716 fides,

653 3758 729 3816 ut
770 3750 928 3816 binc
969 3750 1207 3817 melius
1250 3761 1562 3834 appareat
1582 3801 1596 3828 ,
1642 3763 1927 3834 quantus
1971 3752 2056 3817 sit
2098 3752 2366 3832 artifex,
2425 3753 2533 3836 qui
2577 3772 2696 3836 pro
2738 3750 3375 3835 incomprehensibili
3419 3751 3737 3834 sapientia
3778 3750 3989 3817 lucem
4033 3771 4070 3817 e
4113 3751 4401 3817 tenebris
4442 3749 4632 3816 novit

650 3881 899 3929 eruere.
966 3861 1234 3929 Dictum
1270 3862 1483 3928 fuerat
1501 3860 1840 3929 Abrahae:
1887 3861 2138 3930 Semini
2175 3872 2286 3930 tuo
2323 3862 2488 3929 dabo
2526 3874 2768 3929 terram
2804 3863 2974 3930 hanc
3011 3884 3050 3928 a
3084 3864 3283 3928 fluvio
3305 3863 3590 3948 Aegypti
3625 3882 3832 3946 usque
3876 3862 3957 3928 ad
3999 3862 4274 3929 fluvium
4319 3881 4629 3946 magnum

648 3973 1062 4057 Euphratem
1108 3972 1307 4061 (Gen.
1357 3972 1457 4052 15,
1508 3972 1633 4059 18).
1720 3974 2047 4042 Effectum
2092 3974 2287 4041 Iosue
2329 3975 2616 4041 affirmat
2656 3975 2904 4040 instare
2947 3994 3024 4039 ac
3064 3975 3194 4039 iam
3240 3973 3482 4041 adesse.
3569 3974 3777 4059 Atqui
3821 3973 4068 4041 desidia
4109 3973 4301 4042 fracti
4342 3973 4424 4040 ad
4471 3974 4631 4040 fines

648 4083 800 4151 illos
841 4104 976 4151 non
1010 4087 1439 4170 perveniunt:
1484 4085 1616 4152 imo
1653 4094 1885 4170 sponte
1920 4107 1989 4154 se
2025 4087 2091 4152 in
2129 4087 2464 4170 angustias
2507 4084 2907 4153 coniiciendo
2951 4086 3236 4153 claustra
3269 4085 3740 4170 quodammodo
3783 4092 4124 4170 opponunt
4157 4083 4287 4151 Dei
4321 4083 4625 4168 largitati.

651 4196 820 4262 Visa
853 4197 980 4262 fuit
1021 4195 1144 4263 hoc
1186 4194 1375 4262 modo
1418 4197 1676 4280 eclipsis
1719 4197 2042 4282 quaedam
2083 4196 2432 4264 obscurare
2475 4197 2604 4263 Dei
2648 4197 2893 4264 foedus.
2971 4197 3109 4264 Nee
3153 4197 3422 4264 dubium
3465 4208 3584 4276 est,
3629 4199 3788 4281 quin
3832 4195 4042 4263 multa
4083 4198 4410 4263 anxietate
4455 4195 4627 4262 labo·

649 4308 945 4375 raverint
988 4307 1136 4392 piae
1177 4315 1464 4390 mentes,
1506 4329 1729 4393 quum.
1753 4309 2124 4393 praecisum
2167 4318 2511 4374 cernerent
2555 4331 2718 4393 opus
2761 4307 2907 4375 Dei.
2997 4308 3250 4375 Verum
3290 4310 3385 4375 ita
3422 4308 3548 4375 sibi
3591 4309 3964 4375 moderatus
4006 4317 4107 4374 est
4147 4309 4216 4373 in
4260 4307 4630 4394 castigando

650 4418 873 4504 populi
917 4419 1179 4498 scelere,
1225 4427 1301 4485 ut
1343 4421 1616 4485 tentatio
1659 4421 1876 4503 gravis
1918 4434 1985 4485 et
2029 4419 2391 4505 periculosa
2430 4422 2496 4486 in
2544 4420 2695 4488 fidei
2739 4420 3204 4488 adminiculum
3251 4440 3562 4487 conversa
3604 4420 3822 4486 fuerit.
3911 4418 4225 4486 Defectus
4268 4439 4420 4503 ergo
4463 4418 4630 4486 filios

650 4526 781 4596 Dei
815 4528 1174 4611 admonuit,
1219 4530 1729 4614 exspectandum
1768 4551 1910 4598 esse
1945 4532 2482 4615 praestantiorem
2526 4542 2772 4599 statum
2809 4532 2877 4598 in
2924 4553 3052 4618 quo
3096 4531 3484 4599 luculentior
3517 4540 3809 4598 exstaret
3841 4531 3970 4598 Dei
4005 4532 4238 4616 gratia,
4281 4533 4411 4598 imo
4446 4551 4630 4614 supe·

649 4642 814 4709 ratis
857 4642 1208 4709 obstaculis
1248 4642 1513 4726 penitus
1554 4641 1853 4728 fulgeret.
1920 4642 2099 4710 Hinc
2131 4643 2215 4710 ad
2238 4643 2581 4712 Ohristum
2616 4646 2879 4711 fuerunt
2921 4644 3154 4713 erecti:
3200 4643 3373 4711 unde
3416 4644 3614 4710 etiam
3655 4644 3962 4724 innotuit,
4008 4665 4047 4709 a
4090 4643 4301 4726 capite
4344 4643 4626 4727 pendere

649 4755 977 4840 integram
1024 4753 1330 4820 eeclesiae
1373 4754 1766 4820 felicitatem.
1849 4752 1957 4821 Ad
1992 4775 2136 4822 eam
2171 4777 2310 4822 rem
2348 4757 2557 4823 adiuti
2599 4756 2867 4822 fuerunt
2909 4757 3096 4823 novis
3140 4755 3498 4840 prophetiis
3554 4754 3754 4842 (Psal.
3803 4756 3886 4821 72
3928 4764 3995 4821 et
4034 4754 4179 4841 89):
4237 4752 4408 4821 Nam
4456 4752 4625 4839 quod

646 4865 844 4933 Iosue
885 4885 1061 4931 nunc
1105 4884 1188 4930 ex
1230 4866 1495 4949 antiquo
1536 4865 1798 4931 foedere
1854 4868 2094 4952 repetit
2158 4867 2464 4935 Psalmus
2506 4866 2589 4932 ad
2633 4887 2911 4948 regnum
2957 4867 3236 4933 Messias
3288 4867 3634 4935 transfert:
3702 4868 3856 4952 quia
3906 4868 3974 4933 in
4014 4866 4082 4931 id
4125 4876 4381 4952 tempus
4425 4866 4626 4933 distu-

648 4977 815 5042 lerat
854 4975 1037 5041 Deus
1080 4974 1343 5059 plenam
1386 4982 1599 5041 terrae
1641 4977 2049 5059 fruitionem,
2107 4999 2235 5063 quo
2280 5000 2556 5065 regnum
2601 4978 2718 5043 filii
2763 4978 2866 5044 sui
2908 4977 3286 5045 illustraret.
3374 4980 3542 5046 Eius
3584 4979 3679 5045 rei
3725 4980 4050 5063 specimen
4096 4980 4163 5046 in
4206 4978 4463 5047 Davide
4503 4978 4626 5044 fuit

648 5087 927 5167 editum,
979 5086 1092 5170 qui
1137 5105 1483 5168 personam
1529 5085 1780 5154 Christi
1824 5090 2146 5173 gestabat:
2205 5099 2273 5156 et
2325 5102 2485 5157 tune
2532 5090 2865 5174 apparuit,
2921 5109 3054 5155 non
3100 5090 3292 5157 aliter
3335 5090 3612 5158 stabiliri
3654 5103 3958 5175 ratasque
3997 5112 4141 5158 esse
4180 5089 4306 5158 Dei
4350 5091 4623 5175 promis·

648 5199 895 5278 siones,
953 5216 1149 5280 quam
1206 5216 1323 5281 per
1381 5218 1653 5264 manum
1714 5198 2107 5266 mediatoris.
2195 5202 2391 5269 Nunc
2442 5202 2741 5269 videmus
2797 5201 2969 5268 nihil
3025 5223 3165 5271 esse
3219 5203 3484 5269 absurdi
3530 5204 3585 5269 si
3630 5203 3757 5269 Dei
3802 5203 4079 5283 veritas,
4139 5205 4245 5271 cui
4302 5222 4623 5269 remoram

644 5310 933 5379 nieeerat
976 5307 1201 5392 populi
1244 5308 1526 5388 malitia,
1574 5331 1708 5376 non
1754 5313 1882 5377 nisi
1928 5320 2105 5379 recte
2148 5316 2502 5399 composito
2545 5313 2854 5382 ecclesiae
2898 5322 3073 5381 statu
3118 5335 3384 5399 prorsus
3427 5315 3793 5396 emerserit,
3838 5335 4038 5401 quum
4082 5314 4329 5383 scilieet
4371 5315 4440 5379 in
4482 5334 4623 5399 per-
