5017 6142
371 457 504 525 329

544 644 650 711 28.
715 643 806 710 Et
853 646 1179 728 praecep-’t
1238 646 1317 713 de
1375 646 1471 713 eis
1502 645 1739 714 Moses.
1825 646 1942 715 Sic
2002 656 2327 732 temperat

373 750 569 798 suum
614 728 970 811 decretum,
1012 752 1099 796 ne
1119 731 1474 799 Rubenitis
1515 741 1585 799 et
1627 733 1794 814 aliis,
1838 731 1956 800 ubi
1999 734 2326 817 perfuncti

372 816 622 882 fuerint
653 816 931 883 militiae
964 837 1177 898 cursu,
1209 818 1425 884 fraudi
1456 818 1548 884 sit
1578 817 1932 887 Iordanem
1966 820 2324 902 transiisse,

374 901 565 987 quasi
625 901 709 967 ad
768 921 978 969 novas
1039 902 1230 969 sedes
1293 904 1726 987 quaerendas:
1792 925 1915 971 nec
1977 914 2202 972 tamen
2266 906 2325 972 si

374 987 541 1054 alias
583 985 796 1055 tribus
838 988 1101 1054 frustati
1146 989 1420 1071 fuerint,
1461 991 1672 1074 prosit
1711 990 1849 1056 illis
1889 1011 2013 1057 sua
2053 992 2324 1076 ignavia

373 1083 442 1139 et
498 1072 708 1140 dolus.
793 1072 876 1139 In
929 1094 1226 1155 summa,
1279 1075 1339 1141 si
1390 1097 1478 1142 ex
1526 1086 1862 1161 compacto
1918 1078 2159 1143 iratres
2207 1075 2324 1143 ad·

372 1159 671 1225 iuverint
687 1209 703 1238 ‚
750 1158 931 1225 iubet
970 1169 1289 1244 perpetuo
1331 1161 1615 1246 relinqui
1658 1163 1830 1246 quod
1875 1184 2054 1230 nunc
2095 1183 2324 1229 conce·

308 1268 349 1296 κ
374 1243 501 1310 dit:
561 1244 665 1311 sin
722 1266 880 1311 vero
935 1246 1355 1313 discesserint
1405 1267 1447 1313 a
1486 1249 1648 1326 fide,
1711 1249 1853 1315 vult
1893 1249 2039 1334 cogi
2081 1249 2323 1315 invitos

374 1330 458 1396 ad
535 1330 945 1397 sortitionem
1011 1353 1445 1399 communem.
1534 1334 1765 1418 Neque
1829 1336 2006 1401 enim
2068 1341 2323 1418 partem

373 1415 507 1482 illis
551 1417 900 1502 assignans
939 1418 1012 1482 in
1055 1417 1273 1484 media
1325 1427 1505 1485 terra
1548 1420 1899 1500 Chanaan,
1956 1420 2323 1505 praemium

373 1502 671 1580 inertiae,
717 1503 772 1568 si
816 1503 1240 1584 cessaverint,
1284 1504 1419 1569 illis
1461 1504 1772 1590 largitur:
1818 1505 1932 1572 sed
1978 1507 2049 1571 vi
2092 1513 2160 1572 et
2200 1506 2324 1571 im-

373 1589 555 1672 perio
602 1586 953 1655 trahendos
1007 1610 1152 1655 esse
1207 1591 1566 1672 significat,
1641 1601 1718 1659 ut
1775 1612 1847 1658 se
1888 1591 2205 1658 fratribus
2252 1594 2321 1656 in

372 1693 602 1739 omnes
644 1683 926 1741 eventus
969 1673 1347 1755 subiiciant,
1392 1676 1547 1760 quia
1587 1698 1884 1744 seorsum
1919 1678 2043 1744 sibi
2088 1698 2323 1744 consu·

371 1758 509 1824 lere
564 1759 665 1824 fas
721 1781 856 1826 non
913 1769 1073 1826 erat.
1161 1761 1515 1828 Caeterum
1558 1763 1640 1830 de
1680 1774 1901 1830 terrae
1947 1764 2321 1847 partitione,

369 1844 558 1928 quasi
592 1844 674 1910 de
711 1866 785 1912 re
827 1867 982 1912 mox
1015 1848 1240 1913 futura
1274 1849 1685 1933 praecipiens
1726 1849 2025 1915 omnium
2067 1850 2321 1915 animos

366 1929 455 1996 ad
508 1929 821 1996 fiduciam
876 1932 1143 2015 attollit,
1208 1954 1335 2017 quo
1391 1935 1669 2001 alacrius
1724 1936 2078 2001 transitum
2139 1955 2320 2002 acce·

365 2017 613 2082 lerent:
671 2038 748 2084 ac
804 2018 863 2083 si
904 2039 1037 2084 non
1094 2027 1352 2085 tantum
1405 2021 1478 2086 in
1536 2041 1739 2087 manu
1789 2028 1961 2088 esset
2017 2021 2319 2100 victoria,

364 2102 483 2168 sed
525 2122 684 2167 mox
718 2124 973 2186 quoque
1016 2105 1475 2188 percipiendus
1517 2109 1660 2174 eius
1702 2108 1974 2174 fructus.

539 2187 644 2253 33.
695 2188 894 2255 Dedit
933 2192 1164 2274 itaque.
1249 2190 1362 2258 Sic
1395 2192 1632 2258 Mosen
1676 2191 1931 2260 dedisse
1964 2192 2317 2277 intelligas,

364 2281 448 2339 ut
490 2272 623 2339 Dei
665 2275 974 2341 mandato
1036 2278 1243 2343 fretus
1302 2277 1514 2362 legem
1565 2277 2013 2344 inviolabilem
2073 2279 2315 2344 tulerit.

364 2358 763 2443 Quanquam
839 2361 1014 2427 enim
1092 2384 1402 2447 expresse
1465 2385 1598 2431 non
1664 2365 1907 2450 legitur
1969 2365 2317 2447 imperium

360 2445 494 2511 Dei
518 2446 980 2526 intercessisse,
1018 2450 1339 2532 posterior
1380 2457 1600 2516 tamen
1635 2450 2015 2534 approbatio
2036 2450 2102 2516 id
2124 2451 2319 2536 plane

360 2532 745 2597 confirmat:
805 2535 975 2599 sicut
1017 2535 1203 2600 nulla
1246 2537 1324 2601 fit
1377 2538 1622 2602 mentio
1665 2536 1943 2602 Eleazar
1989 2544 2058 2602 et
2099 2536 2316 2602 senio-

360 2639 516 2683 rum
561 2638 723 2700 quos
780 2626 1002 2685 tamen
1056 2641 1189 2686 non
1230 2622 1429 2687 fuisse
1471 2623 1857 2707 praeteritos
1901 2633 2153 2689 certum
2197 2630 2315 2700 est,

360 2704 526 2786 quin
564 2702 840 2770 adhibiti
874 2706 1123 2771 fuerint
1155 2707 1350 2773 simul
1388 2708 1646 2774 arbitri:
1689 2709 2074 2792 praesertim
2111 2729 2314 2791 quum

359 2809 403 2855 a
446 2789 603 2854 filiis
657 2789 805 2856 Gad
862 2800 931 2856 et
973 2792 1211 2857 Ruben
1268 2793 1486 2859 delata
1538 2794 1672 2860 illis
1730 2794 1958 2860 fuisset
2010 2794 2311 2878 cognitio.

359 2876 656 2941 Tantum
722 2875 960 2943 subest
1039 2879 1238 2944 tacita
1315 2879 1665 2945 antithesis
1731 2881 1904 2945 inter
1967 2881 2312 2965 antiquum

356 2961 591 3027 foedus
650 2960 821 3044 quod
863 2964 1048 3029 Deus
1110 2965 1451 3050 pepigerat
1506 2986 1655 3032 cum
1700 2966 2040 3031 Abraham
2080 2976 2148 3030 et
2191 2965 2314 3032 hoo

357 3068 617 3114 novum
702 3049 806 3114 ius
907 3069 984 3115 ac
1084 3051 1396 3134 speciale,
1488 3072 1617 3135 quo
1720 3051 2034 3135 populum
2103 3060 2312 3118 'suum

357 3132 765 3217 locupletare
831 3133 1142 3219 dignatus
1209 3137 1445 3204 fuerat.
1533 3137 1866 3220 Principio
1932 3137 2098 3203 duae
2164 3146 2312 3203 tan-

356 3230 507 3285 tum
552 3219 764 3285 tribus
807 3222 1181 3288 nominatae
1223 3224 1515 3289 fuerant:
1576 3243 1754 3288 nunc
1810 3222 2073 3288 additur
2120 3223 2311 3289 dimi-

358 3306 470 3371 dia
529 3304 742 3370 tribus
798 3306 1142 3374 Manasse:
1209 3311 1361 3392 quia
1416 3309 1664 3376 scilicet
1726 3309 1973 3392 posteri
2030 3309 2309 3389 Machir‚

356 3401 429 3458 et
495 3390 668 3469 Iair,
733 3402 802 3457 et
855 3392 1075 3471 Noba,
1141 3396 1255 3477 qui
1320 3415 1546 3461 omnes
1614 3415 1824 3479 genus
1887 3395 2215 3462 ducebant
2271 3417 2312 3460 a

356 3478 692 3556 Manasse,
736 3477 932 3545 urbes
976 3488 1042 3544 et
1083 3480 1263 3547 vicos
1305 3488 1803 3564 occupaverant.
1893 3480 2088 3560 Quod
2132 3481 2308 3547 enim

358 3565 453 3631 sic
519 3571 789 3629 vertunt
844 3565 1273 3649 interpretes,
1318 3588 1393 3634 ac
1437 3567 1495 3632 si
1538 3567 1845 3632 victorias
1887 3567 2037 3631 illas
2094 3576 2312 3633 essent

356 3650 584 3732 adepti
662 3671 746 3717 ex
820 3670 949 3733 quo
1012 3653 1367 3718 Rubenitis
1439 3661 1509 3718 et
1581 3653 1845 3719 Gaditis
1921 3654 2311 3736 permiserat

356 3736 589 3802 Moses
647 3744 828 3802 trans
871 3736 1220 3803 Iordanem
1280 3737 1606 3804 habitare:
1667 3737 1830 3803 mihi
1872 3760 2002 3803 non
2051 3739 2313 3804 videtur

357 3831 907 3890 consentaneum:
994 3824 1157 3906 quin
1243 3826 1462 3907 potius
1545 3824 1845 3890 redditur
1919 3845 2118 3890 causa
2195 3846 2310 3890 cur

355 3918 635 3990 excepta
711 3908 911 3973 fuerit
988 3911 1197 3991 portio
1259 3931 1424 3993 quae
1487 3911 1679 3976 cessit
1742 3911 1896 3976 filiis
1959 3910 2304 3977 Manasse:

356 3995 513 4080 quia
558 3993 806 4060 scilicet
850 3995 1194 4061 fraudandi
1237 4016 1369 4061 non
1418 3995 1664 4061 fuerint
1706 3997 1884 4078 agris
1928 4016 2091 4079 quos
2135 4017 2307 4062 seor-

358 4102 511 4147 sum
573 4080 1029 4164 acquisierant.
1118 4082 1257 4147 Nco
1308 4102 1468 4148 vero
1524 4081 1855 4165 probabile
1910 4092 2045 4162 est,
2104 4103 2306 4166 quum

356 4167 507 4233 aliis
544 4165 700 4231 data
740 4178 912 4232 esset
955 4169 1134 4251 regio
1180 4178 1360 4235 trans
1402 4168 1783 4246 Iordanem,
1829 4176 2056 4252 postea
2098 4172 2309 4252 irrup-

358 4255 609 4319 tionem
677 4253 937 4330 fecisse,
1002 4263 1078 4318 ut
1140 4255 1242 4319 ius
1309 4254 1595 4319 alienum
1659 4253 1741 4318 ad
1807 4275 1878 4320 se
1946 4255 2304 4320 traherent.

356 4340 501 4406 Nec
544 4337 758 4403 obstat
800 4341 1003 4405 series
1049 4340 1477 4405 narrationis:
1519 4341 1671 4423 quia
1712 4339 2035 4406 Hebraeis
2075 4342 2306 4406 tritum

357 4438 463 4493 est
526 4444 692 4508 quae
735 4424 921 4508 prius
965 4438 1152 4507 gesta
1198 4434 1354 4492 sunt
1408 4426 1730 4510 posterius
1787 4426 2058 4491 referre:
2117 4447 2307 4510 prae-

357 4514 590 4579 sertim
632 4510 743 4576 ubi
778 4531 896 4593 per
929 4512 1330 4577 occasionem
1365 4513 1707 4577 subiicitur
1741 4532 1858 4595 pro
1891 4531 2124 4578 causae
2158 4511 2307 4578 red-

357 4598 611 4664 ditione
662 4596 834 4680 quod
889 4607 1041 4662 ante
1096 4599 1409 4664 omissum
1452 4599 1684 4663 fuerat.
1776 4599 1854 4663 Si
1896 4598 2043 4682 quis
2085 4607 2305 4664 tamen

354 4685 549 4750 malit
589 4684 920 4768 praesenti
967 4683 1302 4749 commodo
1345 4685 1544 4750 fuisse
1588 4684 1873 4764 allectos,
1908 4684 2306 4767 pertinacius

353 4791 494 4837 non
538 4767 948 4835 contendam.
1030 4768 1162 4835 Sed
1207 4770 1318 4851 qui
1360 4769 1668 4836 convenit
1709 4768 1906 4835 urbes
1947 4771 2149 4836 fuisse
2189 4791 2307 4835 ex-

353 4867 645 4923 structas
689 4874 856 4938 quae
891 4854 1105 4921 adhuc
1149 4854 1506 4922 incolumes
1550 4854 1857 4922 stabant?
1914 4856 2107 4923 sicuti
2152 4865 2307 4921 ante

353 4942 645 5010 vidimus
679 4942 993 5007 victorem
1033 4941 1345 5024 populum
1378 4942 1451 5005 in
1474 4941 1606 5006 illis
1632 4940 1980 5007 habitasse.
2033 4942 2305 5025 Nempe,

398 5029 515 5094 uia
572 5027 692 5092 vix
749 5046 1037 5110 unquam
1096 5027 1377 5111 contigit
1427 5026 1798 5111 expugnari
1855 5027 2048 5093 urbes
2066 5078 2082 5105 ,
2148 5028 2306 5112 quin

406 5116 422 5130 “
465 5120 707 5179 uantur
765 5114 967 5193 muri,
1020 5133 1151 5178 non
1198 5113 1314 5179 abs
1359 5133 1432 5178 re
1474 5113 1627 5179 talis
1679 5113 2073 5179 instauratio
2116 5135 2306 5181 voca-

351 5210 473 5266 tur
512 5199 902 5266 aedificium.
961 5197 1361 5265 Muniendae
1402 5213 1592 5265 erant
1636 5199 1849 5278 urbes,
1895 5220 1981 5264 ne
2022 5199 2306 5265 imbellis

352 5285 557 5352 turba
599 5284 681 5350 ad
724 5285 971 5368 primos
1024 5305 1311 5368 quosque
1355 5284 1643 5351 hostium
1684 5287 1966 5368 impetus
2009 5286 2307 5368 exposita

352 5382 549 5441 esset.
638 5370 720 5436 In
786 5369 961 5436 hunc
1023 5371 1225 5436 finem
1288 5379 1748 5438 restaurarunt
1810 5391 1975 5455 quae
2038 5370 2308 5438 disiecta

1784 459 2198 529 REDI'I'US
2242 458 2373 528 AD
2416 455 2965 530 HISTORIAM.

4260 481 4391 549 330

2428 653 2654 795 ‹sirati-nt:
2711 657 2819 800 {gs
2821 647 2916 713 ita
2958 651 3435 734 quodammodo
3491 669 3899 745 renovarunt
3942 662 4140 731 urbes
4174 658 4388 737 ruinis

2472 750 2509 795 e
2576 751 2720 797 rma
2825 784 2839 798 .

2492 1120 2497 1133 '
2635 1123 3060 1196 EIUSDEM
3101 1127 3618 1201 HISTORIAE
3663 1134 4182 1208 REPETI'I'IO.

2971 1333 3105 1400 Ex
3147 1334 3418 1404 DEU'P.
3464 1337 3662 1405 OAP.
3708 1341 3834 1410 III.

2605 1502 2704 1569 12.
2772 1501 2863 1568 Et
2913 1503 3074 1569 banc
3129 1510 3361 1572 terram
3403 1509 3807 1590 possedimus
3858 1534 3925 1580 eo
3978 1520 4245 1598 tempore
4296 1515 4375 1581 ab

2428 1588 2665 1668 Aroer,
2722 1608 2883 1671 quae
2931 1590 3059 1655 sita
3100 1597 3238 1656 erat
3280 1593 3366 1659 ad
3423 1598 3746 1662 torrentem
3786 1599 4043 1666 Arnon.-
4091 1606 4148 1667 et
4188 1601 4375 1666 dimi·

2426 1675 2606 1740 dium
2645 1675 2875 1741 montis
2921 1675 3204 1755 Galaad,
3264 1683 3322 1742 et
3360 1680 3546 1746 urbes
3585 1683 3724 1748 eius
3762 1685 3910 1751 dedi
3952 1685 4280 1753 Rubenitis
4319 1691 4379 1752 et

2433 1760 2710 1827 Gaditis.
2798 1760 2898 1825 13.
2968 1760 3320 1828 Res-iduum
3373 1785 3516 1832 vero
3573 1767 3829 1834 Galaad
3841 1820 3858 1851 ,
3906 1776 3964 1836 et
4013 1774 4375 1839 universam

2425 1844 2656 1912 Basan
2718 1846 2896 1929 reyni
2966 1847 3060 1931 09
3120 1848 3267 1914 dedi
3322 1850 3629 1918 dimidiae
3683 1854 3879 1921 tribui
3924 1856 4228 1924 Manasse
4242 1907 4258 1938 ,
4318 1862 4374 1923 et

2426 1951 2665 1998 omnem
2703 1934 3009 2015 reqionem
3051 1933 3292 2018 Aryob‚
3349 1941 3534 2002 totam
3576 1937 3806 2005 Basan
3847 1961 4007 2024 qaae
4045 1942 4375 2010 vocabatur

2424 2023 2594 2084 terra
2622 2020 2967 2102 yiyantum.
3040 2019 3142 2085 14.
3203 2020 3353 2086 Iair
3387 2022 3565 2103 filius
3606 2024 3914 2093 Manasse
3951 2029 4109 2110 cepit
4139 2048 4376 2096 omnem

2420 2123 2562 2255 &05³⁹
2537 2103 3254 2257 ‘⁰12'}‘³-¹’2‡AZ{<‘2'323.?⁸02²2⁶
3266 2106 4376 2266 .⁹.?.m”20'?..‘i⁶³.²;2⁴m⁶‘32'5223

2422 2274 2676 2340 Havoth
2732 2277 2882 2340 Iair
2923 2296 3120 2357 usque
3161 2279 3248 2343 ad
3289 2279 3457 2343 diem
3512 2281 3718 2346 istam.
3812 2284 3910 2349 15.
3983 2284 4187 2351 Porro
4238 2286 4372 2369 ipsi

2422 2360 2679 2427 Maebir
2719 2361 2868 2427 dedi
2914 2362 3206 2429 Galaad:
3277 2364 3376 2429 16.
3446 2365 3777 2433 Rubenitis
3828 2390 3969 2433 vero
4008 2375 4066 2435 et
4113 2370 4374 2438 Gaditis

2419 2449 2566 2513 dedi
2628 2446 2920 2528 GaZaad,
2983 2469 3179 2531 usque
3242 2450 3329 2515 ad
3390 2456 3714 2518 torrentem
3769 2454 4030 2533 Arnon,
4095 2458 4369 2522 medium

2419 2532 2711 2600 torrentis
2726 2583 2743 2613 ,
2802 2538 2860 2598 et
2901 2537 3263 2602 termtnum:
3319 2541 3374 2602 et
3414 2557 3611 2620 usqae
3652 2539 3738 2603 ad
3781 2538 4004 2606 Iabboe
4044 2545 4371 2608 torrentem

2421 2621 2758 2686 termv'num
2807 2618 3085 2697 filiorum
3129 2623 3431 2687 Ammon:
3524 2624 3625 2688 17.
3674 2624 4052 2705 Planitiem,
4117 2631 4173 2691 et
4231 2628 4366 2692 Ior-

2421 2706 2667 2784 danem,
2711 2709 2768 2769 et
2798 2706 3130 2772 terminum
3164 2727 3209 2773 a
3247 2707 3615 2775 Cbinneretb
3647 2730 3845 2792 usque
3886 2713 3972 2778 ad
4011 2732 4188 2776 mare
4216 2713 4366 2794 pla-

2420 2792 2622 2868 nitiei,
2665 2810 2840 2855 mare
2880 2793 3068 2871 salis,
3111 2793 3226 2859 sub
3266 2795 3667 2876 efflcsionibus
3708 2817 4024 2878 aquarum
4064 2797 4238 2863 collis
4280 2799 4368 2864 ad

2428 2878 2753 2944 Orientem.
2827 2877 2925 2943 18.
2976 2877 3397 2962 Praecepique
3435 2880 3609 2948 vobis
3650 2903 3717 2948 eo
3760 2888 4040 2965 tempore,
4083 2883 4367 2951 dicendo:

2421 2962 2652 3028 Ielzova
2692 2963 2873 3029 Deus
2913 2969 3112 3031 vester
3152 2966 3323 3032 dedit
3360 2967 3530 3033 vobis
3570 2972 3806 3033 terram
3851 2970 4069 3052 istam,
4112 2974 4184 3034 ut
4214 2988 4364 3050 pos·

2416 3049 2681 3114 sideatis
2736 3070 2873 3115 eam
2890 3100 2906 3131 ,
2958 3051 3216 3117 accincti
3271 3052 3473 3117 armis
3527 3054 3877 3119 transibitis
3933 3060 4077 3122 ante
4130 3056 4365 3137 fratres

2415 3139 2650 3200 vestros
2685 3136 2857 3216 filios
2900 3134 3127 3215 Israel,
3171 3143 3460 3221 quotquot
3498 3139 3735 3204 robusti
3775 3142 3942 3205 estis.
4033 3139 4134 3205 19.
4197 3141 4363 3205 Tan-

2414 3221 2722 3285 tummodo
2754 3242 2985 3287 uxores
3026 3227 3267 3288 vestrae
3283 3271 3298 3299 ,
3343 3230 3400 3288 et
3425 3226 3692 3306 parvuli
3734 3226 3924 3291 vestri
3939 3276 3954 3305 ,
4007 3231 4063 3290 et
4092 3225 4363 3307 pecudes

2412 3312 2650 3371 vestrae
2682 3304 2855 3392 (novi
2887 3309 3048 3389 quod
3070 3329 3298 3391 pecora
3339 3311 3538 3375 malta
3570 3311 3701 3375 sint
3731 3309 3926 3396 vobis)
3966 3311 4364 3377 remanebunt

2411 3393 2485 3459 in
2517 3392 2778 3457 urbibus
2807 3396 3034 3460 vestris
3066 3414 3227 3475 qaas
3257 3395 3401 3460 dedi
3433 3395 3642 3461 vobis:
3703 3396 3806 3462 20.
3849 3395 4059 3462 Donec
4090 3397 4364 3479 requiem

2412 3478 2649 3544 dederit
2705 3478 2935 3545 Iehova
2989 3479 3301 3563 fratribus
3355 3482 3577 3546 vestris
3620 3483 3778 3547 sieut
3819 3481 3991 3547 vobis
4006 3533 4022 3561 ,
4069 3488 4125 3547 et
4153 3482 4362 3564 possi-

2411 3564 2598 3629 deant
2647 3563 2778 3646 ipsi
2831 3567 3019 3631 etiam
3071 3570 3304 3631 terram
3319 3617 3333 3646 ,
3398 3587 3592 3649 quam
3648 3567 3877 3632 Iebova
3928 3567 4109 3633 Dens
4163 3572 4361 3633 vester

2412 3651 2522 3716 dat
2574 3650 2667 3714 eis
2722 3656 2903 3718 trans
2947 3652 3314 3718 Iordanem:
3371 3659 3513 3719 tune
3569 3654 3955 3718 revertimini
3997 3653 4233 3738 sinyuli
4273 3652 4360 3718 ad

2399 3736 2857 3816 possessionem
2899 3756 3085 3802 suam
3127 3757 3320 3820 qnam
3359 3738 3507 3804 dedi
3546 3738 3734 3805 vobis.

2588 3907 2688 3973 12.
2755 3909 2845 3974 Et
2885 3909 3044 3977 hano
3084 3914 3337 3975 terram.
3425 3909 3573 3974 Hoc
3614 3911 3756 3977 loco
3799 3907 4129 3976 decretum
4164 3928 4354 3974 suum

2409 3993 2773 4075 confirmat,
2819 4003 2895 4061 ut
2933 3995 3297 4076 Rubenitis,
3331 4002 3399 4061 et
3442 3995 3722 4073 Gaditis‚
3777 4004 3847 4061 et
3888 3993 4195 4060 dimidiae
4237 3995 4353 4059 tri-

2410 4080 2524 4146 bui
2580 4082 2889 4150 Manasse
2946 4091 3091 4147 rata
3144 4082 3230 4147 sit
3285 4090 3500 4146 terrae
3542 4081 3861 4164 possessio
3905 4090 4086 4145 trans
4127 4078 4355 4145 Iorda-

2409 4190 2583 4235 nem.
2672 4167 3003 4249 Quoniam
3057 4168 3234 4232 enim
3288 4168 3419 4233 illis
3472 4176 3659 4232 extra
3711 4175 3952 4233 sortem
4012 4164 4354 4249 obtigerat,

2406 4256 2619 4340 potuit
2682 4275 2787 4320 res
2852 4255 2920 4318 in
2986 4255 3501 4321 controversiam
3564 4251 3739 4317 trahi
3806 4251 3980 4334 apud
4040 4261 4351 4334 posteros.

2409 4344 2592 4426 Ergo
2656 4361 2741 4405 ne
2806 4340 2952 4424 quis
3018 4339 3382 4406 molestiam
3447 4339 3751 4415 facessat,
3817 4338 4055 4403 iterum
4122 4338 4354 4403 asserit

2406 4427 2739 4512 legitimos
2782 4446 2924 4491 esse
2967 4426 3253 4510 regionis
3295 4425 3473 4490 illius
3527 4423 3845 4489 dominos.
3933 4423 4140 4488 Porro
4198 4423 4354 4506 quia

2408 4513 2699 4597 litigiosa
2756 4532 2900 4578 esse
2952 4519 3211 4596 poterat
3265 4512 3410 4596 ipsa
3462 4510 3722 4575 donatio
3738 4560 3753 4587 ,
3813 4528 3890 4575 eo
3949 4508 4120 4592 quod
4174 4515 4352 4574 terra

2408 4599 2526 4665 illa
2582 4606 2769 4664 extra
2826 4601 2993 4663 fines
3050 4595 3474 4663 haereditatis
3535 4616 3575 4659 a
3617 4595 3762 4659 Deo
3820 4595 4178 4679 promissae
4221 4594 4350 4659 sita

2409 4693 2613 4752 esset:
2686 4683 2858 4750 hanc
2915 4704 3173 4767 quoque
3224 4682 3653 4749 obiectionem
3711 4681 4053 4764 praevenit
4110 4679 4346 4755 Moses,

2409 4770 2581 4854 quod
2645 4768 2830 4835 Deus
2893 4789 3013 4835 suo
3075 4769 3313 4853 populo
3378 4788 3515 4832 non
3577 4766 3823 4831 frustra
3893 4763 4348 4862 possidendam

2410 4856 2692 4922 dederit:
2748 4854 2925 4921 unde
2964 4857 3258 4939 sequitur
3299 4854 3402 4920 ius
3444 4851 3783 4917 habitandi
3827 4851 4030 4916 fuisse
4067 4869 4347 4932 permis-

2408 4964 2572 5010 sum.
2635 4941 2778 5007 Iam
2814 4962 2898 5006 ne
2940 4940 3012 5004 in
3055 4940 3542 5006 contentionem
3587 4945 3853 5003 vocetur
3898 4935 4161 5019 partitio
4206 4942 4347 4999 tan-

2409 5049 2607 5113 quam
2649 5026 3030 5111 inaequalis,
3071 5027 3250 5092 omni
3286 5046 3369 5091 ex
3403 5032 3591 5108 parte
3624 5021 3940 5088 terminos
3973 5019 4105 5085 illis
4140 5020 4346 5118 assig-

2408 5124 2562 5193 nat,
2623 5133 2700 5179 ac
2751 5114 2808 5177 si
2853 5113 2980 5179 Dei
3036 5112 3453 5178 autoritatem
3512 5110 3726 5174 instar
3767 5104 3932 5173 valli
3975 5114 4042 5170 et
4084 5126 4168 5189 ag
4214 5125 4347 5171 eris

2408 5206 2784 5285 opponeret,
2822 5221 2906 5264 ne
2939 5199 3043 5265 cui
3077 5197 3179 5263 fas
3202 5206 3373 5265 esset
3408 5194 3835 5279 irruptionem
3870 5191 4097 5257 facere.
4150 5126 4346 5272 &uod

2409 5286 2493 5352 ad
2558 5287 2826 5351 nomina
2888 5284 3174 5350 locorum
3238 5288 3518 5367 spectat,
3600 5298 3780 5344 mare
3855 5277 4011 5343 salis
4075 5286 4347 5344 vocatur

2410 5380 2761 5438 mortuum.
2851 5368 3261 5436 Chinnereth
3307 5374 3525 5434 autem
3585 5364 3766 5431 lacus
3810 5362 4148 5430 Genesara
4164 5412 4181 5442 ‚
4241 5361 4346 5429 vel
4389 5406 4398 5413 -
