5017 6142
473 451 556 515 37

471 640 819 706 tumeliose
885 638 1227 705 insultent.
1327 637 1509 703 Nihil
1570 638 1745 703 enim
1817 638 2090 701 miseros
2146 636 2412 720 gravius

470 727 777 792 vulnerat
811 745 1009 808 quam
1042 724 1205 791 haec
1245 724 1608 810 indignitas
1649 722 1806 789 dum
1853 720 2105 805 probris
2145 729 2213 786 et
2257 721 2411 787 sub-

472 811 966 878 sannationibus
1000 818 1346 877 vexantur.
1427 811 1594 876 Esse
1639 817 1857 875 autem
1903 808 2152 873 cunctis
2199 807 2413 891 genti-

472 898 594 964 bus
637 899 704 963 in
750 896 1107 962 ludibrium
1153 903 1221 962 et
1264 895 1569 976 fabulam,
1614 894 1682 960 id
1726 893 1940 960 dirum
1983 901 2081 959 est
2124 902 2413 958 tormen-

473 991 632 1049 tum.
738 983 1031 1050 Rursum
1089 983 1438 1049 antithesis
1494 982 1721 1047 subest
1773 980 1945 1045 inter
1988 979 2411 1063 ignominiam

471 1071 580 1137 cui
638 1071 969 1154 ingratum
1030 1069 1341 1152 populum
1404 1068 1590 1132 Deus
1635 1065 1914 1149 addicit,
1974 1074 2042 1129 et
2101 1065 2408 1130 eximiam

472 1156 861 1240 dignitatem
920 1174 1047 1237 qua
1101 1155 1316 1238 ipsum
1375 1159 1744 1228 ornaverat,
1790 1162 1866 1215 ut
1908 1150 2198 1236 inclytus
2241 1156 2414 1216 esset

471 1261 687 1308 coram
745 1249 878 1306 toto
934 1240 1193 1307 mundo,
1292 1239 1527 1322 Itaque
1571 1238 1740 1306 hane
1783 1237 2092 1321 loquendi
2135 1237 2410 1302 formam

468 1330 845 1411 frequenter
888 1326 1129 1392 imitati
1164 1334 1323 1391 sunt
1368 1325 1755 1410 prophetae:
1802 1325 1977 1389 locos
2021 1343 2151 1389 non
2198 1323 2411 1389 citabo

471 1418 623 1498 quia
665 1414 908 1496 passim
954 1422 1324 1479 occurrunt.

639 1499 742 1565 38.
793 1498 1010 1564 Semen
1051 1499 1336 1564 multum.
1428 1497 1529 1561 De
1574 1496 1852 1578 penuria
1895 1494 2051 1574 vini,
2099 1493 2296 1558 tritici
2345 1500 2414 1557 et

468 1587 681 1651 omnis
715 1605 1014 1650 annonae
1037 1585 1278 1650 iterum
1313 1582 1769 1650 concionatur:
1815 1581 1956 1646 eius
1980 1590 2200 1645 tamen
2246 1578 2410 1644 alias

469 1672 766 1756 assignat
822 1690 1068 1736 causas.
1158 1670 1487 1753 Exiguam
1548 1668 1683 1731 fore
1726 1688 2003 1732 messem
2059 1686 2179 1750 pro
2222 1665 2410 1748 larga

472 1759 725 1823 satione
791 1755 1174 1835 denunciat,
1246 1754 1402 1838 quia
1465 1774 1688 1818 semen
1770 1753 2070 1817 absumet
2125 1750 2408 1818 locusta:

472 1854 736 1922 tenues,
790 1842 925 1907 imo
971 1843 1106 1907 fere
1150 1841 1365 1905 nullas
1409 1840 1545 1904 fore
1591 1836 1990 1918 vindemias,
2047 1837 2200 1920 quia
2259 1856 2407 1901 vcr-

469 1950 611 1995 mes
661 1948 955 1995 racemos
1010 1933 1431 1994 consument:
1492 1945 1775 2009 parvum
1834 1925 1971 1989 fore
2015 1935 2409 2007 proventum

467 2016 613 2093 olei,
658 2016 807 2097 quia
850 2013 1062 2080 olivae
1105 2013 1178 2077 in
1223 2011 1563 2078 arboribus
1598 2018 2022 2093 marcescent,
2067 2030 2143 2075 ac
2178 2016 2410 2092 sponte

470 2100 789 2167 decident.
877 2100 985 2165 Ita
1043 2098 1389 2174 admonet,
1451 2099 1829 2161 innumeros
1889 2095 2207 2161 satellites
2268 2094 2410 2159 Deo

472 2207 615 2253 esse
651 2187 731 2251 ad
755 2206 1045 2266 manum,
1082 2205 1201 2269 per
1244 2203 1407 2267 quos
1451 2181 1669 2247 inedia
1711 2182 2012 2248 conficiat
2050 2180 2219 2265 legis
2252 2201 2411 2244 suae

469 2282 1010 2356 transgressores.
1094 2271 1317 2353 Itaque
1377 2270 1632 2353 quoties
1683 2268 1981 2333 videmus
2022 2266 2302 2332 bruchos
2348 2274 2414 2331 et

467 2359 778 2437 locustas,
839 2358 1092 2441 aliaque
1146 2355 1540 2422 animalcula
1583 2356 1653 2419 in
1696 2354 1918 2438 fruges
1962 2351 2268 2437 grassari,
2313 2360 2413 2416 at-

468 2466 595 2529 que
621 2446 716 2510 ita
750 2445 982 2527 perire,
1018 2442 1512 2508 meminerimus
1536 2441 1751 2506 Deum
1775 2440 1957 2523 quasi
1981 2446 2243 2504 exserto
2265 2438 2412 2502 bra-

468 2532 620 2598 chio
662 2532 904 2597 victum
952 2551 1144 2613 quem
1180 2526 1448 2594 dederat
1482 2527 1772 2610 eripere:
1830 2524 2023 2592 sicuti
2055 2524 2193 2590 Ioel
2232 2521 2320 2610 (1,
2344 2522 2416 2609 4)

470 2616 797 2697 admonet,
845 2615 1002 2681 dum
1046 2613 1381 2681 residuum
1422 2613 1660 2680 bruchi
1702 2612 1984 2679 comedit
2025 2611 2301 2690 locusta,
2347 2619 2415 2675 et

468 2703 802 2769 residuum
829 2703 1125 2769 locustae
1153 2698 1435 2767 comedit
1474 2698 1651 2764 aliud
1689 2700 2035 2775 inseetum,
2072 2697 2232 2763 satis
2268 2716 2418 2762 con-

469 2788 760 2872 spicuam
818 2809 961 2854 esse
1017 2789 1145 2854 Dei
1205 2784 1749 2852 maledictionem.
1832 2784 2185 2849 Rationem
2229 2783 2414 2847 inve-

471 2876 670 2941 niunt
703 2873 1078 2958 philosophi
1113 2892 1231 2939 cur
1277 2872 1501 2956 plures
1538 2893 1619 2936 ex
1641 2870 1776 2935 illis
1806 2870 2094 2935 bestiolis
2122 2868 2417 2933 oriantur

469 2981 604 3026 uno
666 2981 839 3026 anno
897 2979 1094 3044 quam
1152 2958 1313 3024 alio:
1374 2955 1487 3023 sed
1545 2954 1828 3022 tenenda
1874 2965 1975 3021 est
2016 2954 2223 3021 Mosis
2267 2954 2415 3018 doc-

468 3048 665 3125 trina,
701 3067 1041 3129 nunquam
1079 3045 1203 3110 nisi
1227 3044 1358 3110 Dei
1392 3042 1702 3108 mandato
1740 3042 2009 3107 infestas
2038 3060 2197 3106 esse.
2238 3039 2411 3104 Nam

469 3132 528 3200 si
602 3133 744 3198 Deo
820 3130 924 3219 (ut
977 3152 1097 3216 par
1155 3129 1280 3217 est)
1338 3150 1628 3196 essemus
1681 3127 2022 3212 morigeri,
2080 3146 2418 3210 nunquam

469 3218 796 3285 accideret
865 3217 996 3283 tale
1052 3215 1425 3302 prodigium
1450 3266 1465 3295 ,
1539 3225 1615 3280 ut
1675 3217 1927 3280 fructus
1989 3224 2202 3278 terrae
2260 3232 2420 3295 quos

464 3307 608 3388 ipse
645 3304 799 3371 filiis
842 3303 981 3372 suis
1021 3303 1095 3368 in
1138 3303 1525 3368 alimentum
1564 3300 1936 3378 destinavit,
1973 3297 2134 3365 vilia
2177 3308 2245 3363 et
2285 3298 2421 3362 foe-

470 3388 610 3455 tida
653 3389 1048 3455 animalcula
1083 3396 1411 3460 vorarent.

640 3477 744 3542 43.
796 3475 1178 3561 Pereyrinus
1209 3475 1320 3558 qui
1357 3478 1463 3540 est.
1550 3472 1736 3539 Haeo
1781 3492 1937 3537 vero
1981 3492 2113 3538 non
2157 3470 2428 3535 obscura

467 3562 595 3628 fuit
635 3564 773 3627 irae
819 3562 946 3627 Dei
987 3571 1174 3640 nota,
1230 3559 1586 3643 inquilinos
1629 3558 1744 3642 qui
1787 3557 2083 3641 precario
2129 3554 2429 3620 habitant

468 3652 540 3714 in
590 3655 770 3714 terra
812 3647 1161 3726 Ohanaan,
1218 3647 1361 3711 eius
1405 3643 1881 3729 quodammodo
1926 3643 2071 3708 fieri
2114 3641 2427 3707 dominos.

470 3734 736 3801 Scimus
790 3734 967 3799 enim
1026 3743 1102 3798 ut
1143 3732 1437 3799 obstricti
1482 3732 1616 3795 sint
1658 3730 1797 3796 suis
1839 3727 2270 3795 creditoribus
2319 3727 2431 3809 qui

470 3830 630 3886 sunt
664 3821 737 3885 in
781 3841 934 3886 aere
977 3819 1208 3885 alieno.
1299 3818 1494 3883 Certe
1539 3837 1766 3882 verum
1813 3836 1955 3881 esse
2000 3810 2430 3898 deprehendi-

470 3915 583 3971 tur
640 3903 801 3971 illud
848 3903 1251 3972 Solomonis:
1311 3904 1603 3969 Divitem
1649 3903 1976 3986 imperare
2020 3898 2435 3983 pauperibus,

473 4002 542 4057 et
577 3992 692 4076 qui
725 4000 955 4057 mutuo
989 3991 1238 4073 accipit,
1273 3989 1672 4056 foenerantis
1708 4008 1975 4053 servum
2022 4007 2163 4052 esse
2206 3983 2431 4071 (Prov.

378 4118 395 4133 ·
472 4079 577 4159 22,
614 4077 701 4161 7).
771 4075 1035 4145 Sentire
1077 4097 1237 4160 ergo
1280 4075 1646 4140 debuerunt
1689 4072 2026 4139 Israelitae
2049 4073 2265 4138 Deum
2312 4068 2438 4135 sibi

447 4186 616 4231 »esse
651 4164 1020 4241 adversum,
1057 4184 1202 4228 cum
1242 4159 1608 4245 hospitibus
1645 4159 1782 4226 suis
1817 4165 2040 4225 essent
2073 4156 2435 4241 supplices:

475 4250 862 4335 praesertim
909 4249 1062 4333 quia
1106 4247 1434 4332 pollicitus
1477 4245 1696 4311 fuerat
1738 4267 1847 4311 eos
1890 4244 2436 4328 locupletaturum

475 4346 553 4402 ut
617 4336 761 4401 aliis
825 4342 1223 4400 mutuarent.
1333 4333 1517 4399 Haeo
1572 4333 1779 4417 igitur
1837 4330 2175 4397 conversio
2218 4329 2435 4412 palam

476 4444 586 4488 eos
621 4442 888 4487 suarum
926 4420 1344 4504 iniquitatum
1390 4418 1691 4484 convicit.
1760 4417 2028 4482 Interea
2073 4414 2436 4482 notandum

476 4518 577 4574 est
593 4559 609 4587 ,
669 4516 803 4572 tam
864 4515 1315 4590 paupertatem
1365 4525 1561 4589 quam
1621 4502 1880 4569 divitias
1937 4504 2007 4567 in
2064 4521 2266 4566 manu
2310 4498 2441 4564 Dei

477 4613 657 4660 esse:
704 4605 771 4657 et
813 4593 933 4658 has
976 4590 1240 4675 quidem
1286 4591 1514 4655 testari
1538 4590 1666 4655 Dei
1708 4591 2020 4668 favorem,
2057 4587 2238 4652 illam
2283 4605 2439 4652 vero

479 4678 818 4746 numerari
881 4678 1056 4743 inter
1114 4679 1255 4743 eius
1313 4675 1831 4741 maledictiones:
1892 4675 1985 4741 sio
2042 4682 2296 4753 tamen,
2363 4679 2441 4736 ut

479 4786 673 4849 saepe
732 4766 913 4831 Deus
956 4764 1126 4829 filios
1170 4783 1327 4830 suos
1372 4771 1661 4846 egestate
1705 4761 2008 4845 castiget,
2062 4758 2167 4825 vel
2211 4758 2441 4842 probet

481 4862 675 4935 atque
710 4860 1011 4916 exerceat
1050 4871 1273 4915 eorum
1316 4848 1717 4932 patientiam,
1763 4867 1885 4912 nec
1929 4857 2146 4911 tamen
2186 4844 2442 4910 desinat

481 4958 625 5003 esse
685 4946 901 5019 pater:
954 4935 1245 5021 reprobis
1295 4955 1451 4999 vero
1496 4935 1748 5017 copiam
1793 4932 2147 5016 largiatur,
2202 4949 2331 5013 qua
2372 4950 2442 4995 se

481 5023 832 5089 exitialiter
877 5023 1300 5107 ingurgitent.
1386 5019 1653 5085 Interea
1693 5019 1869 5084 lucet
1911 5018 2042 5083 Dei
2083 5016 2445 5082 benedictio

481 5111 554 5176 in
611 5108 861 5186 electis,
917 5119 1235 5192 quatenus
1279 5105 1575 5190 expedit:
1632 5126 1753 5172 nec
1804 5105 2050 5170 frustra
2094 5103 2332 5168 dicitur
2374 5103 2444 5167 in

485 5195 782 5261 Psalmo:
842 5195 1140 5260 Gloriam
1188 5203 1254 5259 et
1298 5193 1559 5258 divitias
1605 5212 1747 5256 esse
1790 5191 1861 5254 in
1906 5190 2100 5256 domo
2136 5190 2327 5270 iusti,
2370 5195 2447 5254 ut

482 5282 810 5367 largiatur
852 5288 920 5344 et
961 5288 1193 5345 mutuo
1232 5279 1343 5343 det
1385 5276 1521 5365 (Ps.
1570 5277 1713 5357 112,
1759 5275 1847 5363 3).

657 5365 760 5432 45.
811 5367 1066 5433 Venient
1092 5384 1284 5447 super
1318 5370 1390 5431 te.
1451 5364 1602 5429 Non
1640 5361 1850 5428 solum
1888 5362 2234 5428 confirmat
2283 5380 2446 5445 quae

1444 446 2024 515 SANCTIONES
2073 447 2133 511 A
2178 442 2975 513 PROMISSIONIBUS
3020 445 3139 510 ET
3183 444 3470 512 MINIS.

4388 443 4473 509 38

2518 634 2836 699 hactenus
2873 631 3072 698 dixit:
3134 633 3249 698 sed
3293 655 3474 718 spem
3517 654 3777 699 omnem
3823 632 4053 699 adimit
4094 633 4481 700 levationis:

2519 720 2670 802 quia
2727 741 2856 785 non
2917 720 3265 786 cessabunt
3323 720 3447 786 Dei
3501 719 3767 803 flagella
3812 718 4015 786 donec
4058 720 4476 803 resipuerint.

2520 807 2896 871 Denunciat
2920 816 3137 870 autem
3162 815 3478 872 venturas
3515 828 3656 871 esse
3690 828 3917 871 omnes
3951 805 4477 871 maledictiones:

2519 892 2674 974 quia
2709 891 2832 957 etsi
2876 912 3006 957 non
3037 912 3297 975 semper
3332 892 3403 957 in
3438 914 3638 956 unam
3676 902 4010 957 catervam
4049 891 4245 957 simul
4281 912 4474 975 coag-

2518 986 2919 1055 mentantur,
2958 998 3186 1043 verum
3212 990 3426 1043 tamen
3465 986 3584 1057 est,
3629 977 3979 1061 multiplici
4015 999 4210 1060 quam
4248 998 4476 1044 recen-

2518 1064 2650 1129 suit
2708 1064 2927 1129 Moses
2973 1064 3300 1129 malorum
3359 1063 3683 1148 congerie,
3731 1064 3947 1128 Deum
3994 1063 4316 1147 stipendia
4353 1062 4479 1127 sol-

2518 1171 2671 1214 vere
2714 1149 2879 1233 legis
2937 1170 3094 1215 suae
3151 1150 3759 1233 transgressoribus.
3852 1152 3950 1214 Ac
4014 1151 4208 1215 verbo
4253 1170 4473 1232 perse-

2516 1232 2757 1317 quendi
2798 1256 2946 1319 spes
2989 1256 3215 1300 omnes
3251 1235 3485 1317 refugii
3520 1235 3653 1301 illis
3698 1236 3956 1300 adimit:
4009 1237 4199 1301 sicuti
4245 1256 4475 1318 appre-

2519 1321 2805 1386 hendere
2852 1320 3239 1386 tantundem
3278 1320 3455 1385 valet
3497 1343 3571 1388 ac
3615 1323 3931 1387 tenaciter
3974 1321 4310 1404 amplecti,
4372 1341 4475 1385 se·

2516 1407 2737 1489 quitur
2780 1408 2991 1472 enim:
3039 1408 3265 1472 Donec
3302 1406 3694 1490 dispereant.
3763 1405 4041 1473 Summa
4083 1418 4198 1487 est,
4247 1406 4480 1489 impios

2515 1491 3008 1576 tergiversando
3069 1513 3198 1558 non
3262 1493 3439 1557 aliud
3484 1492 3796 1576 consequi
3839 1514 4035 1576 quam
4081 1505 4154 1557 ut
4198 1493 4320 1557 sibi
4367 1512 4475 1558 ao-

2515 1579 2849 1644 cumulent
2903 1579 3238 1663 graviores
3293 1599 3566 1662 poenas,
3627 1600 3793 1663 quae
3826 1570 4169 1662 *nunquam
4216 1577 4476 1644 saevire

2514 1663 2819 1729 desinent
2876 1685 3079 1747 usque
3137 1663 3219 1728 ad
3279 1686 3502 1730 eorum
3563 1664 3922 1729 interitum.
4025 1664 4173 1730 Hac
4219 1664 4475 1728 ratione

2512 1749 2671 1816 dicit
2717 1771 2825 1816 eas
2885 1750 2952 1815 in
2998 1751 3260 1834 signum
3306 1761 3368 1816 et
3412 1759 3789 1835 portentum
3834 1751 4001 1815 fore:
4048 1771 4282 1833 nempe
4322 1749 4498 1832 quia*-

2511 1836 2580 1901 in
2622 1835 3122 1902 admirationem
3166 1857 3393 1903 omnes
3438 1839 3714 1919 rapient.
3805 1837 3979 1901 Nam
4024 1836 4137 1919 qui
4181 1831 4476 1919 vulgari!-

2509 1921 2635 1987 bus
2699 1931 2767 1986 et
2831 1921 3091 1987 usitatis
3161 1922 3284 1986 Dei
3345 1921 3604 1989 iudiciis
3657 1943 3891 2006 parum
3948 1930 4325 1998 moventur,
4391 1918 4474 1985 ad

2510 2008 2829 2093 prodigia,
2875 2007 3076 2074 velint
3112 2008 3341 2086 nolint,
3380 2017 3706 2093 coguntur
3751 2008 4103 2074 attendere.
4172 2008 4277 2072 Ita
4319 2028 4476 2091 poe-

2511 2114 2636 2159 nae
2694 2093 3015 2160 notabiles
3073 2102 3138 2159 et
3211 2093 3533 2179 singulari
3590 2095 3942 2160 observatu
4008 2094 4247 2178 dignae
4321 2099 4478 2157 sunt

2511 2180 2583 2244 in
2620 2179 2881 2264 signum
2926 2190 2992 2245 et
3033 2189 3427 2263 portentum.
3498 2180 3771 2246 Praeter
3813 2179 3981 2264 legis
4025 2189 4473 2263 contemptum

2514 2266 2949 2349 exprobratur
3012 2265 3452 2350 ingratitudo:
3519 2267 3675 2348 quia
3721 2266 3936 2331 Deum
3978 2287 4110 2330 non
4157 2265 4480 2331 coluerint

2512 2352 2584 2417 in
2631 2352 2961 2416 hilaritate
3005 2361 3070 2417 et
3105 2352 3371 2432 laetitia,
3415 2373 3615 2434 quum
3659 2352 3843 2434 large
3878 2353 3948 2416 in
3994 2372 4105 2416 eos
4150 2358 4323 2416 esset
4363 2351 4478 2415 be-

2516 2439 2780 2504 neficus.
2870 2438 2994 2503 Est
3038 2439 3214 2502 enim
3259 2438 3491 2504 vitium
3550 2438 3734 2521 pravi
3786 2437 4185 2521 malignique
4229 2436 4478 2516 ingenii

2517 2545 2649 2589 non
2709 2544 2898 2607 posse
2942 2522 3174 2590 adduci
3219 2523 3299 2587 ad
3347 2522 3562 2588 Deum
3608 2522 3907 2588 hilariter
3950 2522 4312 2602 colendum,
4358 2522 4474 2587 ubi

2518 2630 2637 2676 sua
2690 2609 2999 2694 largitate
3058 2630 3177 2675 nos
3235 2610 3497 2675 invitat.
3587 2610 3787 2692 Atqui
3845 2630 3962 2690 pro
4012 2610 4304 2673 confesso
4361 2630 4472 2674 su-

2519 2695 2642 2759 mit
2684 2696 2935 2775 Moses,
2988 2696 3139 2778 quia
3182 2694 3366 2762 Deus
3410 2696 3631 2761 favore
3666 2716 3784 2759 suo
3827 2694 4162 2759 Israelitas
4205 2715 4476 2778 praeve·-

2521 2781 2676 2860 niet,
2723 2789 3071 2863 antequam
3118 2778 3200 2844 ad
3245 2781 3601 2847 sumendas
3647 2801 3885 2864 poenas
3930 2778 4298 2860 descendat,
4344 2779 4475 2843 iam

2520 2867 2718 2932 huius
2776 2867 3201 2932 immanitatis
3242 2867 3382 2933 fore
3428 2888 3606 2947 reos,
3664 2867 3836 2950 quod
3880 2887 4014 2932 non
4050 2865 4480 2932 sustinuerint

2521 2953 2878 3021 liberaliter
2913 2973 2953 3017 a
2992 2953 3136 3018 Deo
3178 2953 3376 3037 pasci.
4015 2948 4026 2961 “

3014 3242 3149 3309 EX
3187 3240 3594 3309 EXODEM
3637 3243 3988 3310 CAPITE.

2695 3380 2798 3446 49.
2843 3378 3129 3445 Adducet
3162 3378 3391 3445 Iekova
3435 3379 3765 3445 adversum
3802 3384 3858 3445 te
3895 3385 4132 3464 pentem
4178 3401 4209 3443 e
4248 3380 4488 3464 lonqin-

2527 3488 2666 3552 quo,
2709 3466 2790 3533 ab
2832 3471 3097 3531 avtremo
3137 3469 3357 3544 terrae,
3402 3465 3589 3531 sicuti
3631 3465 3794 3531 volat
3835 3466 4072 3548 aquila,
4110 3471 4348 3549 pentem
4389 3487 4494 3531 cu-

2527 3559 2638 3621 ius
2676 3572 2796 3637 non
2842 3551 3142 3635 intelliyes
3182 3551 3499 3635 linquam.-
3586 3550 3688 3617 50.
3740 3553 3995 3617 Gentem
4035 3553 4267 3617 duram
4303 3552 4493 3635 facie,

2531 3660 2692 3724 quae
2744 3658 2869 3704 non
2925 3637 3156 3704 attollet
3202 3636 3431 3718 faciem
3486 3657 3671 3702 suam
3724 3638 3810 3704 ad
3866 3657 4094 3715 senem,
4153 3657 4260 3703 nec
4291 3658 4492 3719 puero

2522 3729 2754 3811 parcet.
2841 3722 2946 3789 51.
2990 3721 3080 3787 Et
3111 3721 3426 3788 devorabit
3452 3722 3732 3805 fructum
3771 3725 4033 3789 iumenti
4074 3724 4184 3802 tui,
4228 3728 4287 3788 et
4324 3723 4495 3807 fruc-

2534 3818 2665 3878 tum
2709 3816 2910 3877 terrae
2946 3814 3124 3887 tuae,
3184 3809 3369 3875 donec
3410 3809 3838 3892 disperdaris:
3874 3830 4001 3876 non
4034 3810 4340 3891 relinquet
4380 3811 4497 3876 tibi

2527 3898 2927 3996 frumentarii,
2961 3898 3253 3973 mustum,
3300 3899 3354 3959 et
3395 3895 3611 3974 oleum,
3645 3896 3848 3979 foetus
3879 3894 4054 3960 boum
4090 3900 4355 3976 tuorum,
4390 3916 4502 3996 nep

2535 4157 2633 4221 tui
2673 4154 2899 4221 excelsi
2940 4157 2997 4217 et
3036 4156 3299 4232 muniti,
3344 4152 3568 4234 quibus
3610 4158 3682 4218 tu
3724 4153 3981 4234 confidis·
3999 4201 4013 4222 .
4058 4154 4130 4217 in
4171 4156 4296 4218 tota
4330 4157 4501 4219 terra

2538 4247 2689 4307 tua:
2744 4238 3039 4305 obsidebit
3080 4239 3343 4319 inquam
3383 4243 3440 4303 te
3473 4239 3545 4304 in
3588 4239 3872 4304 omnibus
3912 4239 4171 4304 urbibus
4209 4240 4370 4319 tuis,
4430 4240 4501 4304 in

2539 4333 2666 4394 tota
2698 4331 2867 4391 terra
2906 4329 3020 4389 tua
3061 4344 3252 4406 quam
3293 4323 3410 4389 tibi
3452 4324 3623 4390 dedit
3665 4323 3896 4390 Iehova
3941 4323 4121 4389 Deus
4162 4328 4323 4390 tuus.
4392 4324 4498 4392 53.

2541 4414 2629 4480 Et
2669 4412 2944 4480 comedes
2985 4409 3264 4492 fructum
3314 4411 3549 4475 ventris
3593 4411 3705 4488 tui,
3752 4430 4002 4477 carnem
4043 4410 4326 4491 filiorum
4367 4416 4501 4478 tuo-

2539 4519 2686 4565 rum
2722 4503 2779 4562 et
2807 4496 3094 4579 tiliarum
3134 4500 3406 4575 tuarum,
3449 4516 3604 4579 quos
3644 4497 3885 4562 dederit
3924 4495 4039 4562 tibi
4070 4494 4301 4563 Iehova
4319 4496 4504 4564 Deus

2538 4590 2687 4651 tuus
2700 4634 2715 4662 ‚
2772 4584 2842 4648 in
2885 4581 3214 4659 obsidione,
3261 4587 3316 4646 et
3361 4583 3734 4648 coartatione
3775 4603 3902 4665 qua
3940 4582 4242 4649 coartabit
4281 4588 4339 4647 te
4379 4584 4504 4648 ini-

2540 4672 2742 4736 micus
2772 4675 2938 4734 tuus.
3027 4665 3130 4733 54.
3184 4667 3331 4733 Viri
3365 4669 3559 4733 teneri
3601 4673 3657 4734 et
3697 4668 3947 4734 delicati
3989 4670 4165 4750 apud
4205 4673 4261 4735 te
4299 4669 4499 4748 valde,

2543 4756 2756 4825 oculus
2797 4753 3095 4819 invidebit
3131 4754 3329 4836 fratri
3369 4774 3503 4831 suo,
3550 4758 3606 4818 et
3645 4754 3838 4819 uxori
3879 4754 4063 4818 sinus
4104 4756 4225 4832 sui,
4260 4759 4315 4818 et
4353 4754 4503 4820 reli-

2542 4840 3328 5006 assffmm
3350 4839 3638 4991 'aaa
3675 4839 4090 5006 eam
3992 4839 4504 5008 aazia

2544 5013 2708 5082 nihil
2741 5012 2801 5078 ei
2838 5012 3124 5078 relictum
3154 5011 3353 5093 fuerit
3386 5012 3456 5075 in
3499 5010 3826 5087 obs-idione,
3872 5015 3926 5076 et
3962 5010 4334 5076 coartatione
4374 5032 4503 5094 qua

2547 5097 2851 5168 coartabit
2901 5102 2956 5162 te
3019 5098 3320 5163 inimicus
3373 5103 3523 5162 tuus
3579 5096 3651 5162 in
3702 5097 3990 5162 omnibus
4039 5094 4305 5179 urbibus
4354 5099 4504 5168 tuis,

2551 5187 2654 5253 56.
2720 5186 2991 5250 Tenerae
3045 5183 3221 5266 apud
3272 5187 3328 5249 te
3382 5187 3438 5249 et
3493 5183 3790 5249 delicatae
3805 5234 3819 5260 ,
3873 5201 4032 5263 quae
4085 5200 4212 5245 non
4252 5185 4509 5250 tentavit

2539 5273 2838 5356 plantam
2873 5271 3058 5353 pedis
3100 5269 3208 5335 sui
3244 5268 3505 5350 firmare
3546 5289 3735 5351 super
3772 5273 4003 5333 terram
4018 5317 4033 5347 ,
4066 5287 4231 5350 prae
4270 5269 4511 5336 delitiis

2549 5364 2606 5426 et
2643 5355 3078 5433 teneritudine,
3136 5356 3433 5421 invidebit
3474 5354 3687 5420 oculus
3726 5354 3864 5418 viro
3903 5353 4089 5418 sinus
4129 5355 4235 5420 sui
4273 5354 4409 5436 silio
4451 5360 4511 5421 et

4010 5453 4077 5508 3*
