5017 6142
395 428 519 497 361

394 616 570 684 haud
614 613 809 681 dubie
862 634 1092 700 praero
1139 613 1388 680 ativam
1452 612 1894 691 commendat,
1961 632 2088 697 qua
2157 613 2342 679 Deus

396 704 564 770 filios
620 701 931 768 Abrahae
990 700 1426 785 insigniverat
1489 719 1651 782 prae
1704 699 1963 766 cunctis
2068 699 2344 766 entibus.

396 789 571 856 Nam
624 786 778 871 quia
832 785 1054 872 lapsus
1098 785 1284 851 Adae
1328 784 1807 852 deformitatem
1850 783 2029 850 omni
2074 803 2151 849 us
2196 806 2346 869 pos·

399 875 557 942 teris
616 872 914 954 induxit,
971 871 1281 938 reformat
1324 872 1508 937 Deus
1560 890 1721 955 quos
1765 877 2067 956 segregat
2111 868 2233 936 sibi
2274 869 2349 935 in

398 959 765 1045 peculium,
824 964 899 1025 ut
942 958 1173 1024 melior
1216 957 1304 1022 sit
1347 976 1572 1023 eorum
1614 977 1809 1040 qnam
1855 957 2149 1022 omnium
2187 977 2348 1040 gen-

399 1048 563 1113 tium
610 1042 912 1112 conditio.
1002 1042 1220 1111 Simul
1263 1051 1486 1108 tamen
1549 1042 1914 1108 notandum
1972 1051 2101 1121 est,
2175 1040 2349 1108 hanc

397 1130 845 1199 renovationis
910 1129 1189 1215 gratiam
1245 1128 1448 1194 deleri
1502 1127 1572 1193 in
1627 1128 1884 1206 multis,
1942 1126 2057 1212 qui
2112 1126 2349 1193 deinde

397 1219 879 1302 profanesount.
975 1214 1171 1283 Unde
1211 1215 1507 1298 sequitur
1548 1215 1849 1282 bifariam
1896 1213 2110 1280 vocari
2154 1213 2347 1279 cccle-

398 1305 562 1375 siam
624 1301 757 1367 Dei
821 1321 990 1385 opus
1047 1308 1114 1369 et
1168 1300 1594 1385 figmentum:
1656 1321 1891 1385 nempe
1952 1298 2350 1383 generaliter

397 1396 673 1470 externa
713 1388 1084 1466 vocatione,
1146 1396 1212 1451 et
1253 1386 1620 1468 specialiter
1678 1384 2171 1471 regeneratione
2208 1384 2348 1471 spi-

394 1474 620 1541 rituali
636 1525 651 1555 ,
711 1473 926 1557 quoad
979 1474 1248 1538 electos:
1309 1471 1538 1539 foedus
1598 1471 1773 1537 enim
1829 1471 2080 1557 gratiae
2139 1469 2347 1555 hypo·

394 1561 581 1630 critis
646 1570 711 1624 et
774 1559 1075 1625 fidelibus
1140 1577 1483 1623 commune
1539 1567 1657 1624 est.
1744 1558 1835 1623 Et
1895 1555 2021 1624 hac
2094 1556 2347 1622 ratione

396 1646 706 1714 dicuntur
759 1645 1125 1729 promiscue
1179 1664 1406 1710 omnes
1452 1663 1611 1728 quos
1657 1644 1842 1709 Deus
1885 1642 1957 1707 in
2007 1640 2346 1708 ecclesiam

397 1752 586 1800 suam
647 1730 926 1816 colligit,
991 1730 1228 1814 refingi
1287 1748 1363 1794 ac
1426 1729 1833 1814 regenerari:
1900 1727 2014 1794 sed
2073 1727 2348 1793 interior

396 1819 664 1884 novatio
712 1816 977 1883 nonnisi
1020 1814 1105 1880 ad
1148 1815 1319 1882 solos
1363 1814 1589 1881 fideles
1623 1815 1936 1899 pertinet:
1995 1834 2156 1898 quos
2199 1811 2346 1878 ideo

392 1904 648 1970 Paulus
690 1910 882 1970 vocat
924 1920 1087 1985 opus
1121 1899 1269 1982 Dei,
1310 1909 1561 1968 creatos
1602 1900 1685 1966 ad
1729 1900 1901 1967 bona
1941 1919 2140 1984 opera
2181 1918 2346 1983 quae

390 1991 583 2057 Deus
627 1988 1044 2073 praeparavit
1087 1983 1285 2072 (Eph.
1332 1987 1404 2068 2,
1452 1986 1576 2074 10).
1665 1985 1917 2052 Eodem
1958 1982 2171 2051 tendit
2213 1994 2343 2049 ter-

387 2077 560 2141 tium
603 2074 905 2142 verbum:
963 2072 1136 2157 quod
1195 2081 1419 2138 tamen
1463 2094 1582 2156 pro
1627 2071 1937 2139 Stabilire
1979 2077 2197 2155 potest
2237 2089 2345 2136 ao-

388 2161 556 2244 cipi:
641 2180 1017 2245 quanquam
1102 2178 1369 2224 sensum
1449 2159 1661 2244 magis
1746 2164 2082 2241 receptum
2162 2157 2344 2240 sequi

386 2247 627 2313 malui:
672 2266 908 2330 nempe
945 2243 1114 2329 quod
1140 2242 1323 2310 Deus
1363 2244 1680 2329 populum
1726 2243 2069 2327 aptaverit,
2114 2262 2342 2327 quem·

388 2331 744 2400 admodum
791 2331 1028 2398 artifex
1075 2349 1238 2413 opus
1282 2351 1476 2396 suum
1522 2331 1888 2397 concinnat.

564 2418 625 2484 7.
690 2415 996 2483 Memento
1038 2417 1283 2482 dierum
1325 2417 1578 2483 saeculi.
1667 2416 1790 2483 Est
1834 2414 2153 2499 expositio
2195 2433 2343 2496 pro·

384 2505 557 2570 ximi
618 2524 875 2569 versus:
943 2503 1186 2567 iterum
1253 2502 1428 2568 enim
1495 2502 1679 2569 docet
1736 2503 1955 2568 Moses
2019 2498 2344 2584 quomodo

384 2589 577 2657 Deus
619 2589 744 2656 sibi
788 2587 1163 2672 acquisierit
1197 2588 1540 2671 populum:
1585 2609 1820 2671 nempe
1864 2586 2017 2671 quia
2060 2603 2180 2669 pro
2225 2604 2342 2650 suo

388 2675 794 2759 beneplacito
838 2695 1144 2757 separare
1187 2695 1335 2739 eum
1380 2674 1589 2743 voluit
1632 2695 1671 2740 a
1713 2673 1979 2757 reliquis
2015 2671 2337 2757 gentibus.

391 2762 721 2845 Quoniam
786 2767 1007 2826 autem
1064 2759 1397 2844 praesenti
1453 2781 1575 2827 sua
1628 2760 2018 2828 excellentia
2073 2764 2340 2842 turgere

383 2857 691 2933 poterant
734 2845 1102 2926 Israelitae,
1164 2854 1556 2912 revocantur
1600 2845 1684 2912 ad
1728 2866 1920 2911 suam
1979 2843 2338 2927 originem:

385 2955 464 3001 ac
517 2934 698 3000 iubet
759 2953 870 2999 eos
923 2932 1143 2998 Moses
1207 2952 1340 2997 non
1406 2937 1667 2998 tantum
1733 2932 2057 3015 respicere
2113 2929 2337 3012 quales

385 3042 566 3086 nunc
602 3019 753 3097 sint,
798 3016 914 3084 sed
951 3016 1125 3083 unde
1152 3017 1398 3083 fuerint
1432 3018 1709 3100 sumpti:
1756 3018 1877 3084 hoc
1921 3036 2117 3082 sensu
2149 3014 2341 3081 dicit:

384 3106 727 3173 Memento
779 3104 1049 3169 ultimae
1109 3104 1487 3182 vetustatis,
1548 3104 1883 3187 interroga
1939 3121 2162 3181 senes,
2216 3106 2337 3169 etc.

385 3192 655 3259 Scimus
711 3191 886 3255 enim
945 3190 1054 3255 ubi
1110 3210 1243 3255 non
1301 3197 1610 3273 reputant
1667 3189 1964 3255 homines
2028 3185 2338 3270 quidquid

386 3276 635 3344 habent
676 3275 1039 3360 profectum
1084 3295 1226 3341 esse
1271 3296 1311 3341 a
1349 3276 1492 3342 Deo
1510 3327 1524 3354 ,
1571 3283 1638 3342 et
1680 3296 1822 3341 esse
1866 3274 2069 3339 veluti
2114 3293 2337 3355 preca-

384 3364 583 3443 rium,
628 3383 747 3429 suo
792 3360 1138 3446 splendore
1183 3362 1537 3443 excaecari,
1581 3370 1654 3428 ut
1697 3382 1829 3427 non
1874 3365 2134 3424 tantum
2179 3358 2341 3427 alios

386 3448 783 3534 despiciant,
847 3446 960 3514 sed
1024 3468 1272 3514 cornua
1336 3469 1587 3532 quoque
1651 3446 1959 3513 attollant
2021 3443 2339 3511 adversus

384 3537 708 3602 bonorum
762 3533 1054 3599 omnium
1123 3540 1440 3599 autorem.
1540 3533 1636 3601 Ut
1678 3534 1853 3599 hanc
1896 3532 2336 3614 arrogantiam

383 3622 608 3688 Moses
661 3619 954 3705 subigat,
1012 3618 1170 3685 dicit
1223 3620 1499 3704 populos
1553 3639 1782 3685 omnes
1835 3619 2036 3684 fuisse
2092 3619 2339 3699 pariter

382 3707 509 3775 sub
552 3725 751 3771 manu
796 3713 864 3770 et
906 3705 1180 3789 imperio
1227 3706 1383 3771 Dei:
1433 3714 1631 3790 atque
1674 3705 1768 3771 ita
1810 3703 2160 3771 discrimen
2206 3725 2334 3770 non

380 3794 587 3860 fuisse
622 3794 691 3858 in
715 3811 945 3857 eorum
980 3799 1220 3856 natura
1241 3791 1321 3856 ab
1342 3792 1563 3858 initio:
1599 3790 1715 3858 sed
1736 3789 2001 3857 aliunde
2035 3789 2339 3872 fluxisse,

384 3900 623 3963 nempe
660 3900 700 3945 a
741 3878 947 3944 libero
993 3877 1119 3943 Dei
1162 3877 1452 3944 arbitrio.
1541 3878 1622 3943 In
1667 3877 1862 3944 verbo
1909 3861 2111 3945 brun:
2172 3899 2334 3942 non-

381 3965 572 4032 nulla
606 3974 707 4031 est
741 3964 1151 4049 ambiguitas.
1210 3961 1499 4044 Quidam
1544 3965 1721 4030 enim
1759 3970 2059 4030 vertunt:
2110 3962 2333 4045 Quum

382 4051 711 4118 divideret
774 4050 1098 4116 Excelsus
1172 4055 1418 4116 terram
1482 4049 1773 4134 populis:
1840 4048 2007 4134 quod
2074 4050 2335 4115 tametsi

379 4159 517 4204 non
564 4135 863 4221 repudio,
922 4135 1262 4219 amplexus
1310 4144 1531 4202 tamen
1577 4157 1724 4202 sum
1772 4135 1941 4220 quod
1999 4136 2336 4203 contextui

381 4230 529 4290 erat
563 4223 814 4307 aptius:
860 4221 960 4286 bis
997 4221 1176 4286 enim
1207 4221 1379 4288 idem
1418 4222 1576 4289 dicit
1601 4222 1838 4302 Moses,
1871 4230 1938 4286 et
1975 4221 2335 4289 secundum

378 4308 752 4375 membrum
789 4306 1131 4391 explicatio
1154 4314 1252 4373 est
1287 4307 1661 4392 superioris.
1722 4308 1902 4375 Dicit-
1938 4330 2011 4374 er
2056 4329 2093 4374 o
2117 4309 2333 4373 Deum

376 4396 657 4480 populos
710 4392 1145 4474 distribuisse,
1203 4393 1755 4477 quemadmodum
1793 4396 1991 4461 haere
2037 4394 2217 4460 itatis
2258 4395 2335 4459 fit

379 4481 685 4565 partitio:
764 4479 1000 4545 deinde
1068 4477 1136 4543 id
1194 4479 1434 4547 clarius
1505 4481 1824 4565 repetitur
1894 4502 2013 4564 per
2070 4499 2332 4563 separa-

379 4567 629 4632 tionem
690 4566 972 4632 filiorum
1020 4565 1254 4630 Adam.
1343 4565 1536 4648 Quod
1582 4569 1655 4631 in
1699 4567 1983 4633 secundo
2038 4564 2335 4632 membro

380 4652 623 4718 dicitur
687 4651 1099 4719 constituisse
1152 4651 1471 4720 terminos
1529 4653 1827 4738 gentium
1887 4673 2004 4736 pro
2061 4672 2333 4718 numero

377 4738 666 4804 filiorum
702 4737 931 4816 Israel,
967 4737 1167 4822 vulgo
1202 4737 1296 4804 sic
1330 4745 1688 4823 exponunt,
1731 4738 1977 4803 limites
2015 4739 2109 4803 ita
2142 4759 2330 4823 prae-

244 4880 249 4885 .
380 4826 660 4908 scriptos
723 4824 925 4890 fuisse
992 4823 1327 4908 gentibus,
1409 4834 1483 4889 ut
1561 4824 1748 4892 salva
1815 4831 2115 4890 maneret
2179 4823 2333 4889 filiis

378 4910 691 4977 Abrahae
749 4930 870 4976 sua
930 4908 1261 4975 habitatio.
1354 4909 1641 4992 Quidam
1690 4931 1775 4975 ex
1817 4910 2141 4976 Hebraeis
2190 4928 2331 4977 arc-

379 4997 515 5063 tius
559 5004 848 5074 sumunt,
892 4996 964 5059 in
1006 4996 1348 5079 regionum
1396 4994 1857 5063 distributione
1893 5004 2145 5081 septem
2182 5017 2335 5081 gen-

379 5082 560 5148 tibus
585 5080 1002 5148 Chananaeis
1023 5088 1283 5146 tantum
1326 5082 1525 5148 fuisse
1572 5081 1793 5148 datum
1832 5090 2148 5166 quantum
2181 5082 2334 5147 filiis

379 5166 589 5235 Israel
614 5168 960 5235 sufficeret.
1006 5166 1151 5250 Ego
1174 5187 1329 5234 vero
1352 5168 1556 5234 alium
1581 5187 1845 5235 sensum
1868 5188 2010 5234 esse
2032 5168 2335 5247 arbitror,

377 5274 614 5338 nempe
654 5253 728 5317 in
762 5261 900 5319 tota
944 5252 1172 5317 mundi
1217 5253 1625 5320 ordinatione
1670 5255 1867 5321 finem
1911 5254 2091 5320 hunc
2132 5253 2335 5320 fuisse

378 5340 529 5407 Deo
571 5339 1005 5424 propositum,
1053 5347 1129 5404 ut
1172 5340 1377 5406 electo
1421 5340 1657 5425 populo
1706 5340 2095 5407 consuleret.
2183 5341 2335 5408 Etsi

1797 422 2206 491 REDI'I'US
2250 424 2380 491 AD
2423 423 2971 493 HISTORIAM.

4270 431 4400 496 362

2450 614 2628 679 enim
2680 614 3111 683 beneficentia
3155 617 3296 683 eius
3341 616 3421 683 ad
3478 637 3704 683 omnes
3739 615 4048 695 defluxit,
4104 640 4254 686 suos
4298 629 4398 685 ta-

2449 721 2602 765 men
2647 700 2743 766 ita
2784 703 3103 785 respexit,
3164 713 3239 769 ut
3293 724 3518 769 eorum
3562 704 3849 770 maxime
3893 726 4116 784 causa,
4172 722 4395 773 curam

2450 806 2638 852 suam
2696 786 2776 851 ad
2832 788 2993 854 alios
3050 808 3259 873 usque
3325 787 3727 856 extenderet.
3814 790 3904 855 Et
3969 810 4206 856 nomen
4274 812 4394 855 nu-

2449 872 2617 937 meri
2660 871 2899 939 diserte
2936 873 3231 957 ponitur:
3277 895 3353 942 ac
3387 875 3445 941 si
3488 874 3730 942 diceret
3765 875 4002 954 Moses,
4045 875 4398 960 quamlibet

2451 956 2688 1040 exigua
2732 959 2814 1024 sit
2858 961 3069 1044 portio
3128 962 3389 1045 generis
3447 960 3720 1026 humani
3766 962 4074 1028 Abrahae
4123 964 4396 1047 posteri-

2451 1050 2586 1122 tas,
2643 1065 2990 1110 numerum
3031 1055 3252 1112 tamen
3297 1046 3484 1112 illum
3541 1047 3742 1113 fuisse
3786 1048 3928 1113 Deo
3973 1069 4128 1132 prae
4172 1047 4394 1129 oculis,

2448 1149 2652 1212 quum
2719 1130 3056 1197 ordinaret
3119 1140 3369 1198 statum
3432 1133 3632 1198 totius
3697 1133 3961 1198 mundi:
4035 1135 4162 1200 nisi
4227 1136 4398 1200 forte

2450 1235 2693 1281 nomen
2729 1229 2913 1285 'leon
2957 1218 3248 1300 accipere
3291 1220 3544 1302 placeat
3584 1239 3702 1303 pro
3746 1220 4026 1286 ratione:
4087 1220 4199 1287 sed
4260 1241 4396 1286 non

2450 1301 2623 1367 male
2663 1302 2972 1368 convenit
3012 1304 3316 1387 exiguam
3362 1325 3629 1370 manum
3665 1305 3760 1370 ita
3801 1308 4149 1389 pretiosam
4194 1306 4396 1373 fuisse

2449 1386 2613 1467 Deo,
2659 1397 2736 1453 ut
2779 1388 2859 1454 ad
2905 1389 3048 1454 eius
3105 1389 3385 1456 salutem
3444 1389 3645 1456 totius
3702 1391 3933 1456 mundi
3978 1392 4396 1477 gubernatio-

2451 1493 2603 1539 nem
2661 1477 2933 1557 aptaret.
3024 1473 3218 1556 Quod
3275 1476 3357 1542 ad
3428 1476 3721 1561 gentium
3792 1480 4196 1544 vocationem
4253 1478 4396 1562 qui·

2450 1559 2598 1624 dam
2636 1559 2946 1640 referunt,
2990 1581 3066 1628 ac
3096 1562 3152 1626 si
3188 1561 3431 1628 diceret
3465 1563 3704 1642 Moses,
3749 1562 4094 1648 imperium
4132 1565 4394 1630 univer·

2449 1665 2561 1710 sae
2618 1651 2833 1711 terrae
2895 1644 3292 1712 destinatum
3349 1668 3490 1713 esse
3546 1647 3855 1714 Abrahae
3920 1650 4188 1730 semini,
4243 1650 4395 1732 quia

2447 1731 2941 1817 propagandum
2988 1741 3130 1797 erat
3172 1754 3290 1816 per
3348 1754 3573 1800 omnes
3623 1733 3854 1800 mundi
3896 1736 4154 1820 plagas,
4208 1756 4393 1819 pror-

2448 1838 2562 1883 sus
2617 1818 2905 1883 alienum
2964 1827 3090 1884 est:
3159 1818 3313 1901 quia
3370 1819 3477 1885 hic
3543 1819 3924 1904 simpliciter
3987 1829 4252 1887 notatur
4304 1821 4397 1886 di-

2447 1903 2728 1982 stinctio,
2766 1925 2893 1987 qua
2935 1903 3093 1969 olim
3127 1925 3292 1988 gens
3336 1926 3467 1970 una
3509 1905 3836 1972 excelluit.

2619 1988 2680 2055 9.
2744 1989 2915 2055 Pare
2978 1991 3144 2055 enim
3209 1989 3491 2073 Iehovae.
3580 1992 3726 2058 Hoc
3795 1992 4219 2076 praecipuum
4297 2000 4396 2058 est

2446 2085 2675 2158 caput:
2733 2075 2952 2141 Deum
3007 2075 3268 2141 nonnisi
3326 2097 3502 2142 mero
3556 2077 3963 2160 beneplacito
4021 2078 4223 2144 fuisse
4280 2077 4394 2143 ad·

2447 2159 2712 2226 ductum
2751 2168 2830 2226 ut
2874 2160 3327 2227 tanti-faceret
3367 2161 3722 2247 populum,
3781 2164 3896 2246 qui
3940 2186 4022 2230 ex
4066 2165 4394 2230 communi

2447 2247 2703 2331 origine
2763 2256 2930 2313 esset
3029 2248 3385 2332 rogenitus.
3475 2248 3645 2313 Nam
3713 2269 3912 2332 quum
3983 2249 4137 2316 dicit
4201 2249 4394 2316 Iacob

2447 2333 2648 2397 fuisse
2690 2342 2944 2416 partem
3021 2333 3300 2414 ehovae,
3359 2341 3427 2398 et
3470 2341 3715 2402 sortem
3761 2334 4219 2415 haereditatis,
4260 2357 4393 2402 non

2445 2418 2754 2501 intelligit
2818 2417 3173 2503 quidquam
3229 2420 3298 2484 in
3353 2440 3429 2485 eo
3489 2420 3693 2485 fuisse
3750 2420 3896 2486 aliis
3954 2421 4213 2501 melina,
4279 2421 4394 2487 sed

2445 2525 2708 2571 causam
2756 2505 3049 2590 assignat
3083 2525 3203 2571 cur
3236 2506 3620 2589 praetulerit
3654 2507 3838 2572 Deus
3882 2516 4146 2592 gentem
4191 2528 4393 2573 unam

2446 2591 2699 2657 cunctis
2763 2590 3173 2656 mortalibus:
3243 2592 3394 2674 quia
3462 2612 3606 2658 eam
3672 2592 3795 2658 sibi
3863 2591 4143 2675 sumpsit
4206 2593 4392 2676 quasi

2444 2676 2949 2742 haereditariam
3028 2685 3316 2759 partem,
3390 2698 3557 2762 quae
3638 2677 3924 2763 dignitas
3990 2698 4029 2742 a
4102 2679 4394 2763 gratuita

2445 2762 2758 2829 electione
2802 2762 3059 2845 pendet.

2962 3102 3096 3170 EX
3140 3102 3473 3171 EODEM
3518 3104 3872 3172 OAPITE.

2622 3275 2722 3341 10.
2791 3275 3044 3341 Invenit
3074 3296 3215 3342 eum
3259 3277 3329 3341 in
3364 3280 3532 3342 terra
3573 3275 3817 3354 deserti,
3863 3282 3920 3341 et
3959 3277 4026 3341 in
4070 3277 4393 3343 vasti-state

2443 3362 2725 3429 horroris
2784 3362 3012 3429 deserti
3086 3362 3507 3430 circumduxit
3566 3383 3734 3441 eum,
3812 3362 4168 3428 introduxit
4232 3383 4387 3442 eum,

2441 3449 2769 3515 custodivit
2852 3468 2992 3513 eum
3077 3452 3147 3512 ut
3222 3447 3546 3531 pupillam
3631 3448 3794 3514 oculi
3868 3450 3992 3515 sui.
4120 3450 4219 3515 11.
4315 3447 4394 3515 Ut

2440 3535 2663 3617 aquila
2740 3554 2899 3617 quae
2990 3535 3217 3600 eoeeitot
3297 3534 3521 3599 nidum
3601 3554 3790 3599 suum
3806 3585 3822 3611 ,
3914 3554 4104 3615 snper
4172 3534 4391 3618 pulks

2439 3641 2589 3686 suos
2630 3621 2831 3701 cubat,
2873 3621 3172 3704 expandit
3202 3621 3346 3687 alas
3380 3640 3552 3699 suas,
3596 3621 3866 3686 assumit
3907 3641 4048 3686 eum
4077 3620 4391 3702 portando

2441 3726 2634 3789 snper
2687 3707 2830 3773 alas
2885 3726 3055 3772 suas,
3149 3707 3250 3773 12.
3321 3705 3552 3772 Iehova
3601 3705 3775 3771 solus
3814 3706 4075 3772 deduxit
4117 3726 4292 3786 eum,
4336 3711 4393 3772 et

2440 3812 2567 3858 non
2622 3793 2750 3875 fuit
2812 3811 2950 3858 oum
3013 3792 3122 3858 illo
3200 3794 3354 3860 dens
3416 3792 3811 3876 alieniyenae.
3898 3792 3998 3856 13.
4078 3790 4392 3875 Equitare

2437 3878 2583 3961 feeit
2624 3898 2766 3944 eum
2805 3898 2995 3962 super
3027 3878 3266 3945 excelsa
3307 3883 3528 3958 terrae,
3573 3883 3628 3942 et
3655 3876 3911 3943 eomedit
3947 3878 4192 3960 fruetus
4224 3879 4388 3962 aori,

2439 3969 2496 4031 et
2527 3964 2676 4048 feeit
2706 3969 2778 4029 ut
2807 3969 3086 4049 sumeret
3117 3965 3240 4030 mel
3265 3986 3297 4032 e
3313 3969 3519 4048 petra,
3561 3968 3617 4030 et
3650 3963 3852 4029 oleum
3888 3984 3920 4028 e
3953 3964 4130 4029 silice
4157 3968 4386 4047 petrae.

2444 4050 2543 4116 14.
2589 4049 2908 4134 Butyrum
2949 4050 3136 4129 boviS,
3180 4056 3234 4116 et
3269 4052 3367 4117 lae
3400 4050 3623 4130 ovium,
3666 4070 3805 4117 cum
3848 4050 4036 4132 adipe
4069 4070 4388 4134 aynorum,

2441 4142 2497 4203 et
2539 4137 2765 4204 Mes
2801 4137 2968 4219 filios
3009 4136 3264 4217 Basan,
3327 4141 3381 4200 et
3420 4136 3625 4203 hireos
3665 4156 3796 4199 una
3834 4156 3975 4201 cum
4018 4138 4208 4218 adipe
4245 4156 4392 4219 yra-

2439 4242 2666 4289 norum
2705 4223 2900 4289 tritici
2913 4273 2929 4303 ,
2986 4228 3046 4289 et
3086 4223 3455 4308 sanquinem
3501 4242 3661 4287 uvae
3703 4221 3914 4287 bibisti
3956 4221 4386 4289 rubicundum.

2445 4309 2544 4375 15.
2613 4308 2702 4373 Et
2756 4309 3190 4393 mpinquatus
3231 4313 3322 4375 est
3365 4308 3594 4379 Rectus
3609 4359 3625 4386 ‚
3675 4312 3730 4373 et
3771 4306 4214 4373 recalcitravit.-
4271 4308 4391 4371 im-

2428 4397 2779 4479 pinqnatus
2831 4415 2898 4460 es
2913 4446 2929 4473 ‚
2986 4394 3381 4461 incrassatus
3422 4414 3486 4459 es
3501 4445 3517 4474 ,
3568 4394 3870 4478 operuisti
3882 4417 3902 4457 .-
3958 4399 4015 4458 et
4061 4393 4393 4476 dereliquit

2436 4480 2649 4547 Deum
2683 4480 2796 4564 qui
2825 4480 2974 4563 feeit
3014 4501 3172 4559 eum,
3215 4500 3291 4546 ae
3323 4480 3603 4562 despeaeit
3634 4480 3846 4547 Deum
3886 4479 4151 4545 salntem
4182 4500 4382 4545 suam.

2443 4568 2542 4633 16.
2613 4564 3117 4632 Provoeavermtt
3179 4586 3320 4632 eum
3384 4568 3472 4633 ad
3528 4566 3730 4631 zelum
3793 4584 3983 4645 somer
4046 4571 4384 4643 esctraneoS,

2426 4673 2551 4736 per
2583 4652 3071 4719 abominationes
3110 4653 3524 4719 irritavemnt
3563 4671 3721 4718 eum.
3814 4650 3912 4715 17.
3984 4651 4386 4733 Sam-ifieave-

2434 4743 2582 4804 runt
2622 4740 2986 4819 daenzoniiS,
3029 4758 3150 4804 non
3192 4738 3350 4819 Deo,
3390 4739 3520 4806 diis
3561 4758 3717 4821 quos
3758 4757 3877 4803 non
3921 4742 4230 4817 noverant,
4273 4756 4384 4801 no-

2434 4827 2535 4890 vis
2553 4826 2665 4908 qui
2698 4826 2773 4892 de
2797 4846 2884 4910 pr
2980 4826 2994 4840 ’
3038 4845 3158 4908 quo
3184 4830 3483 4892 venerunt
3499 4844 3652 4907 quos
3672 4844 3796 4889 non
3819 4824 4386 4904 timueruntpatres

2435 4912 2641 4978 vestri.
2731 4913 2830 4977 18.
2886 4845 3037 4976 m
3082 4913 3196 4994 qui
3242 4912 3458 4995 yenuit
3499 4917 3557 4977 te
3615 4909 3839 4975 oblitus
3894 4926 3961 4971 es
3975 4957 3990 4982 ,
4035 4908 4259 4973 oblitus
4300 4927 4382 4985 e3,

2435 4998 2716 5081 inquam,
2758 4997 2888 5064 Dei
2929 4998 3043 5080 qui
3083 4999 3315 5064 creavit
3350 5002 3425 5063 te.

2614 5169 2713 5235 10.
2783 5168 3032 5237 Invenit
3102 5188 3245 5236 eum
3306 5168 3377 5233 in
3439 5171 3605 5232 terra
3684 5164 3929 5230 deserti.
4019 5161 4095 5229 Si
4162 5162 4382 5227 omnia

2436 5275 2605 5339 quae
2663 5254 2846 5322 Deus
2901 5256 3157 5340 paterni
3219 5252 3463 5319 favoris
3513 5271 3588 5318 ac
3645 5249 4009 5315 dilectionis
4064 5268 4220 5334 erga
4268 5268 4381 5331 po·

2437 5341 2670 5427 pulum
2714 5343 2900 5408 illum
2949 5341 3334 5409 documenta
3379 5337 3671 5406 ediderat
3703 5336 3948 5402 referre
3984 5335 4381 5420 propositum
