5017 6142
495 436 584 505 55
1499 434 2075 506 SANCTIONES
2121 438 2181 502 A
2225 432 3018 549 PROMISSIONJBUS
3063 434 3181 499 ΕΤ
3224 433 3511 501 MINIS.
4414 425 4501 493 56

504 629 715 696 Deus.
817 629 912 693 Et
968 637 1145 694 certe
1199 626 1410 693 nihilo
1465 626 1718 692 facilius
1773 634 1875 690 est
1931 645 2201 709 surgere
2251 646 2450 708 quum

510 717 735 799 lapsus
778 714 1000 794 fueris,
1045 735 1240 796 quam
1288 722 1464 778 stare
1509 735 1590 778 ex
1638 733 1767 795 quo
1813 719 1878 776 te
1923 712 2207 777 erexerit
2250 712 2453 776 Deus.

515 801 785 867 Eximia
839 801 1050 866 virtus
1110 810 1211 865 est
1264 799 1785 882 perseverantia,
1839 797 2080 862 fateor:
2141 797 2255 863 sed
2299 817 2455 880 quo-

519 887 713 952 modo
736 894 1037 970 peccator
1060 885 1172 967 qui
1198 883 1488 952 Satanae
1525 885 1935 966 mancipatus
1981 893 2098 962 est,
2144 905 2214 949 se
2259 904 2455 965 expe-

519 973 657 1037 diet
715 972 989 1038 ab·illis
1046 971 1358 1050 vinculis,
1423 971 1546 1035 nisi
1611 971 1755 1036 Deo
1801 969 2194 1035 liberatore?
2264 967 2456 1050 Quod

519 1078 678 1143 ergo
723 1058 804 1123 de
847 1058 1392 1140 perseverantiae,
1430 1057 1598 1122 dono
1643 1054 1977 1139 praedicat
2019 1055 2260 1133 Moses,
2305 1076 2456 1121 con-

525 1144 845 1210 versionis
901 1143 1166 1208 exordio
1214 1164 1344 1208 non
1393 1143 1613 1207 minus
1656 1140 1994 1206 convenit:
2042 1141 2156 1207 sed
2201 1148 2461 1207 tantum

525 1230 756 1295 docere
792 1228 950 1304 vult,
986 1229 1283 1312 quamvis
1324 1229 1510 1294 Deus
1554 1228 1836 1312 peccatis
1870 1228 2113 1293 nostris
2149 1226 2461 1311 ignoscat,

525 1315 883 1381 evanidam
940 1315 1079 1380 fore
1122 1312 1286 1379 illud
1331 1313 1721 1380 beneficium
1766 1313 1891 1379 nisi
1953 1334 2074 1379 nos
2133 1312 2460 1379 contineat

525 1402 598 1467 in
644 1401 951 1484 obsequio
998 1400 1159 1484 legis
1203 1421 1380 1466 suae.
1459 1401 1553 1465 Et
1601 1408 1779 1466 certe
1823 1399 2316 1482 quibuscunque
2361 1419 2461 1463 re-

529 1487 735 1551 mittit
793 1486 978 1552 Deus
1036 1496 1333 1570 peccata,
1392 1484 1652 1551 eosdem
1713 1486 1950 1569 spiritu
1994 1506 2113 1551 suo
2162 1486 2230 1550 in
2275 1483 2464 1550 iusti-

530 1576 689 1638 tiam
735 1583 1098 1657 regenerat.

702 1658 760 1724 8.
815 1658 916 1723 Tu
963 1678 1103 1742 erqo
1157 1659 1509 1724 revertaris.
1619 1657 1877 1741 Copula
1920 1677 2088 1740 quae
2131 1657 2239 1722 hic
2281 1655 2467 1740 poni-

531 1752 646 1808 tur
682 1765 721 1808 a
765 1743 970 1820 Mose,
1019 1745 1409 1826 particulam
1452 1743 1771 1809 illativam
1802 1745 1999 1820 valet,
2045 1743 2469 1809 ratiocinatur

531 1831 703 1894 enim
749 1849 789 1893 a
830 1829 1066 1894 veniae
1100 1830 1356 1904 fiducia,
1396 1851 1479 1895 ne
1510 1829 1811 1896 dubitent
1854 1828 1936 1894 ad
1973 1827 2190 1894 Deum
2236 1827 2468 1905 redire,

530 1915 689 1998 quin
746 1916 961 1998 potius
1004 1914 1203 1981 alacri
1248 1928 1670 1999 promptoque
1715 1917 1932 1980 animo
1976 1937 2046 1980 se
2090 1915 2466 1997 accingant:

533 2000 771 2066 deinde
825 2012 903 2065 ut
945 2009 1321 2067 constanter
1365 2010 1646 2085 pergant
1690 2002 1759 2067 in
1802 2001 2208 2067 obedientiae
2252 2019 2470 2066 eursu.

534 2086 817 2167 Quando
845 2098 1062 2152 autem
1097 2089 1653 2171 perseverantiam
1691 2108 1884 2171 quam
1912 2085 2105 2171 paulo
2146 2095 2298 2151 ante
2342 2093 2472 2149 tes-

536 2183 714 2238 tatus
772 2181 874 2238 est
932 2192 972 2237 a
1027 2172 1162 2237 solo
1226 2174 1365 2239 Deo
1411 2174 1582 2253 dari,
1643 2196 1819 2240 nunc
1874 2194 1912 2237 a
1969 2173 2203 2256 populo
2249 2170 2473 2255 exigit,

534 2258 689 2323 inde
731 2258 923 2323 facile
966 2258 1270 2343 colligere
1313 2258 1493 2337 licet,
1540 2259 1785 2327 insulse
1822 2279 1933 2325 eos
1974 2258 2190 2323 facere
2235 2258 2350 2341 qui
2394 2278 2474 2321 ex

538 2344 668 2409 Dei
723 2345 1087 2428 praeceptis
1143 2344 1495 2410 aestimant
1555 2346 1891 2410 hominum
1937 2347 2125 2411 vires.
2212 2343 2480 2408 Interea

536 2440 731 2513 caput
769 2428 927 2494 illud
967 2440 1322 2508 teneamus,
1371 2453 1592 2496 veram
1631 2432 2121 2496 conversionem
2168 2429 2480 2495 continuo

537 2516 713 2580 vitae
751 2524 973 2580 tenore
1009 2516 1304 2599 probari:
1353 2519 1507 2599 quia
1541 2518 1608 2582 in
1655 2517 1832 2583 hunc
1877 2519 2075 2582 finem
2151 2525 2316 2581 teste
2360 2514 2481 2578 Za-

539 2601 763 2667 charia
825 2602 1018 2682 [Luc.
1068 2603 1126 2679 1,
1175 2601 1313 2689 741)
1360 2601 1679 2686 redempti
1725 2624 1984 2684 sumus,
2025 2611 2102 2668 ut
2209 2622 2358 2668 eum
2405 2598 2479 2663 li-

540 2686 908 2752 beratorem
962 2687 1250 2753 colamus
1307 2689 1376 2753 in
1431 2689 1778 2754 sanctitate
1822 2699 1887 2755 et
1930 2688 2182 2755 iustitia
2225 2686 2481 2754 cunctis

539 2772 769 2839 diebus
813 2775 990 2839 vitae
1035 2785 1321 2839 nostrae.

1061 3166 1190 3231 EX
1238 3163 1569 3231 EODEM
1613 3165 1970 3232 OAPI'PE.

720 3353 820 3418 15.
899 3353 1081 3432 Vide,
1130 3356 1446 3435 proposui
1488 3355 1598 3420 tibi
1643 3354 1826 3421 hodie
1867 3357 2063 3421 vitam
2122 3362 2178 3422 et
2244 3356 2489 3437 bonum,

545 3443 799 3504 mortem
841 3443 895 3503 et
937 3441 1217 3506 malum.-
1285 3441 1384 3506 16.
1418 3441 1681 3522 Quando
1724 3462 1829 3525 eqo
1861 3443 2191 3525 praecipio
2235 3442 2349 3507 tibi
2390 3443 2492 3506 ho—

547 3526 650 3590 die
682 3529 756 3590 ut
786 3525 1021 3608 diliyas
1051 3525 1343 3591 Iehovam
1366 3526 1575 3591 Deum
1610 3531 1804 3606 tuum,
1850 3533 1919 3593 ut
1954 3529 2230 3595 ambules
2261 3528 2335 3594 iri
2367 3529 2493 3594 viis

550 3610 704 3690 eius,
729 3616 784 3676 et
806 3612 1119 3677 custodias
1124 3617 1461 3694 praecepta
1484 3612 1637 3687 eius,
1663 3618 1718 3677 et
1737 3618 1970 3680 statuta
1994 3616 2150 3691 eius,
2175 3620 2230 3680 et
2252 3614 2493 3680 iudicia

550 3696 716 3761 eius:
750 3701 822 3760 ut
849 3698 1045 3774 vivas,
1084 3703 1141 3762 et
1173 3698 1626 3779 multipliceris,
1655 3697 2081 3782 benedicatque
2113 3700 2228 3766 tibi
2264 3699 2494 3765 Iehova

550 3782 732 3847 Deus
753 3787 902 3847 tuus
923 3783 992 3847 in
1014 3787 1183 3848 terra
1206 3784 1292 3848 ad
1322 3803 1514 3866 quam
1540 3785 1881 3867 ingrederis
1901 3791 1971 3850 ut
1980 3787 2315 3868 possideas
2335 3806 2488 3851 eam.

555 3868 655 3933 17.
720 3869 895 3950 Quod
949 3869 1010 3933 si
1063 3869 1355 3934 averterit
1407 3890 1472 3934 se
1523 3889 1626 3935 cor
1667 3873 1876 3949 tuum,
1923 3876 1980 3937 et
2022 3892 2144 3936 non
2190 3872 2493 3948 audieris,

552 3959 610 4018 et
668 3954 985 4035 impulsus
1027 3954 1394 4020 adoraveris
1436 3955 1581 4019 deos
1624 3955 1892 4032 alienos,
1953 3956 2331 4040 coluerisque
2375 3977 2492 4035 eos,

557 4039 658 4104 18.
708 4039 1032 4105 Deuuncio
1059 4039 1229 4105 vobis
1267 4040 1464 4114 hodie,
1500 4042 1819 4122 pereundo
1845 4045 2153 4124 peribitis,
2190 4065 2313 4110 non
2342 4064 2495 4124 pro—

553 4126 857 4208 royabitis
890 4127 1027 4191 dies
1062 4146 1254 4207 super
1299 4131 1536 4191 terram
1580 4126 1665 4193 ad
1708 4148 1899 4210 quam
1937 4130 2307 4195 transmisso
2353 4129 2493 4194 Ior-

555 4212 720 4276 dane
770 4211 994 4294 pery'is
1014 4262 1028 4288 ,
1089 4217 1160 4276 ut
1205 4212 1541 4292 possideas
1594 4234 1748 4279 eam.
1852 4214 1952 4280 19.
2013 4215 2226 4280 Testor
2278 4221 2497 4281 contra

554 4316 663 4361 vos
721 4296 905 4363 hodie
957 4295 1189 4361 coelum
1245 4303 1301 4362 et
1357 4302 1618 4375 terram,
1676 4301 1843 4382 quod
1900 4302 2094 4366 vitam
2148 4307 2204 4366 et
2244 4306 2496 4366 mortem

547 4384 872 4464 proposui,
919 4382 1385 4448 benedictionem
1420 4389 1477 4449 et
1516 4386 2033 4451 maledictionem.-
2074 4388 2315 4471 deliyas
2357 4408 2425 4451 er
2464 4406 2531 4451 o·

555 4469 768 4544 vitam,
808 4475 877 4533 ut
909 4469 1090 4534 vivas
1132 4474 1217 4545 tu,
1254 4473 1310 4533 et
1341 4489 1544 4535 semen
1578 4476 1776 4536 tuum.
1866 4472 1969 4538 20.
2016 4472 2358 4557 Diliyendo
2437 4493 2497 4537 e·

558 4555 780 4618 hovam
835 4555 1049 4621 Deum
1100 4558 1302 4635 tuum,
1347 4556 1670 4621 obediendo
1708 4558 1842 4623 voci
1883 4560 2049 4639 eius,
2110 4559 2500 4626 adhaerendo

556 4643 649 4705 ei.-
691 4642 828 4722 ipse
860 4641 1025 4705 euim
1062 4646 1150 4705 est
1182 4642 1312 4706 vita
1346 4646 1474 4719 tua,
1513 4648 1571 4707 et
1604 4642 1917 4726 louyitudo
1951 4646 2197 4710 dierum
2233 4651 2500 4725 tuorum,

556 4732 627 4790 ut
657 4725 893 4792 habites
938 4747 1128 4809 super
1161 4732 1392 4792 terram
1427 4749 1619 4810 quam
1661 4731 1903 4795 iuravit
1945 4729 2175 4796 Iekova
2205 4732 2502 4812 patribus

557 4814 702 4889 tuis,
751 4811 1075 4891 Abrahae,
1121 4813 1314 4878 Isaac
1357 4817 1414 4877 et
1459 4812 1646 4881 Iacob
1689 4836 1755 4880 se
1793 4817 2091 4882 daturum
2133 4817 2284 4883 illis.

733 4999 833 5067 15.
898 5000 1056 5067 Vide
1090 5004 1414 5084 proposui.
1505 5004 1876 5071 Obtestatio
1925 5005 2369 5089 superioribus
2414 5007 2501 5071 si-

556 5085 751 5165 milis,
796 5097 873 5151 ut
907 5088 1199 5172 cogitent
1234 5088 1586 5169 Israelitae,
1627 5091 1803 5174 quod
1843 5091 2025 5156 Deus
2061 5092 2274 5177 legem
2312 5112 2498 5157 suam

558 5171 869 5256 dignatus
923 5174 1124 5240 fuerit
1183 5176 1355 5257 apud
1401 5179 1578 5260 ipsos
1618 5177 1968 5259 deponere,
2020 5177 2499 5243 inaestimabile

559 5277 703 5323 esse
728 5256 1149 5327 beneficium:
1188 5260 1358 5343 quod
1398 5264 1524 5328 nisi
1561 5273 1944 5328 reverenter
1980 5264 2326 5347 excipiant,
2362 5285 2496 5328 non

554 5344 738 5409 leves
776 5345 997 5411 daturi
1044 5349 1178 5412 sint
1223 5368 1470 5431 poenas
1518 5357 1653 5414 tam
1699 5348 1927 5415 foedae
1979 5350 2493 5433 ingratitudinis.

2558 624 2731 689 Nam
2791 633 2865 688 ut
2920 624 3160 688 erroris
3219 622 3581 707 patrocinio
3641 643 3748 688 eos
3803 620 4069 704 spoliet,
4129 641 4168 686 a
4209 621 4499 703 profanis

2557 709 2863 795 gentibus
2928 718 3219 792 separat,
3296 730 3461 792 quae
3563 720 3786 792 ropter
3844 707 3990 773 viae
4057 708 4495 791 ignorantiam

2557 798 2729 861 inter
2787 797 2989 861 vitam
3047 807 3112 860 et
3169 807 3445 860 mortem
3548 794 3738 860 ubiae
3794 792 4210 860 vacillabant.
4312 791 4497 860 Dicit

2559 883 2762 967 igitur
2797 902 2868 946 se
2915 881 3206 964 posuisse
3250 891 3403 946 ante
3448 901 3668 945 eorum
3710 879 3932 946 oculos
3977 881 4204 958 vitam,
4250 887 4319 944 et
4361 881 4499 963 qui-

2562 968 2710 1034 dem
2770 968 3188 1032 coniunctam
3247 987 3395 1034 cum
3443 985 3601 1033 vera
3645 976 3709 1030 et
3812 966 3963 1031 lena
4015 964 4356 1031 felicitate:
4410 968 4496 1032 si-

2563 1055 2806 1120 militer
2839 1062 3110 1118 mortem
3157 1072 3306 1118 cum
3351 1054 3486 1119 suis
3532 1072 3744 1135 appen
3794 1052 4020 1117 icibns.
4088 1051 4296 1117 Nemo
4341 1074 4499 1119 vero

2563 1150 2663 1206 est
2720 1141 2832 1224 qui
2889 1148 3128 1204 natura
3185 1140 3348 1204 duce
3406 1141 3610 1204 vitam
3671 1160 3803 1203 non
3848 1146 4128 1221 appetat,
4172 1138 4285 1221 qui
4329 1160 4501 1204 mor-

2559 1238 2696 1294 tem
2721 1247 2854 1290 non
2877 1224 3179 1308 refugiat.
3219 1224 3595 1307 Exprobrat
3615 1225 3838 1309 itaque
3861 1226 4095 1304 Moses,
4133 1225 4279 1308 plus
4301 1222 4494 1310 q'uam

2564 1322 2859 1378 amentes
2903 1312 3040 1376 fore
3083 1312 3139 1375 si
3185 1311 3357 1375 ultro
3398 1332 3470 1376 se
3513 1311 3580 1376 in
3626 1332 3855 1376 omnes
3899 1311 4196 1377 miserias
4239 1314 4494 1378 coniici-

2567 1409 2699 1464 ant.
2797 1397 3062 1462 Interea
3131 1395 3491 1480 significat,
3551 1417 3622 1462 se
3680 1418 3808 1463 non
3868 1398 4109 1463 iactare
4169 1399 4379 1464 nudas
4433 1410 4498 1465 et

2564 1486 2799 1550 inanes
2866 1504 3072 1561 voces,
3138 1483 3253 1547 sed
3313 1480 3675 1548 doctrinam
3742 1504 3925 1549 suam
3973 1494 4295 1549 armatam
4354 1506 4496 1553 esse

2567 1571 2697 1637 Dei
2733 1570 3041 1653 potentia,
3075 1581 3150 1633 ut
3184 1568 3477 1651 quisquis
3511 1589 3656 1634 eam
3694 1569 4037 1653 amplexus
4073 1571 4288 1650 fuerit,
4322 1572 4496 1637 salu-

2570 1670 2705 1723 tem
2777 1656 2845 1719 in
2910 1676 2989 1719 ea
3047 1656 3361 1737 reperiat:
3433 1674 3624 1720 nemo
3682 1676 3840 1721 vero
3894 1670 4163 1739 spernat
4217 1659 4534 1741 impune.-

2573 1741 2892 1827 Sequitur
2926 1741 3263 1823 utriusque
3295 1740 3574 1806 membri
3613 1741 3896 1823 partiti0,
3936 1763 4221 1808 amorem
4268 1743 4398 1809 Dei
4439 1754 4508 1812 et

2570 1829 2737 1913 legis
2807 1827 3327 1892 observationem
3386 1827 3688 1910 praecipi,
3750 1840 3823 1892 ut
3866 1829 4133 1895 vivant:
4192 1831 4292 1896 sin
4352 1853 4507 1899 vero

2573 1914 2785 1981 eversi
2812 1911 2859 2000 ¹)
2903 1913 2983 1978 ab
3025 1913 3386 1990 eofuerint,
3433 1912 3814 1978 denunciari
3859 1915 4220 1982 interitum.
4275 1917 4511 2001 Itaque

2575 2023 2705 2066 non
2729 2008 2974 2064 temere
2994 1997 3456 2081 promissiones
3492 2010 3557 2064 et
3589 2000 3803 2065 minas
3827 2002 4089 2066 vocavit
4125 2002 4287 2087 legis
4322 2025 4511 2073 sanc-

2577 2087 2821 2162 tiones,
2877 2084 3031 2168 quia
3094 2096 3170 2149 ut
3212 2085 3352 2149 eius
3397 2085 3715 2151 autoritas
3773 2086 3944 2168 apud
4009 2108 4130 2155 nos
4174 2090 4365 2154 firma
4408 2093 4511 2170 sit,

2579 2182 2713 2237 tam
2783 2169 3189 2237 obedientiae
3249 2170 3644 2248 mercedem,
3711 2192 3905 2253 quam
3962 2193 4236 2255 poenam
4298 2186 4513 2242 trans-

2580 2258 2935 2344 gressionis
2969 2257 3040 2321 in
3076 2254 3364 2321 medium
3409 2257 3685 2340 proponi
3732 2278 3997 2324 necesse
4030 2269 4149 2326 est.
4217 2261 4349 2327 Per
4383 2263 4518 2328 oul-

2581 2355 2725 2410 tum
2782 2343 3051 2408 deorum
3097 2341 3484 2420 alienorum,
3542 2344 3899 2425 quamlibet
3943 2345 4371 2412 defectionem
4411 2348 4515 2413 in-

2582 2429 2837 2513 telligit,
2883 2439 2957 2493 ut
3000 2436 3197 2495 antea
3239 2427 3563 2494 admonui.
3651 2428 3914 2512 Impelli
3970 2452 4124 2498 vero
4169 2432 4251 2498 ad
4295 2455 4517 2518 super-

2587 2515 2887 2580 stitiones
2917 2535 3051 2580 non
3088 2513 3247 2580 dicit
3280 2512 3692 2581 excusandae
3727 2536 3950 2580 eorum
3988 2517 4277 2584 levitatis
4306 2530 4524 2598 causa,

2589 2601 2703 2669 sed
2747 2600 2968 2684 potius
3013 2599 3094 2665 ad
3153 2601 3400 2666 crimen
3459 2602 4026 2683 exaggerandum,
4085 2605 4260 2686 quod
4318 2626 4525 2690 prava

2587 2688 2948 2838 gupiditate
3002 2687 3255 2769 abrepti
3275 2736 3289 2763 ,
3349 2688 3693 2752 veritatem
3743 2688 3870 2753 Dei
3933 2689 4132 2770 probe
4192 2693 4522 2775 cognitam

2632 2781 2910 2840 eeerant.

2763 2859 2865 2925 19.
2908 2858 3123 2924 Testor
3151 2863 3362 2925 contra
3393 2879 3521 2924 vos.
3580 2859 3704 2924 Est
3735 2860 4001 2942 quidem
4023 2862 4299 2928 verbum
4337 2884 4522 2945 prae-

2592 2946 2773 3011 teriti
2830 2945 3170 3027 temporis,
3223 2945 3337 3010 sed
3382 2943 3553 3027 quod
3592 2953 4003 3028 praesentem
4047 2957 4267 3013 actum
4311 2947 4526 3034 desig-

2593 3041 2725 3097 nat.
2794 3029 3271 3096 Vehementius
3315 3040 3532 3096 autem
3575 3052 3685 3097 eos
3731 3042 3939 3115 urget,
3984 3032 4097 3098 ubi
4141 3042 4342 3101 testes
4382 3036 4527 3101 vin-

2594 3117 2807 3183 dictae
2850 3117 2977 3182 Dei
3021 3114 3294 3181 advocat
3339 3117 3590 3183 coelum
3632 3126 3700 3183 et
3741 3127 4006 3184 terram.
4075 3118 4333 3200 Quibus
4378 3144 4523 3188 ver-

2594 3204 2693 3268 bis
2748 3224 2882 3268 non
2942 3202 3209 3286 angelos
3261 3210 3329 3267 et
3386 3203 3689 3268 homines
3743 3204 4108 3287 compellat,
4154 3205 4257 3293 (ut
4293 3207 4528 3293 frigide

2595 3288 2859 3373 quidam
2920 3288 3289 3375 exponunt)
3346 3287 3462 3355 sed
3521 3289 3962 3372 amplificandi
4019 3310 4215 3357 causa
4258 3313 4529 3360 sensum

2596 3375 2824 3441 tribuit
2869 3375 3062 3439 rebus
3102 3375 3500 3440 inanimatis.
3581 3374 3771 3456 Quod
3820 3376 4109 3442 breviter
4139 3380 4533 3464 perstringo,

2594 3463 2745 3545 quia
2811 3460 2964 3525 alibi
3013 3460 3223 3525 fusius
3280 3461 3590 3540 tractavi,
3647 3462 3838 3527 sicuti
3900 3463 4069 3545 quod
4130 3465 4326 3546 paulo
4381 3474 4534 3549 post

2594 3546 2890 3630 sequitur
2945 3546 3027 3611 de
3071 3547 3212 3611 vita
3266 3556 3334 3610 et
3377 3557 3606 3613 morte.
3696 3548 3842 3612 Lex
3888 3550 4085 3627 enim,
4130 3549 4342 3633 quoad
4383 3551 4534 3617 doo-

2596 3633 2839 3698 trinam
2895 3639 3172 3715 spectat,
3230 3633 3434 3698 vitam
3492 3642 3559 3696 et
3616 3643 3892 3698 mortem
3950 3634 4021 3699 in
4079 3658 4149 3701 se
4204 3637 4531 3721 continet:

2595 3719 2749 3802 quia
2801 3718 2934 3783 illic
2989 3738 3118 3783 non
3175 3718 3490 3783 fallaciter
3546 3720 3960 3802 promittitur
4007 3721 4184 3787 vitae
4229 3730 4534 3789 aeternae

2594 3825 2861 3870 merces.
2922 3802 3054 3871 Sed
3090 3824 3293 3887 quum
3331 3825 3522 3870 nemo
3561 3807 3928 3887 reperiatur
3962 3804 4200 3891 dignus
4235 3808 4534 3877 mercede

2594 3890 2949 3974 promissa,
3009 3890 3240 3954 merito
3298 3888 3488 3956 docet
3544 3891 3797 3957 Paulus
3840 3891 4053 3977 legem
4100 3903 4356 3959 tantum
4393 3915 4535 3962 esse

2596 3977 3017 4042 mortiferam.
3086 3977 3291 4058 Atqui
3336 3977 3401 4041 id
3438 3977 3839 4043 accidentale
3883 3987 4000 4056 est,
4047 3980 4221 4062 quod
4267 4002 4398 4047 non
4444 4003 4532 4047 ex

2598 4063 2930 4129 doctrinae
2998 4061 3286 4141 defectu,
3355 4060 3469 4128 sed
3539 4085 3622 4128 ex
3682 4064 4020 4130 hominum
4077 4066 4236 4132 vit-io
4290 4078 4534 4135 manat.

2597 4148 2957 4230 Quaeritur
3002 4158 3240 4227 tamen,
3285 4149 3341 4212 si
3385 4157 3658 4217 naturae
3701 4162 3968 4216 nostrae
4011 4154 4340 4236 corruptio
4383 4153 4541 4221 facit

2598 4256 2682 4300 ne
2719 4235 2827 4300 lex
2871 4233 3048 4299 aliud
3093 4255 3287 4316 quam
3325 4244 3599 4300 mortem
3643 4244 3948 4319 generet,
3993 4238 4314 4320 quomodo
4360 4240 4541 4306 iubet

2603 4320 2820 4387 Moses
2853 4321 3061 4385 vitam
3099 4319 3358 4403 eligere,
3404 4340 3602 4403 quam
3649 4344 3730 4387 ex
3775 4323 3891 4388 illa
3934 4322 4206 4405 adipisci
4250 4345 4380 4389 non
4425 4347 4537 4410 po-

2601 4417 2733 4472 test
2775 4404 3115 4489 peccator?
3182 4405 3415 4489 Itaque
3459 4406 3691 4474 cristas
3736 4410 4004 4494 erigunt
4044 4411 4356 4493 papistae‚
4402 4421 4553 4489 tam¹

2604 4493 2685 4558 ad
2747 4491 3192 4557 extollendum
3245 4492 3523 4557 liberum
3582 4493 3955 4574 arbitrium,
4027 4515 4217 4578 quam
4267 4496 4347 4561 ad
4406 4501 4537 4565 iac-

2604 4578 2805 4643 tanda
2841 4577 3089 4654 merita,
3125 4579 3309 4660 quasi
3345 4599 3500 4643 vero
3523 4580 3742 4646 Moses
3779 4601 3909 4645 non
3934 4582 4260 4665 gratuitae
4282 4604 4540 4667 qnoque

2606 4663 2730 4729 Dei
2791 4662 3273 4729 misericordiae
3323 4666 3510 4730 testis
3565 4666 3766 4731 fuerit
3821 4687 3896 4733 ac
3955 4688 4222 4750 praeco:
4274 4678 4341 4733 et
4384 4690 4541 4735 suos

2608 4748 2959 4833 discipulos
3003 4746 3084 4813 ad
3130 4749 3469 4815 Christum
3519 4750 3851 4829 direxerit,
3895 4762 3971 4817 ut
4011 4752 4093 4817 ab
4138 4774 4213 4819 eo
4255 4755 4534 4820 salutem

2605 4844 2919 4919 peterent.
3001 4836 3180 4919 Ergo
3224 4858 3425 4918 quum
3471 4837 3549 4902 de
3585 4838 3926 4904 servandis
3969 4838 4298 4906 mandatis
4341 4842 4542 4908 verba

2604 4923 2786 5003 facit,
2824 4942 2956 4986 non
3000 4922 3290 4988 excludit
3333 4923 3652 5007 duplicem
3702 4923 3956 4991 Christi
3999 4928 4299 5009 gratiam,
4345 4936 4422 4993 ut
4460 4930 4541 4993 fi-

2606 5008 2780 5073 deles
2814 5007 3052 5090 spiritu
3091 5010 3386 5092 regeniti‚
3434 5009 3513 5074 ad
3560 5009 3996 5076 obedientiam
4039 5011 4326 5079 iustitiae
4370 5015 4539 5098 aspi-

2607 5107 2773 5172 rent,
2834 5092 3158 5177 simulque
3213 5097 3496 5177 peccatis
3552 5097 3829 5178 expiatis
3876 5098 4017 5163 Deo
4063 5102 4269 5181 gratis
4313 5121 4540 5167 recon-

2739 5369 2798 5440 1)
2836 5370 2928 5426 Sic
2961 5369 3083 5425 edd.
3139 5370 3308 5439 Lege.-
3343 5371 3537 5425 aversi.
