5017 6142
548 443 675 510 331

549 627 986 698 Genesareth.
1073 627 1156 693 In
1200 623 1628 691 effusionibus
1670 621 1854 690 collis
1898 642 2031 688 non
2080 622 2501 689 consentiunt

550 718 943 800 interpretes
958 766 974 796 ,
1048 713 1201 797 quia
1257 704 1555 776 Asedoth
1611 707 1864 793 Pisgah
1930 706 2196 791 quidam
2260 708 2503 774 volunt

550 822 794 869 nomen
837 800 1175 886 proprium
1231 816 1374 862 esse
1431 794 1643 861 urbis:
1710 794 1882 860 malo
1944 803 2165 860 tamen
2214 793 2500 878 appella-

551 888 694 956 tive
752 906 1012 953 sumere
1065 904 1302 950 nomen
1360 881 1757 947 effusionum
1773 931 1790 959 ,
1843 899 1978 946 non
2034 900 2155 965 pro
2213 880 2501 946 fontibus

551 982 619 1041 et
661 973 847 1052 rivis,
892 971 1006 1038 sed
1048 989 1168 1054 pro
1209 965 1429 1034 radice
1444 1017 1462 1046 ,
1505 965 1621 1031 ubi
1662 975 1840 1031 terra
1874 986 1993 1049 per
2036 965 2350 1032 acclivem
2394 966 2502 1031 de-

551 1080 853 1129 scensum
898 1052 1371 1142 quodammodo
1414 1074 1485 1119 se
1529 1050 1867 1118 effundere
1902 1049 2182 1118 videtur.
2229 1051 2501 1136 ’Pisgah

551 1165 763 1212 unum
800 1163 941 1211 esse
976 1163 1059 1208 ex
1093 1138 1452 1208 verticibus
1484 1138 1727 1203 montis
1750 1137 2028 1205 Abarim
2061 1146 2292 1222 postea
2325 1136 2502 1206 vide-

550 1231 788 1299 bimus.

728 1316 828 1382 18.
899 1311 1319 1395 Praaeepique
1379 1308 1565 1375 vobis.
1667 1307 1774 1373 Ad
1833 1327 1943 1373 eos
2008 1305 2270 1391 quidem
2327 1307 2498 1373 solos

554 1401 862 1485 dirigitur
939 1418 1152 1464 sermo
1229 1396 1463 1481 quibus
1542 1403 1727 1460 trans
1790 1392 2142 1459 Iordanem
2223 1392 2499 1460 dabatur

553 1485 939 1552 haereditas.
1027 1481 1342 1550 Ostendit
1394 1489 1620 1546 tamen
1679 1479 1902 1545 Moses
1956 1487 2224 1561 pactum
2283 1500 2353 1546 se
2395 1479 2496 1544 in-

551 1571 950 1656 terposuisse
967 1620 983 1649 ,
1049 1592 1132 1636 ne
1196 1589 1315 1634 sua
1383 1565 1625 1632 ditione
1679 1577 1832 1632 ante
1897 1564 2273 1631 fruerentur
2330 1564 2497 1630 duae

549 1657 702 1724 illae
745 1656 955 1722 tribus
998 1675 1143 1720 cum
1204 1651 1506 1732 dimidia,
1561 1672 1759 1737 quam
1816 1650 1972 1717 belli
2029 1651 2340 1717 societate
2385 1649 2496 1716 de-

552 1742 819 1811 functae
864 1746 1084 1808 essent
1125 1740 1195 1805 in
1237 1736 1602 1825 subigenda
1658 1744 1838 1804 terra
1882 1735 2225 1802 Chanaan.
2314 1737 2499 1803 Dicit

553 1850 709 1913 ergo
778 1848 849 1894 se
912 1824 1168 1892 dedisse
1236 1825 1369 1890 illis
1432 1825 1679 1904 locum,
1745 1842 1879 1887 non
1945 1822 2019 1887 in
2081 1843 2211 1906 quo
2271 1823 2498 1889 statim

553 1916 991 1998 quiescerent,
1035 1909 1149 1978 sed
1190 1910 1260 1976 in
1304 1931 1434 1995 quo
1479 1909 1880 1993 deponerent
1922 1928 2162 1974 uxores
2204 1927 2355 1974 suas
2369 1956 2388 1988 ,
2431 1916 2498 1974 et

547 1999 905 2085 peculium,
973 1997 1175 2064 donec
1227 1999 1346 2063 toti
1411 1996 1652 2080 populo
1718 1993 2072 2079 tranquilla
2137 2000 2310 2061 esset
2375 2014 2497 2060 sua

549 2085 763 2153 statio.

1087 2423 1216 2489 Ex
1260 2422 1532 2489 DEUT.
1589 2421 1789 2488 OAP.
1835 2421 1958 2488 IV.

718 2596 820 2662 41.
854 2595 1027 2661 Tunc
1046 2594 1365 2676 separavit
1385 2591 1599 2659 Moses
1618 2597 1741 2658 tres
1761 2592 1947 2658 urbes
1964 2596 2142 2658 trans
2162 2591 2499 2657 Iordanem

548 2683 636 2750 ad
687 2687 973 2749 exortum
1014 2680 1199 2747 solis.-
1254 2679 1358 2745 42.
1441 2677 1518 2745 Ut
1556 2677 1800 2763 fuyeret
1840 2677 1992 2744 illuc
2033 2676 2343 2743 homicida
2384 2678 2498 2760 qui

549 2768 865 2836 occidisset
896 2767 1265 2848 proximum
1306 2784 1493 2831 suum
1534 2763 1808 2830 nesciens
1833 2762 1902 2849 ¹),
1944 2783 2125 2846 quem
2169 2783 2294 2828 non
2335 2764 2500 2831 odis-

549 2858 638 2918 set
680 2852 761 2918 ab
802 2851 937 2917 heri
979 2856 1037 2915 et
1088 2850 1575 2917 nudiustertius:
1637 2853 1706 2915 ut
1755 2849 2000 2934 fuyeret
2056 2848 2142 2914 ad
2180 2868 2377 2915 unam
2422 2869 2499 2914 ex

547 2939 810 3004 urbibus
872 2936 1045 3015 istis,
1107 2941 1163 3001 et
1223 2937 1470 3001 viveret.
1557 2934 1663 3000 43.
1729 2933 1934 3000 Beeer
1972 2935 2044 3000 in
2098 2935 2363 3014 deserte,
2428 2935 2499 3000 in

550 3030 721 3090 terra
744 3021 1045 3105 planitiei
1077 3042 1121 3086 a
1145 3020 1507 3086 Rubenitis:
1544 3020 1815 3087 Ramoth
1853 3021 2109 3088 Galaad
2141 3040 2186 3086 a
2224 3020 2497 3101 Gaditis,

550 3114 606 3175 et
646 3108 849 3175 Gelan
887 3106 959 3171 in
990 3105 1221 3174 Basan
1264 3128 1307 3172 a
1351 3105 1677 3173 Manasse.

723 3278 861 3344 Sex
927 3276 1124 3344 urbes
1194 3275 1325 3363 (ut,
1350 3275 1508 3342 alibi
1575 3277 1793 3342 visum
1860 3275 1985 3362 est)
2052 3274 2497 3341 destinaverat

549 3365 734 3431 Deus
769 3364 841 3428 in
876 3362 1225 3447 refugium,
1271 3364 1327 3428 si
1362 3362 1507 3447 quis
1542 3362 1877 3428 hominem
1914 3361 2258 3442 occiderat,
2301 3359 2496 3428 modo

550 3471 737 3516 suam
808 3449 1251 3515 innocentiam
1316 3442 1641 3515 iudicibus
1706 3448 2028 3533 probaret.
2131 3447 2211 3512 In
2286 3445 2497 3514 tribus

549 3555 710 3619 quas
756 3543 939 3599 trans
982 3532 1334 3600 Iordanem
1376 3535 1846 3619 assignaverat,
1891 3541 2119 3598 narrat
2163 3532 2382 3600 Moses
2426 3554 2497 3600 se

548 3619 830 3686 fideliter
871 3618 1272 3703 praestitisse
1316 3618 1488 3704 quod
1533 3618 1718 3685 Deus
1760 3621 2061 3685 iusserat.
2148 3618 2344 3685 Unde
2387 3640 2498 3703 ap-

547 3714 738 3790 paret
759 3756 774 3785 ,
833 3707 1130 3788 quamvis
1173 3725 1305 3769 non
1346 3705 1567 3781 statim
1613 3706 1793 3771 omni
1836 3727 1917 3770 ex
1963 3712 2148 3788 parte
2191 3705 2497 3770 satisfieri

546 3799 766 3874 posset
813 3791 942 3856 Dei
994 3789 1304 3855 mandato
1322 3837 1337 3866 ,
1397 3811 1530 3855 non
1589 3798 1809 3857 tamen
1867 3796 2280 3874 exspectasse
2338 3790 2497 3856 dum

549 3884 687 3941 tres
741 3876 906 3942 aliae
963 3877 1160 3943 urbes
1218 3873 1632 3943 accederent:
1702 3875 1817 3942 sed
1871 3885 2191 3960 quantum
2250 3876 2497 3941 ferebat

548 3960 825 4027 facultas
849 4012 865 4041 ,
953 3981 1074 4027 suo
1153 3982 1425 4028 munere
1510 3962 1712 4028 fuisse
1788 3961 2224 4045 perfunctum.
2346 3961 2496 4043 Quo

551 4046 850 4129 exemplo
896 4047 1224 4113 discamus
1241 4098 1257 4126 ,
1317 4048 1516 4112 etiam
1562 4048 1673 4114 ubi
1718 4046 1803 4112 ad
1845 4049 2047 4113 finem
2097 4067 2226 4113 non
2272 4048 2495 4112 statim

550 4131 909 4217 perducere
950 4131 1171 4199 licebit
1212 4131 1384 4217 quod
1430 4131 1699 4218 aggredi
1742 4132 1927 4198 iubet
1969 4134 2179 4213 Deus,
2222 4134 2497 4199 minime

553 4229 773 4284 tamen
829 4218 1268 4284 cunctandum
1326 4239 1485 4284 esse.
1570 4218 1708 4284 Nec
1765 4239 1921 4285 vero
1965 4239 2089 4284 nos
2133 4218 2311 4284 aliud
2355 4241 2495 4284 mo-

550 4309 738 4367 ratur
791 4324 985 4385 quam
1041 4324 1223 4368 mera
1278 4304 1619 4388 segnities,
1676 4305 1807 4371 nisi
1848 4305 1992 4370 Deo
2049 4303 2312 4370 iubente
2358 4326 2495 4370 ma—

552 4395 701 4540 }:inre
765 4387 1114 4538 ἰῑιῶἱρίηιιιε
1190 4387 1359 4471 quod
1426 4389 1611 4455 Deus
1674 4412 1794 4475 per
1864 4390 2026 4456 alios
2104 4390 2354 4457 absolvi
2420 4410 2495 4457 ac

602 4474 731 4540 niri
775 4496 815 4538 v
888 4480 934 4537 t.

1035 4762 1384 4829 NUMER.
1430 4762 1630 4830 OAP.
1673 4765 2013 4833 XXXIII.

727 4900 784 4964 1.
848 4898 1022 4964 Istae
1069 4904 1219 4964 sunt
1274 4898 1687 4981 profectiones
1745 4903 2020 4984 filiorum
2077 4904 2286 4973 Israel
2301 4957 2316 4986 ,
2382 4907 2494 4988 qui

554 4987 785 5071 egressi
824 4989 972 5052 sunt
1010 5004 1044 5051 e
1086 4988 1256 5050 terra
1297 4984 1567 5069 Aeyypti
1581 5037 1598 5064 ,
1646 5007 1765 5070 per
1805 4991 2109 5058 exercitus
2148 5012 2298 5059 suos
2312 5040 2328 5070 ‚
2373 5013 2495 5076 per

553 5091 815 5137 manum
859 5069 1063 5136 Mosis
1116 5075 1175 5136 et
1215 5069 1502 5136 Aharon.
1589 5070 1650 5135 2.
1714 5071 1983 5156 Scripsit
2035 5082 2241 5145 autem
2284 5077 2496 5145 Moses

556 5175 838 5241 eyressus
872 5176 1084 5223 eorum
1103 5175 1226 5238 per
1254 5157 1667 5238 profectiones
1700 5179 1913 5226 eorum
1945 5161 2126 5228 inccta
2153 5184 2496 5232 sermonem

727 5342 787 5411 1)
820 5339 895 5397 1¹·
927 5344 1195 5413 maraine.-
1230 5346 1337 5414 vel,
1370 5362 1471 5415 per
1495 5361 1754 5415 errorem,
1791 5348 1894 5414 vel,
1934 5364 2033 5418 per
2067 5351 2488 5422 incogitantiam.

1962 431 2370 500 REDITUS
2418 433 2545 499 AD
2590 431 3133 501 HISTORIAM.

4425 434 4555 502 332

2604 620 2900 689 Iehovae:
2956 624 3146 703 istae,
3202 624 3493 704 inquam,
3546 624 4142 708 suntprofediones
4183 644 4396 690 eorum
4429 645 4554 708 per

2602 727 2886 791 eyressus
2935 728 3174 808 eorum.
3230 709 3319 808 ,3.
3381 708 3856 810 Profecti-sunt
3919 710 4138 811 ἐρίων.
4170 709 4552 810 eRamesse

2599 880 2702 946 aie
2739 815 2917 979 1311&ss
2918 901 2951 945 e
2991 842 3225 981 qy'ressi
3265 815 3413 947 eumq
3448 881 3578 964 fiai
3609 795 3822 948 ἳῖναει
3860 816 4162 981 mwmse
4201 816 4442 948 Zoezs²a
4465 817 4552 982 ,εἶ

2601 964 2797 1033 oculis
2838 987 3117 1032 ommam
3162 966 3260 1032 Ae
3613 1019 3628 1034 .
3710 967 3773 1033 4.
3819 965 3948 1053 (Ae
4094 989 4149 1032 π
4203 971 4410 1033 autem
4452 988 4552 1034 m-

2601 1052 2782 1117 terim
2822 1052 3197 1134 sepeliebant
3238 1073 3394 1135 quos
3425 1059 3825 1134 percusserat
3866 1054 3918 1117 Ι
4056 1074 4099 1118 α
4140 1073 4219 1117 ex
4261 1054 4377 1134 eis,
4420 1073 4546 1118 om-

2601 1157 2741 1203 nem
2783 1139 3308 1222 moyerem,
3365 1143 3421 1203 et
3473 1139 3548 1204 in
3599 1140 3732 1205 diis
3781 1159 3996 1205 eorum
4042 1138 4276 1221 fecerat
4317 1138 4550 1205 Ieboca

2600 1223 2885 1310 iudicia).
2975 1224 3036 1290 5.
3085 1223 3358 1307 Profecti
3398 1229 3561 1304 sant,
3604 1225 3879 1307 inquam,
3919 1224 4046 1305 filii
4090 1223 4300 1290 Israel
4340 1246 4373 1289 e
4418 1224 4552 1290 Ra-

2600 1329 2826 1388 messe,
2896 1314 2951 1374 et
3004 1311 3422 1376 castrametati
3461 1315 3614 1376 sunt
3654 1312 3727 1376 in
3773 1308 4056 1376 Suchoth.
4142 1311 4203 1376 6.
4268 1309 4550 1392 Profecti

2599 1400 2807 1462 autem
2846 1397 2924 1463 de
2970 1394 3266 1476 Suchoth,
3306 1396 3726 1461 castrametati
3768 1401 3920 1462 sunt
3959 1397 4030 1461 in
4073 1389 4343 1476 Etham,
4387 1416 4550 1479 quae

2599 1487 2689 1547 est
2729 1482 2800 1546 in
2842 1485 3107 1548 extremo
3148 1481 3389 1547 deserti.
3481 1481 3539 1545 7.
3584 1481 3674 1548 Et
3702 1481 3975 1564 profecti
4015 1480 4092 1546 de
4133 1478 4402 1562 Etham,
4446 1502 4548 1547 re-

2598 1567 2767 1632 versi
2808 1571 2956 1632 sunt
2997 1568 3070 1632 in
3110 1565 3553 1633 Phi-hamram
3568 1618 3584 1648 ,
3626 1570 3737 1650 qui
3778 1572 3869 1633 est
3912 1572 4055 1632 ante
4098 1566 4551 1650 Raab-sephon,

2600 1658 2654 1718 et
2691 1655 3113 1720 castrametati
3155 1658 3303 1719 sunt
3343 1658 3486 1719 ante
3520 1652 3783 1738 Miydol.
3863 1653 3923 1719 8.
3973 1651 4247 1735 Profecti
4288 1674 4430 1718 vero
4469 1654 4550 1719 de

2602 1736 3063 1816 Phi-habimus,
3110 1740 3499 1806 transierunt
3527 1760 3650 1822 per
3691 1740 3966 1806 mediam
3997 1739 4201 1806 maris
4234 1741 4302 1804 in
4345 1739 4551 1806 deser-

2599 1829 2762 1889 tum.-
2797 1829 2852 1890 et
2876 1824 3344 1891 ambulaverunt
3374 1826 3548 1891 viam
3579 1826 3778 1891 trium
3808 1826 4055 1891 dierum
4076 1845 4203 1906 per
4234 1826 4547 1892 desertum

2598 1910 2864 1987 Etham,
2910 1914 2967 1975 et
3009 1913 3428 1977 castrametati
3483 1916 3632 1977 sant
3684 1911 3755 1975 in
3802 1910 4055 1977 Marah.
4143 1910 4206 1976 9.
4273 1910 4550 1994 Profecti

2597 2016 2738 2062 vero
2778 1997 2855 2061 de
2888 1994 3130 2061 Marah
3172 2002 3468 2062 venerunt
3499 1998 3570 2062 in
3603 1995 3818 2062 Elim.-
3858 1998 3930 2061 in
3963 1995 4143 2062 Elim
4185 2017 4326 2062 vero
4366 2001 4550 2062 erant

2596 2081 2916 2148 duodecim
2967 2081 3168 2164 fontes
3210 2103 3524 2165 aquarum
3538 2133 3555 2163 ,
3622 2088 3680 2148 et
3719 2084 4115 2166 septuayinta
4156 2083 4414 2165 palmae
4429 2131 4446 2161 ‚
4490 2087 4550 2148 et

2595 2168 3012 2234 castrametati
3071 2173 3218 2233 sunt
3279 2168 3429 2234 illic.
3544 2168 3644 2234 10.
3714 2169 3804 2233 Et
3868 2167 4139 2252 profecti
4202 2188 4281 2234 ex
4344 2167 4548 2248 Elim,

2596 2254 3020 2319 castrametati
3096 2259 3242 2319 sunt
3304 2255 3486 2319 iuxta
3547 2274 3723 2322 mare
3789 2253 3983 2335 saph.
4096 2254 4130 2317 1
4144 2256 4198 2320 1.
4271 2253 4549 2338 Profecti

2597 2343 2801 2404 autem
2841 2360 2874 2404 e
2915 2339 3087 2403 mari
3123 2338 3317 2423 Suph,
3361 2341 3783 2407 castrametati
3822 2344 3969 2406 sumt
4008 2341 4082 2404 in
4121 2341 4359 2407 deserto
4404 2339 4545 2406 Sin.

2600 2424 2699 2489 12.
2759 2421 2850 2489 Et
2890 2423 3158 2507 profecti
3209 2446 3243 2491 e
3296 2425 3531 2492 deserto
3590 2425 3737 2505 Sin,
3792 2427 4212 2492 castrametati
4265 2430 4413 2492 sumt
4474 2428 4548 2492 in

2597 2509 2926 2595 Dophcah.
2996 2510 3096 2575 13.
3148 2509 3421 2594 Profecti
3454 2516 3661 2578 autem
3692 2534 3727 2578 e
3758 2510 4082 2593 Dophcah,
4124 2514 4551 2578 castrametati

2600 2601 2746 2662 sunt
2785 2597 2856 2660 in
2902 2595 3087 2661 Aeas.
3175 2595 3276 2661 14.
3322 2596 3411 2662 Et
3439 2598 3710 2681 profecti
3748 2618 3826 2663 ex
3867 2597 4044 2663 Alus
4060 2649 4075 2677 ,
4126 2599 4549 2665 castrametati

2601 2687 2749 2746 sunt
2799 2682 2869 2745 in
2919 2680 3294 2764 Rephidim,
3354 2683 3467 2748 ubi
3519 2704 3643 2749 non
3697 2687 3879 2750 erant
3929 2704 4136 2766 aquae
4181 2684 4418 2765 populo
4458 2685 4550 2750 ad

2601 2765 2944 2832 bibendum.
3016 2766 3112 2833 15.
3160 2767 3312 2834 Ideo
3343 2768 3610 2851 profecti
3650 2792 3683 2835 e
3728 2768 4083 2852 Rephidim,
4126 2772 4551 2837 castrametati

2600 2857 2746 2917 sunt
2785 2854 2857 2916 in
2912 2854 3151 2919 deserto
3198 2851 3403 2920 Sinai.
3496 2855 3595 2920 16.
3661 2854 3935 2937 Profecti
3985 2856 4196 2921 autem
4238 2876 4271 2920 e
4310 2856 4549 2922 deserto

2606 2928 2813 3019 Sinai,
2850 2941 3269 3005 castrametati
3300 2946 3450 3005 sunt
3481 2942 3553 3006 in
3576 2940 4255 3006 OibrotheHathaavah.
4325 2942 4424 3008 17.
4459 2939 4554 3007 Et

2588 3024 2859 3106 profecti
2915 3045 2992 3088 ex
3040 3023 3703 3092 Oibrotb-Hathaavab
3718 3077 3735 3108 ‚
3795 3028 4217 3093 castrametati
4272 3033 4420 3094 sunt
4473 3030 4550 3094 in

2603 3109 2937 3176 Haseroth.
3029 3111 3128 3176 18.
3175 3109 3265 3176 Et
3292 3113 3561 3195 profecti
3603 3114 3678 3178 de
3722 3113 4035 3179 Haseroth
4051 3162 4067 3192 ,
4124 3116 4551 3180 castrametati

2600 3199 2748 3259 sant
2810 3197 2882 3260 in
2940 3194 3260 3262 Rithmah.
3368 3198 3469 3263 19.
3541 3197 3818 3281 Profecti
3883 3219 4027 3265 vero
4089 3199 4167 3265 de
4223 3199 4546 3280 Rithmah,

2600 3282 3018 3346 castrametati
3060 3287 3206 3349 sunt
3246 3285 3319 3348 in
3362 3283 3660 3349 Rimmon
3706 3283 3917 3350 Percs.
4006 3284 4109 3350 20.
4156 3284 4245 3351 Et
4287 3286 4550 3369 profecti

2599 3386 2632 3431 e
2713 3365 3015 3432 Rimmon
3093 3366 3287 3435 Peres
3310 3420 3325 3447 ‚
3412 3371 3835 3436 castrametati
3908 3375 4058 3437 sunt
4131 3373 4204 3436 in
4276 3372 4545 3437 Libnah.

2600 3452 2703 3517 21.
2746 3450 3017 3535 Profecti
3035 3475 3180 3519 vero
3207 3475 3240 3519 e
3264 3454 3530 3537 Libnah,
3565 3457 3988 3523 castrametati
4021 3459 4259 3523 suntin
4281 3457 4545 3524 Rissah.

2599 3538 2702 3603 22.
2741 3537 2831 3604 Et
2860 3538 3134 3621 profecti
3167 3560 3200 3603 e
3224 3540 3482 3619 Rissak,
3519 3543 3942 3609 castrametati
3976 3548 4123 3607 sunt
4153 3543 4223 3608 in
4249 3542 4545 3610 Ceheloth.

2598 3623 2702 3688 23.
2747 3621 3020 3707 Profecti
3052 3625 3195 3691 item
3230 3647 3261 3691 e
3287 3625 3577 3707 Ceheloth,
3615 3630 4037 3694 castrametati
4069 3634 4213 3694 sunt
4243 3630 4313 3695 in
4347 3634 4547 3696 monte

2603 3708 2849 3792 Sepher.
2940 3709 3043 3776 24.
3094 3709 3368 3794 Profecti
3408 3732 3645 3796 quoque
3686 3735 3719 3779 e
3759 3720 3960 3779 monte
4007 3713 4259 3798 Sepher,
4302 3722 4544 3782 castra-

2596 3796 2809 3860 metati
2847 3800 2996 3860 sunt
3036 3797 3105 3861 in
3152 3796 3486 3863 Haradah.
3573 3797 3676 3864 25.
3722 3798 3812 3864 Et
3838 3799 4107 3882 profecti
4148 3806 4294 3868 sunt
4333 3823 4365 3867 e
4408 3802 4548 3867 Ha·

2594 3880 2800 3946 radah
2814 3931 2828 3958 ,
2898 3886 2955 3946 et
3012 3885 3432 3949 castrametati
3484 3890 3633 3950 sunt
3693 3886 3763 3951 in
3819 3883 4187 3953 Macheloth.
4288 3888 4390 3954 26.
4454 3888 4547 3954 Et

2585 3966 2855 4049 profecti
2915 3987 2948 4031 e
2993 3967 3340 4034 Macheloth
3356 4016 3372 4046 ,
3429 3973 3857 4037 castrametati
3909 3978 4059 4038 sunt
4110 3974 4183 4040 in
4230 3974 4543 4041 Thahath.

2595 4053 2698 4117 27.
2759 4051 3031 4135 Profecti
3087 4059 3292 4120 autem
3345 4076 3377 4121 e
3426 4056 3715 4121 Thahath
3731 4108 3746 4135 ‚
3802 4060 4218 4125 castrametati
4273 4066 4421 4126 sunt
4470 4062 4546 4126 in

2601 4138 2877 4203 Tharah.
2968 4138 3070 4205 28.
3122 4138 3395 4223 Profecti
3436 4162 3671 4224 quoque
3710 4164 3744 4209 e
3793 4144 4080 4224 Tharab,
4121 4147 4546 4213 castrametati

2592 4230 2737 4289 sunt
2769 4225 2842 4288 in
2876 4222 3183 4291 Micbeah.
3251 4226 3353 4293 29.
3403 4226 3673 4310 Pr0fecti
3711 4230 3857 4294 item
3891 4250 3922 4294 e
3958 4229 4265 4311 Micheah,
4306 4238 4544 4299 castra·

2595 4310 2809 4374 metati
2865 4317 3012 4376 sunt
3064 4312 3133 4375 in
3177 4311 3565 4380 Hasmonah.
3652 4314 3757 4382 30.
3816 4314 3904 4380 Et
3948 4316 4217 4400 profecti
4267 4325 4416 4383 sunt
4465 4319 4546 4385 de

2599 4394 2987 4476 Hasmonah,
3031 4401 3086 4460 et
3122 4400 3545 4464 castrametati
3583 4406 3730 4466 sunt
3770 4402 3842 4467 in
3884 4400 4215 4471 Moseroth.
4305 4404 4407 4470 31.
4454 4403 4547 4470 Et

2581 4481 2852 4564 profecti
2882 4483 2958 4548 de
2993 4481 3318 4564 Moseroth,
3361 4487 3780 4553 castrametati
3819 4493 3966 4553 sunt
3998 4490 4070 4554 in
4090 4488 4540 4557 Bene-iaacan.

2594 4567 2700 4631 32.
2751 4565 3140 4651 Profectique
3182 4590 3215 4633 e
3257 4569 3693 4639 Bene-iaacan
3713 4623 3728 4652 ,
3794 4576 4215 4641 castrametati
4266 4583 4414 4642 sunt
4466 4577 4544 4643 in

2593 4652 2735 4716 Hor
2781 4652 3033 4737 Gityad.
3123 4653 3224 4721 33.
3269 4655 3359 4721 Et
3390 4658 3657 4739 profecti
3697 4659 3773 4724 de
3816 4659 3961 4724 Hor
4007 4660 4261 4745 Gilyad‚
4302 4668 4544 4730 castra·

2592 4739 2803 4803 metati
2836 4743 2982 4804 sunt
3014 4741 3085 4804 in
3107 4739 3453 4808 Iotbathah.
3520 4743 3622 4809 34.
3669 4744 3758 4810 Et
3788 4745 4058 4828 profecti
4090 4748 4165 4812 de
4186 4745 4540 4831 Iotbathah,

2594 4826 3017 4891 castrametati
3058 4832 3204 4891 sunt
3244 4828 3313 4892 in
3356 4827 3676 4895 Abronah.
3756 4829 3862 4895 35.
3922 4829 4200 4915 Profecti
4253 4855 4401 4900 vero
4456 4856 4542 4901 ex

2594 4907 2893 5009 Abronab
2908 4961 2925 4989 ,
2978 4914 3397 4979 castrametati
3450 4921 3600 4981 sunt
3651 4917 3720 4980 in
3764 4915 4199 5002 Esica-qaber.
4286 4920 4389 4986 36.
4447 4920 4542 4986 Et

2585 4993 2849 5078 profecti
2903 5016 2981 5061 eoe
3023 4994 3469 5082 Esion-yaber,
3527 5004 3949 5068 castramentti
4000 5010 4150 5069 sunt
4192 5006 4260 5070 in
4299 5007 4541 5074 deserto

2601 5078 2753 5159 Sin,
2797 5082 2960 5163 quod
3002 5087 3093 5149 est
3137 5081 3358 5151 Gades.
3445 5086 3549 5153 37.
3609 5087 3699 5152 Et
3738 5087 4004 5170 profecti
4046 5095 4196 5155 sunt
4235 5111 4268 5157 e
4315 5091 4536 5173 Gades,

2594 5170 2650 5231 et
2690 5171 3428 5237 castramentatisuntin
3470 5172 3611 5238 Hor
3656 5179 3867 5255 monte,
3911 5175 3984 5240 in
4024 5180 4292 5244 extremo
4332 5184 4540 5246 terrae

2595 5250 2818 5318 Edem
2908 5253 3009 5318 38.
3054 5255 3359 5322 Ascendit
3399 5262 3604 5324 autem
3647 5259 3912 5325 Ahwron
3952 5263 4243 5329 sacerdos
4280 5265 4351 5329 in
4393 5264 4540 5331 Hor

2593 5341 2854 5404 montem
2892 5340 3074 5406 iuxta
3112 5362 3448 5408 sermonem
3493 5343 3777 5426 Iehovae,
3822 5351 3879 5411 et
3918 5352 4200 5415 mortuus
4236 5356 4328 5417 est
4366 5371 4538 5418 anno
