5017 6142
470 439 596 508 225

551 638 677 696 rat.
747 627 941 713 Quod
989 643 1208 701 autem
1244 637 1678 705 sanctificatas
1726 658 1870 705 esse
1906 637 2082 719 dicit,
2132 640 2398 723 quidam

467 723 562 781 ita
603 729 960 800 exponunt,
1005 720 1187 788 nefas
1220 743 1363 789 esse
1405 723 1745 791 transferri
1778 724 1850 789 in
1896 745 2053 792 usus
2075 725 2398 808 profanos,

466 802 618 886 quia
665 803 867 869 semel
911 803 1273 873 destinatae
1314 807 1561 875 fuerint
1603 808 1685 875 ad
1743 808 1874 875 Dei
1907 810 2174 877 cultum.
2264 811 2402 877 Ma-

462 887 568 972 gis
602 896 821 954 tamen
857 891 1158 958 existimo
1200 902 1489 960 sacratas
1529 895 1730 961 fuisse
1774 902 2084 979 tanquam
2129 895 2400 964 anathe-

466 981 660 1039 mata.
742 973 974 1059 Itaque
1028 976 1206 1062 ignis
1248 979 1362 1062 qui
1405 981 1748 1063 impositus
1792 980 1930 1048 illis
1970 980 2206 1063 fuerat,
2251 1001 2400 1065 pro-

462 1058 571 1124 cul
651 1061 986 1144 spargitur
1060 1070 1138 1128 ut
1213 1064 1705 1148 inquinamento
1782 1074 2102 1151 purgetur
2173 1066 2398 1134 altare.

464 1141 786 1224 Quamvis
817 1155 1035 1214 autem
1072 1146 1298 1215 eadem
1327 1157 1500 1217 esset
1542 1151 1615 1217 in
1647 1152 1888 1218 acerris
1928 1151 2221 1236 pollutio,
2257 1154 2403 1221 vult

465 1236 688 1295 tamen
711 1229 894 1297 Deus
925 1232 1362 1301 anathematis
1405 1236 1544 1302 loco
1588 1238 1857 1318 servari,
1899 1244 1978 1303 ut
2008 1244 2148 1304 tota
2188 1245 2402 1322 poste-

464 1313 630 1381 ritas
682 1314 1011 1402 intelligat
1064 1340 1195 1385 non
1239 1320 1403 1387 alios
1436 1342 1633 1405 quam
1668 1321 2035 1390 sacerdotes
2077 1322 2160 1389 ad
2205 1325 2399 1390 sacri-

467 1400 617 1467 ficia
685 1397 961 1469 admitti.
1060 1404 1201 1472 Nec
1257 1426 1738 1489 supervacuum
1797 1418 1900 1475 est
1948 1407 2118 1493 quod
2175 1409 2400 1475 faotio-

462 1506 571 1552 sos
606 1486 764 1554 dicit
806 1489 1121 1556 scelerate
1163 1490 1373 1576 egisse
1406 1492 1476 1557 in
1511 1493 1763 1560 animas
1803 1513 1991 1560 suas:
2037 1503 2115 1560 ut
2157 1514 2400 1560 memo-

463 1572 565 1636 ria
585 1592 834 1656 poenae
857 1573 1161 1642 claustris
1182 1576 1315 1644 illis
1337 1578 1560 1644 aeneis
1582 1577 2055 1663 quodammodo
2071 1578 2401 1663 insculpta

459 1658 549 1729 sit
593 1657 673 1723 ad
717 1660 1208 1744 propagandum
1253 1669 1589 1730 terrorem.

632 1742 737 1812 40.
797 1743 1167 1813 Memoriale
1213 1746 1374 1828 filiis
1428 1746 1651 1817 Israel.
1739 1748 1991 1815 Iterum
2056 1750 2402 1816 confirmat

462 1828 573 1895 hic
613 1829 790 1896 locus
834 1831 1006 1915 quod
1040 1853 1251 1916 nuper
1290 1830 1447 1912 dixi,
1490 1832 1731 1901 iudicia
1751 1833 1879 1900 Dei
1918 1855 2082 1918 quae
2125 1833 2401 1902 saeculis

460 1914 764 1981 omnibus
808 1917 1028 2001 vigere
1073 1916 1448 1999 debuerant,
1480 1920 1707 1986 statim
1743 1920 2042 1987 excidere
2077 1939 2153 1986 ac
2195 1918 2399 1986 deleri

458 2020 547 2065 ex
603 1998 901 2071 cordibus
946 2002 1317 2084 hominum,
1381 2005 1509 2070 nisi
1552 2004 1965 2072 adminiculis
2007 2004 2396 2090 quibusdam

458 2092 888 2153 exerceantur
942 2089 1010 2154 in
1059 2110 1283 2155 eorum
1329 2089 1773 2158 meditatione.
1856 2090 1930 2157 ld
1967 2099 2187 2157 autem
2230 2091 2396 2158 acci·

460 2166 560 2235 dit
618 2192 748 2237 non
815 2182 953 2239 tam
1008 2173 1271 2240 inscitia
1324 2195 1521 2259 quam
1582 2176 1901 2262 neglectu.
1992 2176 2143 2259 Quo
2186 2176 2398 2261 magis

444 2264 745 2323 attentos
789 2279 934 2325 esse
977 2280 1094 2327 nos
1141 2258 1324 2328 decet
1370 2261 1455 2328 ad
1488 2262 1842 2328 memoriae
1884 2262 2190 2342 subsidia,
2231 2282 2397 2347 quae

459 2360 580 2408 nos
622 2341 691 2407 in
727 2344 941 2411 officio
976 2345 1374 2412 contineant.

978 2685 1111 2752 Ex
1152 2660 1483 2753 sensu
1526 2685 1880 2754 offrre

629 2856 710 2922 41
733 2854 800 2943 ¹).
846 2854 932 2921 Et
965 2861 1519 2923 murmuraverunt
1536 2858 1869 2924 maerens
1901 2866 2099 2927 coetus
2112 2859 2394 2941 filioram

455 2942 669 3009 Israel
689 2941 999 3025 postridie
1029 2947 1247 3008 contra
1282 2940 1503 3010 Mosen
1534 2948 1591 3009 et
1623 2943 1901 3023 Alimon,
1936 2946 2223 3012 dicendo:
2270 2946 2394 3013 Vos

452 3027 852 3109 iontevfeeiebis
883 3027 1190 3111 populum
1232 3026 1513 3095 Iehovae.
1601 3029 1705 3095 42.
1756 3028 1910 3096 fuit
1954 3037 2161 3098 autem
2200 3052 2394 3115 qmom

452 3133 522 3180 se
564 3118 950 3197 conareqaret
982 3114 1315 3180 miiversus
1354 3118 1558 3180 coetus
1597 3120 1811 3182 eontra
1853 3114 2078 3183 Mosen
2118 3122 2175 3182 et
2214 3117 2392 3184 Aha-

450 3219 602 3279 ron,
658 3203 965 3265 verterant
1023 3198 1249 3281 faciem
1303 3199 1389 3266 ad
1443 3198 1910 3268 tabernaculam
1961 3204 2391 3282 conventionis,

449 3290 510 3351 et
562 3284 969 3366 ecceoperuit
1024 3283 1432 3366 illudnubes,
1474 3288 2391 3373 etemtspedaestqloriale·

450 3370 664 3436 hovae.
737 3368 842 3434 43.
903 3369 1086 3436 Venit
1121 3389 1262 3456 erqo
1306 3368 1518 3438 Moses
1558 3377 1615 3438 et
1647 3372 1910 3437 Aharon
1948 3393 2161 3440 coram
2200 3373 2394 3442 taber-

450 3455 675 3523 naculo
726 3455 1153 3535 conventionis
1259 3456 1364 3523 44.
1412 3456 1503 3521 Et
1548 3457 1838 3540 loquutus
1879 3464 1969 3523 est
2019 3456 2250 3525 Iehova
2304 3461 2392 3527 ad

454 3540 699 3624 Mosen,
742 3540 998 3608 dicendo
1013 3565 1033 3606 .·
1118 3540 1223 3609 45.
1271 3541 1553 3609 Recedite
1592 3563 1624 3608 e
1665 3543 1866 3609 medio
1908 3546 2395 3629 conyreqationis

448 3625 649 3693 huius
670 3677 687 3706 ,
752 3631 807 3692 et
847 3646 1205 3694 emi-sumam
1247 3648 1349 3694 eos
1390 3634 1702 3694 nwmento.
1799 3628 1973 3695 Tune
2004 3631 2396 3713 proiecerant

448 3732 523 3779 se
544 3732 734 3794 super
758 3712 987 3795 faeiem
1019 3733 1223 3780 suam.
1284 3713 1389 3779 46.
1427 3712 1733 3797 Dixitque
1755 3713 1967 3781 Moses
1990 3717 2077 3781 ad
2098 3715 2393 3782 Aharon:

459 3797 632 3879 cape
686 3818 996 3878 acerram,
1051 3801 2391 3884 siponeineaiqnemeoealtari,etin-

448 3884 573 3949 iice
604 3884 909 3967 suffitum,
951 3890 1008 3951 et
1022 3904 1212 3971 perqe
1241 3886 1360 3953 cito
1400 3884 1486 3951 ad
1525 3886 2060 3971 congregationem,
2103 3893 2161 3953 et
2201 3888 2391 3971 expia

450 3989 586 4036 eos.-
638 3989 919 4053 eqressus
970 3975 1059 4036 est
1113 3972 1279 4037 enim
1324 3970 1508 4053 farm·
1554 3992 1598 4038 a
1636 3971 1804 4054 facie
1849 3971 2131 4054 Iehovae,
2174 3975 2392 4055 coepit-

450 4075 569 4137 que
600 4056 941 4137 percussio.
1029 4056 1112 4121 47
1120 4107 1133 4121 .
1177 4057 1353 4123 Tulit
1392 4077 1535 4141 erqo
1576 4056 1843 4124 Aharon
1884 4059 2391 4141 quemodmodum

450 4140 704 4206 dixerat
742 4139 983 4220 Mosae,
1031 4147 1089 4208 et
1139 4142 1412 4209 accurrit
1448 4144 1522 4208 in
1562 4144 1836 4210 medium
1877 4146 2360 4229 conqreqationis
2373 4170 2392 4209 .-

447 4231 509 4291 et
540 4246 667 4293 ecee
695 4227 1006 4309 inceperat
1049 4228 1373 4311 percussio
1413 4229 1485 4294 in
1519 4229 1755 4311 pqndo
1771 4281 1788 4309 ,
1828 4230 2165 4312 posuitque
2212 4229 2392 4313 saffia-

449 4316 585 4376 tum
636 4316 692 4377 et
749 4312 1032 4393 expiavit
1073 4314 1397 4397 populum.
1485 4314 1590 4381 48.
1632 4313 1723 4380 Et
1761 4335 1953 4398 qaum
1995 4320 2190 4382 staret
2231 4317 2392 4382 inter

448 4403 722 4462 mortuos
764 4403 820 4463 et
864 4399 1157 4479 viventes,
1213 4400 1474 4466 cessavit
1517 4402 1860 4482 percussio.
1947 4400 2049 4466 49.
2105 4400 2394 4468 Fuerunt

448 4487 661 4548 autem
713 4484 826 4566 qai
876 4485 1105 4550 mortui
1154 4490 1305 4552 sunt
1335 4486 1536 4569 playa
1577 4486 1711 4566 illa,
1746 4485 2212 4569 quatuordecim
2252 4487 2391 4553 mil-

444 4567 543 4633 lia
586 4574 642 4635 et
681 4570 1047 4654 septimenti
1072 4576 1323 4649 praeter
1352 4575 1628 4637 mortuos
1658 4591 1848 4654 saper
1888 4572 2125 4656 neqotio
2166 4571 2388 4641 Corah.

447 4654 555 4719 50.
606 4653 832 4721 Postea
867 4675 1149 4721 reversas
1201 4662 1292 4721 est
1331 4655 1597 4722 Ahar-on
1638 4657 1725 4722 ad
1769 4655 1993 4723 Mosen
2033 4658 2118 4722 ad
2160 4660 2392 4725 ostium

446 4740 836 4892 Ξιέῗένηαοαῐί
894 4742 1306 4808 conventionis
1320 4793 1334 4822 ,
1401 4762 1595 4824 quam
1640 4745 1970 4824 percussio
1995 4759 2000 4763 ·
2023 4749 2179 4809 esset
2228 4743 2389 4812 cohi-

627 4999 731 5065 41.
799 4998 886 5064 Et
939 5005 1507 5067 murmuraverunt.
1595 4999 1779 5066 Haec
1843 5020 1997 5065 vero
2062 4998 2393 5070 dementia

445 5084 727 5167 quodvis
760 5095 1137 5171 portentum
1183 5095 1465 5169 superat.
1545 5085 1872 5151 Fumabat
1914 5084 2127 5155 adhuc
2168 5089 2390 5156 incen-

446 5169 633 5234 dium
688 5171 760 5236 in
804 5193 932 5256 quo
992 5171 1172 5238 Deus
1229 5171 1681 5240 formidolosus
1740 5172 2083 5256 superbiae
2143 5175 2387 5241 vindex

623 5359 682 5429 1)
716 5361 880 5415 sehr.
918 5359 1001 5425 17,
1037 5359 1222 5415 6—15.

648 5444 867 5502 cavom·
897 5458 1084 5516 opera.
1161 5444 1282 5502 voz.
1310 5443 1428 5502 xx
1439 5447 1502 5503 V.

1888 449 2294 520 REDITUS
2334 452 2465 519 AD
2508 450 3056 525 HISTORIAM.

4312 456 4442 531 226

2500 649 2921 725 apparuerat:
2982 642 3256 711 debebat
3297 647 3434 714 fere
3475 646 3689 714 adhuc
3733 653 3884 714 ante
3927 648 4149 716 oculos
4187 653 4435 717 versari

2499 736 2716 793 terrae
2768 727 2987 796 hiatus
3044 750 3167 814 quo
3227 732 3515 816 absorpti
3560 731 3826 799 fuerant
3865 734 4162 801 factionis
4204 735 4401 803 duces
4414 750 4440 800 ε·

2497 813 2766 878 conflari
2826 814 3106 881 laminas
3159 816 3444 883 iusserat
3489 818 3673 884 Deus
3727 838 3896 902 quae
3941 820 4167 887 multis
4208 831 4433 905 postea

2499 898 2775 965 saeculis
2839 920 3141 966 severum
3217 901 3383 967 illud
3452 902 3769 970 iudicium
3826 914 4434 988 repraesentarent:

2499 1002 2727 1050 omnes
2783 1003 2902 1051 suo
2961 1005 3204 1069 pavore
3257 999 3325 1053 et
3367 987 3619 1071 trepida
3660 988 3816 1073 fuga
3858 990 4134 1058 confessi
4168 990 4435 1058 fuerant

2496 1068 2857 1152 periculum
2907 1090 3049 1137 esse
3094 1091 3179 1137 ne
3235 1071 3557 1140 similibus
3603 1074 3826 1156 poenis
3868 1074 3990 1158 ipsi
4035 1096 4288 1160 quoque
4329 1098 4430 1144 es-

2498 1162 2649 1219 sent
2701 1154 3000 1223 obnoxii:
3049 1167 3245 1240 atque
3299 1157 3641 1241 postridie,
3685 1159 3868 1244 quasi
3942 1160 4161 1226 Deum
4218 1160 4431 1231 adhuc

2498 1250 2822 1305 armatum
2883 1260 2964 1306 ex
3008 1243 3295 1325 professo
3339 1243 3654 1310 lacessere
3696 1245 3961 1323 vellent,
4002 1247 4251 1312 crimen
4285 1267 4430 1314 cae-

2498 1323 2599 1390 dis
2643 1324 2887 1392 sanctis
2935 1325 3062 1392 Dei
3098 1327 3307 1394 servis
3349 1328 3686 1414 obiiciunt,
3724 1330 3835 1414 qui
3880 1330 4157 1415 digitum
4202 1339 4430 1402 contra

2498 1408 2726 1476 hostes
2767 1430 2920 1477 suos
2939 1432 3273 1495 nunquam
3313 1414 3728 1480 sustulerant.
3797 1414 4037 1482 Fuitne
4065 1416 4135 1480 in
4159 1415 4429 1483 arbitrio

2500 1494 2707 1560 Mosis
2742 1506 2953 1561 terrae
2988 1499 3359 1581 praecipere
3407 1509 3482 1564 ut
3515 1499 3876 1566 dehisceret
3892 1500 3925 1564 ⁴?
3984 1502 4277 1584 potuitne
4312 1522 4430 1568 suo

2498 1580 2773 1664 imperio
2828 1581 3051 1665 ignem
3105 1583 3337 1649 elicere
3381 1604 3418 1648 e
3472 1584 3712 1650 coelis?
3801 1585 4024 1666 Quum
4078 1606 4234 1671 ergo
4291 1596 4428 1652 tam

2498 1665 2767 1731 chasma
2798 1686 2993 1750 quam
3025 1667 3404 1734 incendium
3435 1669 3611 1735 clara
3647 1670 4016 1737 testimonia
4055 1680 4272 1738 essent
4315 1672 4430 1737 ad-

2499 1750 2818 1816 mirabilis
2855 1749 2982 1817 Dei
3015 1753 3363 1836 potentiae,
3399 1774 3517 1819 cur
3546 1774 3679 1821 non
3721 1757 4011 1839 cogitant
4044 1757 4276 1823 furiosi
4314 1757 4428 1823 isti

2495 1844 2724 1902 contra
2758 1836 2977 1919 ipsum
3009 1838 3274 1903 exitiale
3307 1858 3377 1904 se
3410 1839 3654 1906 bellum
3688 1840 4055 1925 suscipere?
4094 1840 4427 1922 Quorsum

2497 1922 2675 1988 enim
2718 1922 3107 1988 inusitatum
3150 1922 3313 1989 illud
3358 1944 3600 2006 poenae
3641 1945 3869 2009 genus,
3912 1927 4043 1992 nisi
4076 1934 4151 1991 ut
4178 1936 4427 2010 perter-

2499 2007 2609 2072 riti
2665 2005 2991 2074 discerent
3055 2029 3126 2073 se
3181 2007 3527 2076 humiliare
3584 2011 3708 2076 sub
3753 2012 3881 2076 Dei
3925 2011 4169 2078 manu?
4226 2012 4435 2095 Atqui

2496 2092 2654 2159 hinc
2711 2093 2917 2159 maior
2966 2092 3315 2160 ferociendi
3370 2094 3674 2160 audacia:
3726 2095 3910 2179 quasi
3973 2096 4214 2163 vellent
4258 2097 4435 2162 ultra

2496 2198 2647 2244 cum
2681 2177 2899 2262 impiis
2942 2180 3177 2262 perire,
3221 2200 3501 2264 quorum
3541 2199 3820 2263 poenam
3865 2203 4072 2265 nuper
4111 2182 4432 2248 exhorru-

2493 2271 2706 2331 erant.
2797 2264 3163 2347 Dupliciter
3218 2274 3439 2330 autem
3498 2265 3852 2331 amentiam
3897 2289 4083 2333 suam
4123 2268 4429 2352 produnt,

2496 2347 2672 2431 quod
2729 2348 2961 2414 Mosen
3028 2358 3092 2416 et
3155 2350 3423 2416 Aharon
3458 2351 3869 2416 substituunt
3910 2372 4055 2418 reos
4097 2354 4169 2418 in
4212 2353 4428 2420 locum

2494 2433 2643 2512 Dei,
2686 2441 2752 2500 et
2839 2432 3057 2500 utrida
3101 2435 3410 2513 membra,
3455 2437 3638 2519 quasi
3680 2435 3890 2502 invito
3933 2438 4094 2517 Deo,
4138 2439 4436 2504 sanctifi-

2494 2528 2667 2586 cant.
2823 2541 2980 2587 osen
3040 2526 3108 2586 et
3151 2521 3425 2586 Aharon
3469 2529 3781 2587 accusant
3837 2521 4068 2601 caedis,
4133 2525 4319 2589 cuius
4362 2544 4433 2590 se

2496 2612 2789 2671 autorem
2846 2604 3064 2689 palam
3108 2603 3480 2672 ostenderat
3521 2605 3722 2685 Deus,
3767 2614 3833 2672 et
3875 2607 4002 2690 ipsi
4045 2609 4288 2674 sentire
4327 2628 4431 2673 co-

2496 2692 2627 2757 acti
2666 2691 2946 2757 fuerant.
3033 2689 3168 2758 Sed
3208 2692 3302 2756 ita
3336 2691 3582 2758 scilicet
3625 2691 3707 2757 ad
3751 2712 3947 2777 opera
3991 2693 4117 2758 Dei
4159 2693 4437 2759 caecuti-

2496 2785 2620 2841 unt
2672 2774 2963 2861 reprobi,
3013 2785 3087 2842 ut
3128 2777 3270 2842 eius
3313 2776 3518 2861 gloria
3559 2776 3768 2862 magis
3812 2798 3921 2844 eos
3961 2777 4433 2861 obstupefaciat

2494 2881 2692 2945 quam
2750 2862 2988 2928 excitet
3043 2862 3118 2927 in
3175 2862 3671 2929 admirationem
3729 2864 3848 2929 sui.
3950 2863 4221 2930 Accedit
4325 2863 4433 2928 lus

2494 2966 2690 3031 quam
2728 2945 2917 3013 foeda
2948 2947 3378 3032 ingratitudo:
3433 2948 3584 3032 quia
3631 2969 3759 3015 non
3805 2956 4114 3031 reputant
4159 2948 4272 3013 vix
4319 2969 4429 3014 um

2495 3032 2752 3117 elapsas
2815 3053 2959 3100 esse
3013 3053 3256 3116 paucas
3299 3035 3496 3100 horas
3554 3055 3640 3100 ex
3693 3054 3820 3117 quo
3864 3034 4069 3101 Mosis
4125 3031 4428 3118 depreca-

2494 3118 2670 3184 fione
2708 3119 2971 3185 servati.
2994 3119 3257 3185 fuerant
3299 3140 3338 3183 a
3381 3120 3709 3202 praesenti
3753 3120 4046 3186 interitu.
4113 3118 4213 3184 Ita
4252 3138 4430 3183 mor-

2493 3212 2631 3269 tem
2683 3224 3038 3287 paucorum
3080 3204 3303 3270 ulcisci
3347 3204 3642 3271 volentes
3658 3255 3674 3282 ,
3716 3205 4167 3271 interfectores
4208 3203 4433 3288 populi

2493 3288 2624 3355 Dei
2646 3290 2992 3355 nominant
3012 3289 3246 3373 quibus
3267 3299 3597 3372 acceptam
3633 3289 3806 3355 ferre
3839 3288 4106 3358 decebat
4138 3291 4432 3357 omnium

2495 3374 2789 3441 salutem.
2876 3373 3021 3441 Iam
3080 3394 3236 3441 vero
3280 3384 3564 3458 quantae
3598 3377 4006 3459 arrogantiae
4048 3384 4166 3455 est,
4211 3394 4432 3459 repro·

2494 3460 2594 3527 bis
2629 3460 2843 3525 locum
2880 3458 3034 3524 dare
3067 3460 3139 3524 in
3172 3459 3410 3544 populo
3428 3460 3553 3526 Dei
3591 3461 3773 3544 quasi
3808 3480 3886 3526 eo
3905 3462 4132 3540 invito,
4161 3461 4428 3544 quinon

2493 3553 2749 3611 tantum
2784 3544 2933 3611 illos
2968 3545 3384 3612 abdicaverat
3415 3566 3456 3611 a
3488 3566 3607 3611 sua
3640 3546 3926 3626 ecclesia,
3961 3544 4075 3612 sed
4110 3567 4148 3611 e
4187 3545 4430 3611 mundo

2493 3638 2561 3696 et
2619 3629 2960 3697 hominum
3020 3651 3293 3697 numero
3346 3630 3854 3716 profligaverat?
3918 3629 4050 3698 Sed
4108 3632 4202 3695 ita
4246 3630 4428 3714 impii

2498 3718 2626 3783 Dei
2652 3716 2839 3784 donis
2863 3724 3091 3784 contra
3130 3718 3345 3801 ipsum
3380 3717 3812 3784 insolescunt:
3845 3717 4234 3801 praesertim
4268 3735 4429 3781 vero

2489 3802 2796 3869 inanibus
2841 3798 3072 3882 titulis',
3136 3812 3201 3868 et
3266 3804 3558 3868 externis
3600 3803 3804 3889 signis
3848 3814 4161 3887 tanquam
4204 3801 4427 3881 larvis,

2490 3889 2635 3954 Deo
2679 3887 2957 3954 illudere
3000 3909 3132 3953 non
3174 3886 3495 3954 dubitant.

2661 3973 2763 4042 42.
2805 3972 2960 4041 Fuit
2994 3979 3201 4039 autem
3233 3994 3428 4057 quum
3459 3994 3523 4039 ee
3557 3977 3957 4058 conqreqaret.
4023 3971 4216 4054 Quod
4251 3971 4423 4037 nube

2490 4056 2744 4125 obiecta
2782 4061 3061 4143 protecti
3105 4068 3262 4125 sunt
3285 4060 3506 4125 Moses
3541 4069 3606 4124 et
3628 4058 3917 4136 Aharon,
3962 4058 4116 4123 inde
4159 4057 4411 4141 colligi-

2490 4153 2603 4210 tur
2673 4167 2873 4230 quam
2935 4144 3347 4211 indomabilis
3399 4143 3596 4209 fuerit
3656 4144 3881 4228 populi
3935 4142 4170 4209 rabies.
4269 4143 4416 4210 Etsi

2491 4232 2668 4297 enim
2722 4238 2984 4297 tantum
3045 4232 3115 4297 in
3171 4230 3589 4297 tabernaculo
3644 4229 3827 4294 stetit
3871 4229 3995 4293 Dei
4043 4228 4280 4313 gloria:
4342 4237 4421 4294 ut

2490 4316 2706 4382 adhuc
2760 4314 2842 4381 ad
2884 4315 3349 4401 lapidationem
3366 4365 3382 4395 ,
3440 4315 3723 4398 aliosque
3768 4313 4088 4381 violentos
4136 4315 4420 4398 impetus

2489 4402 2766 4485 expositi
2824 4411 3044 4468 essent
3087 4401 3305 4467 Moses
3363 4409 3429 4466 et
3487 4402 3796 4465 Aharon:
3853 4401 3946 4468 sic
4011 4407 4231 4465 tamen
4273 4419 4421 4482 per-

2489 4489 2762 4553 strinxit
2802 4488 3148 4571 impiorum
3185 4486 3421 4565 oculos,
3482 4507 3567 4551 ne
3609 4496 3866 4554 sanctos
3908 4485 4083 4551 viros
4140 4485 4421 4569 attinge-

2490 4582 2656 4640 rent.
2723 4573 2863 4641 Nec
2898 4572 3161 4639 dubium
3207 4582 3306 4639 est
3348 4574 3507 4656 quin
3549 4570 3695 4638 ideo
3738 4593 3809 4637 se
3851 4570 4296 4638 converterint
4335 4568 4420 4634 ad

2491 4658 2957 4737 sanctuarium,
3003 4659 3153 4742 quia
3190 4658 3262 4723 in
3296 4658 3530 4724 ultimo
3552 4657 3925 4724 discrimine
3959 4677 4105 4740 spes
4141 4675 4274 4720 una
4295 4674 4425 4720 res-

2492 4744 2675 4811 tabat
2729 4746 2801 4810 in
2862 4745 2986 4809 Dei
3031 4744 3292 4810 auxilio.
3370 4745 3552 4827 Ergo
3597 4765 3797 4827 quum
3852 4740 3933 4808 ad
3970 4761 4228 4809 sacrum
4271 4760 4422 4825 asy-

2490 4829 2628 4897 lum
2673 4831 3128 4914 confugerent,
3172 4829 3354 4895 Deus
3389 4829 3511 4895 sub
3548 4831 3847 4894 umbram
3882 4827 4135 4892 alarum
4171 4844 4280 4890 eos
4321 4845 4425 4890 re·

2490 4916 2683 5000 cepit.
2751 4914 2898 4996 Quo
2928 4925 3202 4981 testatus
3237 4927 3336 4981 est
3379 4937 3448 4982 se
3486 4935 3820 4998 nunquam
3864 4932 4129 4978 suorum
4165 4916 4321 4975 vota
4355 4919 4425 4978 et

2489 5023 2673 5086 spem
2730 5002 3059 5081 frustrari,
3128 5000 3243 5068 sed
3312 5020 3675 5077 occurrere,
3745 5000 3993 5082 quoties
4062 4999 4422 5063 invocatur.

2487 5088 2660 5154 Nam
2715 5088 2839 5153 etsi
2893 5085 3084 5154 hodie
3141 5088 3208 5152 in
3256 5096 3514 5153 terreno
3574 5086 3896 5151 domicilio
3955 5103 4084 5147 non
4130 5089 4420 5165 apparet,

2488 5194 2690 5258 prope
2746 5182 2963 5239 tamen
3018 5181 3122 5238 est
3177 5172 3476 5238 omnibus
3532 5172 3640 5254 qui
3682 5188 3836 5243 suas
3878 5168 3948 5232 in
3992 5187 4144 5233 eum
4186 5166 4425 5233 sollici-

2488 5256 2746 5325 tudines
2796 5258 3161 5326 coniiciunt.
3260 5258 3441 5324 Fieri
3486 5255 3746 5341 quidem
3793 5263 4005 5338 potest
4046 5262 4120 5318 ut
4156 5253 4423 5320 nonnisi

2482 5368 2529 5412 a
2573 5346 2757 5412 Mose
2812 5352 2879 5410 et
2922 5344 3194 5410 Aharon
3238 5344 3504 5429 signum
3548 5341 3792 5426 gloriae
3837 5340 3961 5405 Dei
4009 5348 4426 5423 conspectum
