5017 6142
660 461 791 527 319

1196 689 1327 758 EX
1367 687 1699 756 EODEM
1742 685 2091 754 CAPITE.

834 868 935 935 25.
982 865 1307 948 Loquutus
1327 860 1653 927 estdeinde
1682 858 1914 926 Ieliova
1935 858 2019 924 ad
2039 856 2289 924 Mosen:
2322 856 2614 922 dicendo.-

659 958 764 1023 26.
837 954 1004 1037 Cape
1037 968 1349 1016 summam
1384 946 1665 1027 praedae
1698 945 2102 1027 captivitatis,
2148 950 2279 1010 tam
2314 943 2388 1008 de
2421 942 2612 1006 homi-

661 1042 849 1109 nibus
907 1057 1101 1122 quam
1156 1035 1229 1101 de
1270 1034 1593 1108 iumentis,
1651 1035 1721 1095 tu
1764 1035 1819 1096 et
1862 1029 2141 1095 Eleazar
2182 1029 2468 1096 sacerdos
2484 1078 2499 1108 ,
2556 1033 2615 1092 et

1426 1251 1443 1286 ²

661 1300 747 1365 ad
758 1315 1060 1381 puynam,
1090 1298 1147 1359 et
1170 1294 1333 1358 inter
1350 1289 1712 1354 universam
1740 1289 2276 1371 conqreqationem.
2332 1286 2433 1351 28.
2464 1285 2608 1351 Tol-

665 1386 876 1467 lesque
915 1399 1163 1447 censum
1207 1376 1469 1442 leliovae
1500 1396 1543 1441 a
1584 1374 1744 1438 viris
1786 1371 2184 1439 bellatoribus
2224 1373 2335 1455 qui
2377 1371 2610 1455 cyressi

660 1477 807 1535 sunt
863 1468 949 1533 ad
1004 1464 1301 1532 militiam
1319 1512 1333 1541 ,
1400 1480 1596 1526 unam
1648 1460 1928 1524 animam
1969 1458 2045 1525 de
2086 1458 2439 1543 quinqentis
2455 1505 2470 1533 ‚
2533 1477 2611 1520 ex

660 1554 1043 1631 hominibus,
1085 1554 1141 1615 et
1182 1568 1259 1615 ea:
1302 1545 1514 1623 bobus,
1559 1550 1614 1610 et
1656 1564 1730 1610 ex
1773 1545 2012 1624 asinis,
2055 1550 2113 1610 et
2146 1565 2222 1609 ex
2245 1542 2605 1625 pecudibus,

661 1642 763 1707 29.
830 1639 931 1704 De
968 1636 1178 1702 media
1208 1636 1397 1717 parte
1428 1630 1682 1697 illorum
1725 1630 2011 1713 capietis.-
2047 1636 2106 1695 et
2145 1630 2375 1695 dabitis
2416 1626 2608 1693 Elea-

659 1746 812 1792 zaro
862 1722 1165 1789 sacerdoti
1217 1718 1577 1785 oblationem
1621 1715 1900 1782 lelzovae.
1989 1716 2094 1783 30.
2139 1715 2228 1780 Et
2280 1717 2357 1781 de
2398 1713 2607 1779 media

651 1817 838 1894 parte
876 1809 1156 1891 filiorum
1191 1802 1401 1869 Israel
1440 1803 1654 1884 capies
1684 1821 1881 1868 unam
1914 1803 2262 1885 portionem
2304 1821 2381 1866 ex
2424 1799 2608 1882 quin-

664 1897 967 1981 quaqinta
985 1944 1000 1974 ‚
1061 1912 1140 1957 ea:
1195 1887 1577 1966 hominibus,
1639 1908 1717 1954 ecc
1759 1886 1948 1953 bobus
1961 1939 1978 1968 ,
2035 1908 2112 1953 ex
2163 1887 2371 1953 asinis
2433 1889 2489 1949 et
2530 1905 2607 1950 ex

843 1979 1002 2057 ibus,
1037 1978 1106 2043 id
1140 1981 1229 2042 est
1263 1996 1338 2040 ea:
1371 1974 1540 2039 omni
1571 1975 1869 2039 iumento.-
1913 1979 1971 2039 et
2002 1972 2184 2039 dabis
2217 1972 2333 2037 illa
2368 1970 2608 2036 Levitis

660 2063 1137 2136 custodientibus
1176 2060 1521 2129 custodiam
1560 2059 1945 2126 tabernaculi
2005 2058 2281 2124 Iehovae.
2372 2056 2474 2122 31.
2521 2055 2611 2120 Et

656 2155 805 2233 fecit
846 2149 1062 2216 Moses
1102 2153 1157 2214 et
1199 2146 1481 2212 Eleazar
1534 2146 1821 2211 sacerdos
1867 2144 2380 2227 quemadmodum
2412 2162 2608 2223 prae·

661 2243 907 2320 ceperat
948 2234 1178 2299 Ieliova
1223 2230 1413 2297 Mosi.
1501 2232 1603 2297 32.
1672 2230 1761 2296 Et
1800 2231 1926 2313 fuit
1958 2230 2236 2312 praeda,
2284 2229 2611 2293 residuum

663 2323 892 2391 scilicet
943 2320 1222 2403 praedae
1285 2338 1477 2400 quam
1527 2318 1828 2398 praedati
1879 2321 2028 2381 sunt
2087 2314 2314 2380 milites
2332 2364 2346 2393 ,
2402 2314 2611 2378 ovium

664 2413 950 2475 sexcenta
1004 2404 1396 2488 septuaqinta
1452 2407 1728 2485 quinque
1779 2402 2007 2468 millia.
2119 2399 2220 2466 33.
2287 2399 2378 2465 Et
2430 2399 2613 2464 boum

662 2493 1059 2578 septuaginta
1120 2491 1247 2557 duo
1309 2489 1535 2554 millia.
1623 2488 1724 2553 34.
1787 2486 1875 2553 Et
1929 2488 2253 2552 asinorum
2306 2504 2504 2550 unum
2556 2488 2613 2549 et

660 2580 991 2663 sexaqinta
1024 2577 1248 2643 millia.
1315 2574 1416 2640 35.
1479 2574 1567 2639 Et
1601 2576 1963 2640 animarum
1996 2573 2286 2651 hominis,
2328 2592 2360 2637 e
2393 2568 2611 2635 mulie-

664 2667 842 2731 ribus
883 2683 1041 2745 quae
1081 2682 1208 2727 non
1247 2664 1645 2743 coqnoverant
1696 2660 1922 2725 coitum
1959 2657 2256 2724 masculi.-
2312 2658 2610 2731 omnium,

662 2749 1378 2914 immistum
1406 2746 1647 2914 ‘'m-⁶0
1668 2746 1923 2896 Ἤξῗ
1938 2740 2613 2913 &intuitum

663 2924 750 2988 ad
793 2922 1118 2998 militiam,
1172 2937 1473 2982 numerus
1514 2917 1723 2981 ovium
1780 2921 2043 2982 trecenta
2084 2916 2345 2998 triginta
2386 2919 2611 2994 septem

664 3007 872 3073 millia
907 3011 962 3071 et
995 3006 1377 3087 quinyentae.
1443 3003 1546 3068 37.
1595 3001 1755 3067 Fuit
1786 3022 1925 3067 vero
1959 3021 2177 3068 census
2203 3021 2324 3081 pro
2360 2999 2609 3078 Iekova,

666 3115 744 3159 ex
789 3091 1006 3158 ovibus
1051 3094 1366 3155 sexcentae
1408 3088 2085 3173 septuayintaquinque,
2140 3087 2241 3152 38.
2287 3086 2379 3151 Et
2411 3085 2611 3165 boum,

663 3200 774 3246 sea:
809 3182 863 3242 ct
895 3177 1158 3261 triqinta
1188 3174 1430 3241 millia.-
1473 3179 1529 3239 et
1559 3194 1777 3241 census
1808 3194 2021 3241 eorum
2064 3171 2343 3250 Iehovae,
2388 3172 2512 3237 duo
2556 3175 2614 3235 et

664 3264 1075 3346 septuaqinta.
1164 3262 1266 3326 39.
1336 3259 1422 3324 Et
1505 3262 1831 3327 asinorum
1916 3260 2178 3343 triqinta
2263 3258 2473 3322 millia
2557 3262 2613 3320 et

666 3349 1016 3433 quinqenti:
1049 3367 1268 3413 census
1312 3352 1517 3411 autem
1559 3366 1771 3412 eorum
1815 3344 2095 3424 Ielzovae,
2138 3365 2306 3409 unus
2340 3349 2398 3407 et
2429 3363 2611 3407 sexa-

663 3436 856 3518 9inta.
945 3434 1049 3499 40.
1114 3429 1202 3497 Et
1256 3434 1615 3497 animarum
1669 3431 2012 3510 hominum,
2063 3431 2321 3497 sedecim
2371 3428 2609 3493 millia.-

664 3540 884 3585 census
937 3540 1079 3584 vero
1132 3539 1345 3584 eorum
1389 3518 1679 3597 Ielzovae,
1721 3518 1884 3582 duae
1936 3521 1989 3580 et
2030 3517 2291 3599 triyinta
2334 3515 2604 3580 animae.

666 3605 770 3669 41.
827 3604 1136 3685 Deditque
1202 3603 1407 3668 Moses
1468 3623 1716 3669 censum
1776 3602 2102 3669 oblationis
2158 3602 2420 3668 Ieliovae
2476 3601 2609 3681 ipsi

664 3688 948 3756 Eleazar
1000 3689 1330 3766 sacerdoti,
1393 3688 1906 3769 quemadmodum
1936 3691 2336 3770 praeceperat
2375 3686 2608 3752 Iehova

668 3774 857 3842 Mosi.
925 3775 1028 3838 42.
1082 3773 1170 3838 Et
1205 3775 1282 3839 de
1317 3773 1589 3840 dimidia
1622 3779 1803 3855 parte
1833 3774 2112 3854 filiorum
2149 3773 2371 3850 Israel,
2416 3792 2608 3854 quam

664 3862 1006 3928 deduxerat
1051 3859 1262 3925 Moses
1304 3880 1346 3924 a
1382 3861 1545 3925 viris
1608 3859 1719 3940 qui
1782 3860 2227 3923 militaverant.-
2284 3860 2386 3923 43.
2454 3858 2612 3923 Fuit

664 3953 870 4013 autem
911 3945 1183 4013 dimidia
1213 3965 1379 4026 pars
1420 3945 1907 4029 conqreqationis
1949 3946 2024 4009 de
2066 3943 2296 4021 ovibus,
2340 3949 2609 4009 trecenta

665 4040 723 4097 et
761 4033 1021 4116 tri9inta
1065 4036 1287 4112 septem
1328 4031 1535 4098 millia
1578 4037 1634 4096 et
1676 4032 2055 4113 quinqentac.
2136 4029 2240 4093 44.
2302 4028 2389 4093 Et
2431 4030 2611 4094 boum

663 4138 776 4183 sea·
810 4125 867 4183 et
901 4118 1160 4200 triqinta
1195 4116 1416 4182 millia.
1482 4116 1586 4182 45.
1645 4116 1731 4180 Et
1764 4116 2088 4180 asinorum
2114 4116 2373 4199 triqinta
2406 4113 2612 4179 millia

665 4209 725 4268 et
743 4204 1077 4287 quinqenti.
1123 4203 1225 4268 46.
1273 4201 1362 4266 Et
1381 4204 1744 4267 animarum
1766 4200 2085 4266 hominum
2104 4202 2366 4266 sedecim
2385 4201 2608 4265 millia.

666 4289 769 4353 47.
834 4289 936 4355 De
977 4288 1277 4367 dimidia,
1334 4289 1626 4369 inquam,
1672 4291 1862 4370 parte
1901 4287 2180 4368 filiorum
2224 4286 2432 4351 Israel
2474 4286 2614 4350 tulit

666 4373 884 4440 Moses
914 4375 1262 4455 portionem
1302 4393 1499 4438 unam
1539 4396 1572 4440 e
1626 4375 2080 4457 quinquaqinta
2138 4392 2214 4437 ex
2256 4371 2615 4437 hominibus

666 4466 721 4525 et
781 4481 860 4525 ex
921 4461 1246 4537 iumentis,
1311 4465 1368 4524 et
1420 4460 1588 4526 dedit
1645 4480 1781 4524 eam
1838 4460 2080 4525 Levitis
2134 4457 2612 4524 custodientibus

663 4546 1010 4612 custodiam
1065 4544 1451 4611 tabernaculi
1491 4546 1750 4611 Ieliovae
1806 4545 2317 4629 quemadmodum
2354 4564 2610 4626 praece-

652 4637 843 4714 perat
885 4629 1114 4696 Iekova
1158 4630 1348 4697 Mosi.

835 4835 939 4901 25.
978 4835 1302 4918 Loquutus
1329 4843 1418 4902 est
1450 4836 1689 4903 deinde.
1739 4838 2154 4919 Aequissima
2187 4836 2469 4920 praedae
2505 4835 2612 4901 hic

667 4923 931 5005 partitio
973 4921 1361 4988 describitur
1402 4923 1469 4987 in
1517 4943 1646 5005 qua
1680 4923 1783 4987 ius
1819 4922 2136 5007 analogon
2176 4925 2269 4988 sic
2302 4925 2609 4988 observa·

666 5022 810 5074 tum
854 5009 1003 5084 fuit,
1049 5020 1125 5073 ut
1169 5030 1378 5092 neque
1421 5007 1659 5073 laboris
1698 5007 1994 5073 mercede
2037 5008 2322 5073 fraudati
2367 5008 2613 5074 fuerint

666 5095 928 5174 milites,
964 5104 1029 5159 et
1052 5106 1271 5160 tamen
1309 5094 1391 5159 ad
1414 5094 1740 5177 reliquum
1779 5094 2090 5177 populum
2126 5096 2311 5160 cuins
2345 5095 2610 5159 nomine

666 5180 909 5244 bellum
974 5191 1232 5263 gestum
1293 5181 1533 5260 fuerat,
1600 5180 1852 5245 fructus
1918 5179 2152 5262 aliquis
2216 5181 2609 5262 pervenerit.

666 5266 934 5350 Exigua
969 5267 1229 5348 quidem
1255 5265 1379 5331 fuit
1398 5267 1608 5350 portio
1643 5264 2108 5344 multitudinis,
2146 5268 2297 5348 quia
2337 5276 2608 5330 tantun-

667 5351 814 5416 dem
859 5351 1194 5416 duodecim
1231 5368 1545 5436 quantum
1580 5352 1905 5417 sexcentis
1950 5352 2286 5416 hominum
2323 5351 2610 5417 millibus

2071 446 2477 515 REDI'PUS
2523 448 2651 512 AD
2696 445 3244 513 HISTORIAM.

4535 444 4662 512 320

2719 654 3100 701 concessum
3143 634 3284 699 fuit.
3373 632 3506 700 Sed
3552 654 3753 716 quum
3797 634 3939 698 iure
3986 634 4296 699 victoriae
4339 632 4660 700 militibus

2716 720 2849 785 iam
2914 720 3208 803 quaesita
3263 728 3435 786 esset
3482 719 3759 803 praeda,
3823 718 4062 802 populo
4119 720 4231 802 qui
4296 739 4482 784 arma
4532 740 4660 785 non

2716 814 3086 889 sumpserat
3119 826 3322 889 grave
3355 827 3497 871 esse
3533 826 3668 870 non
3701 803 3931 871 debuit
3962 805 4385 870 honorarium
4422 824 4661 870 munus

2714 892 3021 974 accipere,
3068 891 3368 974 quamvis
3412 891 3668 955 minimi
3707 889 3894 957 lucri.
3973 890 4065 955 Et
4107 899 4283 956 certe
4324 900 4661 957 contume-

2715 976 2952 1042 liosum
3008 977 3237 1043 fuisset
3299 977 3604 1043 omnibus
3663 977 3773 1060 qui
3827 977 3898 1041 in
3954 976 4188 1042 castris
4252 977 4658 1059 quieverant,

2713 1063 2995 1145 praedae
3037 1062 3300 1129 omnino
3345 1083 3488 1128 esse
3531 1072 3862 1144 expertes,
3907 1081 3982 1127 ac
4025 1061 4083 1126 si
4125 1062 4402 1128 inertiae
4441 1073 4662 1128 essent

2714 1148 3038 1225 damnati,
3085 1169 3286 1232 quum
3332 1156 3552 1213 tamen
3599 1168 3714 1230 per
3749 1168 3858 1213 eos
3902 1168 4034 1212 non
4078 1148 4367 1214 stetisset
4408 1148 4663 1231 quomi-

2711 1255 2837 1300 nus
2873 1234 3173 1300 hostibus
3197 1233 3624 1317 profiigandis
3646 1254 3910 1316 operam
3947 1241 4273 1298 navarent
4292 1232 4491 1299 simul
4514 1253 4663 1297 cum

2711 1320 3042 1386 fratribus.
3109 1318 3337 1403 Neque
3380 1321 3558 1384 enim
3602 1319 3878 1384 mollitia
3921 1318 4124 1383 animi
4165 1340 4332 1385 onus
4375 1339 4453 1385 ac
4496 1318 4663 1402 peri·

2711 1405 2930 1471 culum
2969 1405 3241 1470 militiae
3271 1404 3675 1490 defugerent,
3709 1404 3824 1471 sed
3859 1404 4151 1469 modeste
4187 1405 4359 1488 passi
4395 1405 4663 1470 fuerant

2710 1512 3121 1557 communem
3166 1489 3429 1556 laudem
3473 1491 3544 1555 in
3588 1510 3830 1573 paucos
3881 1490 4257 1569 transferri,
4319 1492 4474 1574 quia
4519 1489 4661 1555 Deo

2711 1577 2804 1643 sic
2849 1577 3202 1660 placuerat.
3290 1576 3545 1642 Verum
3601 1577 3793 1641 sicuti
3835 1596 4115 1659 aequum
4161 1576 4317 1655 fuit,
4372 1575 4664 1659 aliquem

2711 1663 3022 1730 victoriae
3064 1662 3354 1728 fructum
3390 1664 3565 1728 inter
3605 1682 3833 1728 omnes
3867 1662 4352 1742 communicari,
4397 1663 4494 1727 ita
4528 1682 4658 1727 non

2711 1750 2933 1815 minus
2976 1759 3225 1814 rectum
3271 1749 3420 1825 fuit,
3483 1748 3765 1830 amplius
3807 1758 3874 1812 et
3914 1747 4251 1813 liberalius
4295 1748 4661 1829 praemium

2709 1834 2791 1899 ab
2836 1835 2916 1899 iis
2959 1834 3239 1919 percipi,
3299 1834 3414 1918 qui
3454 1844 3662 1898 totam
3705 1833 3941 1899 molem
3988 1832 4143 1898 belli
4185 1835 4657 1898 sustinuerant.

2709 1920 2904 1986 Hanc
2961 1920 3283 1985 rationem
3349 1918 3741 2003 quibusdam
3804 1927 4119 2002 sequutus
4184 1938 4328 1985 esse
4391 1919 4662 1984 videtur

2711 2004 2952 2085 David,
2998 2007 3152 2071 dum
3192 2005 3498 2089 praedam
3536 2025 3617 2070 ex
3655 2025 3859 2087 aequo
3903 2006 4076 2070 inter
4110 2025 4264 2070 suos
4306 2003 4661 2084 distribuit,

2711 2100 2845 2156 tam
2884 2092 2997 2175 qui
3032 2094 3102 2155 in
3139 2092 3459 2176 proelium
3506 2089 3980 2157 descenderant
4022 2111 4216 2172 quam
4253 2090 4364 2173 qui
4399 2090 4482 2154 ad
4518 2111 4662 2155 sar-

2712 2181 2894 2242 cinas
2940 2185 3281 2243 steterant.
3341 2178 3487 2260 Ego
3532 2197 3687 2241 vero
3728 2176 3899 2259 quod
3944 2187 4106 2241 tunc
4141 2177 4372 2241 statuit
4413 2173 4661 2251 David,

2711 2263 2909 2347 longe
2946 2262 3278 2329 diversum
3301 2263 3505 2327 fuisse
3540 2262 3873 2327 existimo:
3910 2263 4063 2344 quia
4096 2263 4154 2327 si
4187 2281 4393 2345 aequa
4425 2259 4664 2327 fuisset

2714 2351 2924 2431 portio
2986 2350 3215 2415 turbae
3274 2346 3448 2430 apud
3493 2349 3782 2413 sarcinas
3824 2348 4243 2414 subsistentis
4289 2368 4440 2413 cum
4484 2347 4662 2412 mili-

2712 2436 3025 2514 tantibus,
3070 2435 3262 2518 longe
3306 2433 3536 2500 utilius
3580 2433 3815 2500 fuisset
3857 2433 4076 2516 procul
4137 2434 4360 2499 abesse
4403 2454 4443 2498 a
4485 2434 4664 2498 iactu

2714 2521 3010 2587 telorum.
3100 2521 3272 2585 Nam
3323 2520 3433 2585 ubi
3476 2520 3790 2601 proelium
3837 2519 4233 2597 conseritur,
4279 2519 4472 2602 pauci
4516 2529 4664 2583 tan·

2712 2615 2850 2670 tum
2896 2628 2977 2671 ex
3021 2626 3261 2690 magno
3305 2607 3594 2670 exercitu
3640 2606 3720 2671 ad
3766 2606 4055 2671 sarcinas
4109 2605 4386 2688 relinqui
4430 2605 4660 2670 solent.

2714 2692 2821 2757 Ita
2842 2691 3112 2757 dimidia
3133 2713 3286 2774 pars
3310 2689 3584 2774 praedae
3606 2691 3906 2757 cessisset
3928 2691 4152 2773 paucis
4175 2691 4418 2756 otiosis.
4477 2691 4662 2773 Ergo

2715 2778 2978 2860 partitio
3035 2781 3221 2844 cuius
3279 2777 3412 2842 illic
3455 2778 3531 2841 fit
3588 2778 3836 2842 mentio
3882 2776 3965 2841 ad
4007 2776 4266 2860 singula
4299 2776 4518 2858 capita
4555 2796 4663 2840 re-

2716 2865 2872 2928 ferri
2917 2861 3127 2928 debet.
3193 2866 3408 2947 Atque
3450 2862 3695 2943 optime
3739 2862 3957 2927 David

2716 2970 2834 3033 pro
2909 2949 3085 3015 virili
3150 2970 3291 3014 csse
3355 2950 3549 3014 iussit
3612 2949 3725 3031 qui
3804 2969 3995 3013 mane
4040 2957 4158 3013 ant
4231 2948 4301 3011 in
4379 2948 4663 3013 statione

2715 3046 3095 3116 castrorum,
3137 3056 3224 3099 ne
3259 3034 3591 3100 dissimilis
3628 3042 3803 3100 esset
3837 3054 4062 3099 eorum
4101 3033 4388 3100 conditio
4424 3033 4664 3115 quibus

2715 3121 2941 3186 eadem
2979 3122 3087 3186 lex
3121 3128 3262 3186 erat
3304 3124 3623 3203 imposita.
3713 3120 3842 3186 Hic
3883 3141 4041 3185 vero
4082 3120 4316 3186 merito
4361 3117 4664 3185 ditantur

2717 3207 2956 3273 milites
3021 3227 3179 3291 prae
3244 3206 3390 3272 aliis
3453 3206 3567 3290 qui
3625 3225 3850 3271 secure
3908 3225 4016 3270 res
4068 3226 4222 3271 suas
4270 3204 4663 3272 domesticas

2713 3301 3123 3359 curaverant.

2882 3377 2985 3445 28.
3058 3379 3379 3460 Tollesque
3415 3398 3664 3443 censum
3710 3376 3985 3443 lehovae.
4074 3376 4271 3443 Nunc
4326 3377 4409 3443 ab
4459 3376 4660 3443 utria-

2712 3484 2840 3547 que
2875 3464 3084 3547 exigit
3119 3465 3301 3529 Deus
3335 3465 3671 3541 tributum,
3710 3463 3816 3527 vel
3851 3482 4105 3529 sacram
4142 3461 4540 3528 oblationem
4574 3483 4662 3528 ex

2712 3550 2984 3633 praeda:
3030 3549 3142 3615 sed
3185 3549 3638 3632 inaequaliter,
3676 3570 3909 3631 nempe
3944 3558 4020 3613 ut
4052 3548 4329 3632 populus
4364 3547 4514 3632 plus
4546 3547 4660 3614 de-

2711 3637 2901 3718 cuplo
2937 3636 3149 3702 solvat
3183 3656 3377 3718 quam
3402 3636 3663 3699 milites.
3719 3634 3973 3699 Tributi
4011 3655 4170 3699 vero
4196 3633 4392 3699 huius
4414 3635 4659 3718 duplex

2713 3723 2836 3787 suit
2878 3723 3077 3799 ratio,
3137 3720 3244 3787 vel
3289 3721 3464 3786 finis:
3523 3722 3821 3802 iniquum
3879 3721 4054 3784 enim
4114 3720 4343 3785 fuisset
4384 3721 4659 3787 Levitae

2712 3809 2882 3873 solos
2924 3806 3167 3871 dimitti
3210 3808 3455 3883 inanes,
3499 3808 3685 3889 quasi
3719 3806 3998 3871 deterior
4032 3814 4206 3870 esset
4246 3825 4474 3872 eorum
4508 3825 4660 3874 con·

2712 3892 2889 3974 ditio,
2936 3914 3013 3959 eo
3058 3893 3228 3976 quod
3274 3894 3342 3956 in
3387 3893 3515 3957 Dei
3560 3891 3739 3958 cultu
3785 3903 3851 3957 et
3892 3912 4050 3957 cura
4089 3912 4426 3958 sacrorum
4471 3914 4659 3960 occu·

2714 3981 2847 4062 pati
2906 3990 3115 4045 erant.
3205 3978 3553 4044 Caeterum
3612 3999 3808 4062 quam
3868 3977 4003 4044 illis
4060 3978 4352 4062 assignat
4401 3989 4656 4061 partem

2712 4067 2915 4142 Deus,
2954 4065 3077 4131 sibi
3118 4064 3340 4129 offerri
3383 4065 3581 4142 iubet,
3627 4075 3701 4127 ut
3737 4065 4033 4128 homines
4076 4084 4211 4128 non
4247 4063 4439 4130 modo
4483 4066 4657 4129 inter

2714 4172 2787 4215 se
2834 4152 3227 4233 aequitatem
3273 4149 3521 4228 colant,
3579 4149 3692 4214 sed
3735 4160 3809 4214 ut
3851 4149 4100 4232 primas
4144 4158 4365 4213 teneat
4404 4149 4655 4234 religio.

2713 4235 2902 4301 Nihil
2934 4238 3107 4301 enim
3146 4234 3492 4301 absurdius
3530 4256 3724 4317 quam
3768 4235 4145 4301 hominibus
4185 4235 4290 4300 ius
4325 4256 4516 4300 suum
4559 4236 4658 4300 in·

2715 4334 2970 4406 tegrum
3057 4322 3306 4387 servari
3386 4321 3529 4386 Deo
3605 4322 3745 4403 ipso
3832 4319 4221 4404 posthabito.
4310 4321 4495 4405 Ergo
4575 4321 4657 4386 ad

2712 4407 3079 4473 testandam
3124 4408 3434 4489 pietatem
3475 4406 3769 4472 iniuncta
3810 4407 3933 4471 fuit
3974 4405 4231 4486 oblatiO,
4273 4428 4350 4473 ac
4383 4408 4443 4472 si
4477 4407 4660 4473 Deus

2716 4493 3270 4576 quinquagesimis
3365 4502 3433 4555 ot
3516 4493 4057 4577 quingentesimis
4133 4492 4256 4558 sibi
4335 4504 4657 4559 assereret

2717 4578 3027 4645 victoriae
3071 4577 3347 4643 laudem.
3439 4578 3695 4643 Deinde
3732 4580 3883 4661 quia
3924 4577 4110 4643 nulla
4153 4600 4224 4643 re
4267 4579 4541 4663 indiget,
4588 4599 4657 4646 se

2715 4685 2848 4729 uno
2884 4674 3245 4739 contentus,
3283 4666 3351 4728 in
3389 4665 3526 4729 eius
3561 4664 3773 4729 locum
3798 4662 4131 4747 subrogati
4167 4675 4322 4730 sunt
4356 4665 4654 4741 Levitae,

2716 4760 2790 4815 ut
2845 4750 3129 4833 aliquam
3173 4772 3255 4814 ex
3301 4770 3419 4815 suo
3467 4750 3829 4814 ministerio
3886 4749 4252 4815 mercedem
4311 4751 4652 4816 referrent.

2713 4837 2920 4901 Porro
2964 4837 3202 4901 iterum
3246 4835 3578 4900 cernimus
3615 4836 3829 4899 Deum
3873 4856 4021 4901 cum
4068 4836 4382 4902 militibus
4426 4837 4656 4903 libera-

2713 4922 2839 4987 lius
2923 4922 3132 5005 egisse
3199 4942 3395 5004 quam
3458 4942 3605 4987 cum
3673 4919 3924 5002 reliqua
4006 4922 4455 5002 multitudine,
4538 4943 4654 4989 nec

2714 5008 2987 5072 mirum:
3045 5008 3198 5089 quia
3263 5007 3433 5073 sicut
3489 5007 3621 5071 illis
3688 5006 3833 5089 plus
3883 5009 4099 5073 oneris
4154 5008 4494 5090 imposuit,
4566 5013 4653 5075 ita

2713 5104 3221 5159 consentaneum
3281 5094 3406 5157 suit
3461 5094 3759 5157 uberiore
3803 5093 4117 5158 victoriae
4161 5095 4376 5158 fructu
4424 5094 4651 5160 ditari:

2714 5180 3024 5244 beneficia
3059 5180 3231 5244 enim
3273 5179 3401 5244 alia
3444 5179 3588 5242 aliis
3621 5178 4005 5255 accumulat,
4041 5187 4238 5261 prout
4278 5181 4495 5245 visum
4534 5190 4648 5247 est.

2715 5266 2816 5328 Ex
2887 5266 3008 5329 hac
3075 5286 3328 5347 quoque
3392 5264 3848 5329 distributione
3902 5264 4300 5349 colligimus,
4368 5287 4450 5330 ex
4513 5269 4648 5333 eius

2713 5349 3118 5416 ordinatione
3166 5350 3477 5432 pendere,
3517 5362 3591 5413 ut·
3632 5351 3745 5415 alii
3802 5352 3951 5416 aliis
3992 5351 4123 5418 sint
4167 5351 4646 5435 locupletiores:

4049 2862 4281 2927 raedae
4323 2871 4662 2927 consortes
