5017 6142
635 432 773 499 459

644 630 821 699 tum,
880 620 1085 687 donec
1129 626 1266 686 tcta
1321 620 1434 684 illa
1489 640 1652 706 gens
1704 618 2107 698 aboleretur,
2164 638 2331 702 quae
2375 618 2595 684 Deum

642 708 827 791 sequi
869 704 1220 773 abnuerat:
1267 727 1352 771 ex
1394 726 1540 789 qua,
1584 726 1730 771 meo
1773 704 2033 785 iudici0,
2075 705 2380 790 colligere
2423 704 2593 784 lieet,

644 793 718 860 in
762 794 1027 877 signum
1070 790 1541 858 maledictionis
1586 791 1692 857 vel
1734 791 2105 859 reiectionis
2138 811 2424 858 cessasse
2458 798 2596 855 toto

642 879 758 945 illo
814 890 1106 962 tempore
1158 877 1670 945 circumcisionis
1725 898 1940 943 usum.
2029 876 2285 943 Verum
2329 874 2594 960 quidem

643 974 763 1044 est,
800 984 1077 1048 poenam
1115 964 1284 1030 hanc
1318 963 1611 1029 innoxiis
1646 963 1849 1029 fuisse
1884 963 2236 1028 inflictam:
2284 960 2398 1028 sed
2435 961 2594 1027 utile

643 1051 787 1128 fuit,
834 1060 1054 1134 patres
1094 1049 1406 1134 castigari
1447 1049 1520 1114 in
1566 1070 1791 1115 eorum
1838 1069 2146 1133 persona,
2191 1069 2267 1115 ac
2308 1048 2365 1113 si
2408 1047 2594 1113 Deus

642 1139 716 1204 in
757 1144 1090 1221 posterum
1131 1157 1242 1202 eos
1284 1134 1678 1219 repudiaret.
1770 1133 1991 1217 Quum
2036 1154 2193 1218 ergo
2251 1142 2598 1200 cernerent

643 1223 811 1291 nihil
846 1244 886 1288 a
920 1221 1213 1305 profanis
1269 1231 1337 1288 et
1385 1222 1716 1287 extraneis
1751 1220 2035 1288 sobolem
2080 1239 2267 1286 suam
2311 1217 2593 1296 differre,

644 1309 841 1377 simul
866 1309 1262 1392 patefactum
1295 1308 1422 1374 fuit
1455 1307 1611 1391 quid
1648 1316 1867 1373 essent
1888 1305 2246 1391 promeriti.
2293 1305 2596 1390 Emergit

643 1404 866 1462 tamen
909 1393 1298 1475 absurditas,
1339 1393 1624 1477 primum
1669 1391 1841 1476 quod
1876 1392 2007 1459 illis
2052 1390 2394 1472 damnatis,
2439 1411 2593 1455 mox

643 1501 869 1546 eorum
913 1479 1167 1547 soboles
1209 1488 1475 1563 recepta
1515 1478 1648 1544 fuit
1679 1479 1748 1543 in
1784 1477 2097 1563 gratiam:
2151 1474 2385 1543 deinde
2420 1474 2590 1559 quod

644 1567 802 1650 ipsis
837 1586 1091 1650 quoque
1125 1565 1356 1632 relicta
1389 1565 1517 1631 fuit
1549 1585 1699 1648 spes
1732 1563 1997 1632 veniae:
2037 1563 2380 1647 praecipue
2414 1582 2592 1641 vero,

646 1653 818 1737 quod
882 1652 1124 1735 privati
1189 1672 1325 1717 non
1385 1660 1542 1718 sunt
1603 1650 1748 1717 aliis
1811 1649 2240 1717 sacramentis
2316 1668 2596 1731 quorum

646 1738 838 1805 aliter
882 1757 1016 1803 non
1059 1744 1362 1821 poterant
1413 1758 1556 1802 esse
1612 1737 1995 1821 participes,
2051 1734 2182 1800 nisi
2223 1754 2262 1800 a
2303 1733 2595 1818 profanis

644 1823 948 1909 gentibus
990 1822 1338 1907 segregati.
1426 1821 1611 1888 Deus
1645 1821 1930 1906 quidem,
1974 1820 2200 1900 fateor,
2245 1841 2356 1886 eos
2399 1839 2594 1901 repu-

644 1909 884 1976 diando
928 1909 1123 1975 simul
1163 1916 1444 1975 testatur
1486 1928 1558 1974 se
1602 1908 1956 1992 propitium
1991 1908 2129 1972 fore
2164 1926 2394 1972 eorum
2436 1904 2596 1970 libe-

642 1997 764 2063 ris:
829 2015 1058 2061 verum
1117 2015 1384 2061 cernere
1437 1995 1507 2059 in
1563 2013 1682 2059 sua
1740 1993 1957 2060 sobole
2011 1990 2270 2076 repudii
2327 1991 2594 2075 signum

644 2080 851 2147 donec
886 2100 1113 2146 omnes
1147 2080 1513 2164 periissent,
1556 2079 1738 2145 utilis
1761 2079 1886 2144 fuit
1908 2078 2071 2145 casti
2119 2077 2272 2143 atie.
2340 2077 2596 2160 Pignus

644 2167 821 2233 enim
865 2166 1117 2252 gratiae
1163 2185 1320 2232 suae
1363 2166 1629 2231 nonnisi
1665 2165 1747 2232 ad
1784 2173 2045 2248 tempus
2136 2185 2252 2230 eus
2294 2162 2592 2240 retraxit,

643 2261 712 2319 et
777 2252 955 2337 apud
1018 2273 1089 2319 se
1154 2253 1339 2336 quasi
1402 2251 1812 2318 reconditum
1880 2250 2170 2317 servavit
2238 2269 2444 2333 usque
2510 2247 2593 2314 ad

644 2359 870 2405 eorum
907 2346 1201 2404 mortem.
1246 2336 1480 2421 Itaque
1514 2337 1677 2404 haec
1713 2357 1925 2420 poena
1958 2334 2184 2402 liberis
2218 2334 2329 2419 qui
2367 2344 2595 2418 postea

642 2426 782 2491 nati
827 2431 988 2491 sunt
1028 2423 1278 2490 inflicta
1313 2423 1576 2507 proprie
1613 2444 1747 2490 non
1784 2421 1937 2489 fuit:
1983 2442 2222 2488 verum
2255 2420 2595 2503 suspensio

643 2508 915 2595 perinde
957 2509 1198 2588 valuit,
1256 2529 1331 2576 ac
1376 2509 1434 2576 si
1481 2510 1664 2575 Deus
1707 2508 1927 2593 palam
1967 2508 2212 2574 faceret
2253 2505 2592 2573 circumci-

641 2598 893 2662 sionem
926 2617 997 2662 se
1031 2594 1317 2673 differre,
1359 2616 1445 2661 ne
1479 2596 1953 2678 profanaretur,
1989 2592 2193 2658 donec
2227 2592 2367 2658 eius
2399 2612 2591 2657 reno-

638 2681 898 2750 vandae
941 2682 1199 2748 veniret
1241 2680 1714 2765 opportunitas.
1804 2679 1883 2747 Si
1925 2679 2073 2764 quis
2116 2678 2434 2763 excipiat,
2478 2677 2591 2744 ab·

642 2766 916 2836 surdum
958 2768 1161 2833 fuisse
1202 2766 1447 2851 pascha
1488 2765 1816 2833 celebrare
1857 2766 1928 2831 in
1971 2764 2310 2849 praeputio
2326 2815 2340 2842 ,
2384 2765 2594 2829 fateor

641 2853 1004 2921 secundum
1032 2853 1331 2919 ordinem
1366 2852 1713 2932 usitatum.
1749 2851 1981 2935 Neque
2015 2852 2191 2917 enim
2228 2849 2311 2915 ad
2346 2849 2595 2935 pascha

641 2951 709 3007 et
750 2939 1071 3007 sacrificia
1111 2937 1377 3004 admissi
1435 2940 1704 3004 fuerunt
1760 2937 1891 3004 nisi
1933 2938 2046 3021 qui
2089 2937 2336 3002 initiati
2374 2944 2594 3002 essent

638 3027 710 3093 in
733 3026 862 3092 Dei
896 3025 1175 3093 cultum:
1223 3024 1414 3092 sicuti
1459 3045 1671 3108 neque
1703 3022 1898 3090 hodie
1931 3023 2317 3108 mysterium
2353 3040 2594 3088 coenae

640 3114 786 3179 aliis
828 3131 1173 3180 commune
1216 3117 1336 3190 est,
1379 3131 1576 3194 quam
1617 3109 1733 3193 qui
1765 3110 1896 3174 iam
1932 3130 2050 3192 per
2083 3108 2484 3193 baptismum
2520 3107 2593 3172 in

640 3198 981 3267 ecclesiam
1025 3206 1185 3263 sunt
1225 3195 1491 3280 recepti.
1559 3196 1694 3263 Sed
1719 3196 1862 3262 Deo
1905 3195 2185 3261 liberum
2228 3194 2371 3273 fuit,
2416 3193 2592 3259 ordi-

642 3285 830 3350 naria
872 3284 1125 3348 ratione
1166 3282 1251 3348 ad
1309 3291 1570 3366 tempus
1625 3290 1910 3361 mutata,
1970 3281 2320 3366 participes
2375 3279 2592 3346 facere

640 3370 918 3435 aliorum
959 3389 1313 3446 sacrorum,
1357 3369 1594 3451 quibus
1638 3367 2198 3434 circumcisionem
2234 3365 2588 3432 ademerat.

641 3455 749 3521 Ita
790 3455 861 3520 in
902 3474 1037 3520 una
1078 3461 1265 3538 parte
1309 3453 1911 3521 excommunicatus
1952 3452 2080 3519 fuit
2119 3453 2424 3537 populus:
2473 3451 2588 3517 ad-

643 3540 973 3607 miniculis
1017 3547 1241 3606 tamen
1284 3538 1534 3606 idoneis
1576 3540 1831 3606 interea
1873 3539 2256 3605 sublevatus
2310 3545 2441 3618 est,
2501 3558 2589 3603 ne

642 3626 1040 3710 desperaret.
1128 3623 1696 3706 Quemadmodum
1760 3626 1818 3692 si
1862 3634 2046 3709 pater
2101 3625 2239 3691 filio
2294 3625 2590 3690 infensus

639 3732 936 3796 pugnum
982 3711 1261 3790 attollat,
1305 3732 1381 3777 ac
1424 3712 1482 3778 si
1526 3710 1724 3778 vellet
1766 3711 1992 3795 procul
2037 3712 2300 3795 abigere
2318 3761 2333 3790 ,
2377 3718 2446 3777 et
2489 3716 2588 3775 ta-

642 3819 795 3864 men
838 3797 1047 3863 altera
1087 3818 1289 3863 manu
1332 3796 1511 3863 domi
1553 3817 1703 3863 eum
1746 3798 2060 3864 retineat:
2103 3797 2302 3863 minis
2346 3804 2591 3862 terreat

642 3904 718 3951 ac
774 3881 1156 3950 verberibus
1171 3934 1187 3962 ,
1241 3883 1407 3950 nolit
1468 3893 1687 3949 tamen
1744 3904 1784 3948 a
1834 3904 1905 3948 se
1965 3880 2314 3950 discedere.
2400 3882 2588 3949 Haec

639 3969 807 4036 mihi
850 3968 1110 4036 videtur
1151 3968 1353 4036 fuisse
1397 3972 1565 4035 ratio
1608 3990 1727 4036 cur
1772 3970 1952 4035 Deus
1997 3969 2343 4053 praecipuo
2387 3967 2586 4052 adop-

640 4056 836 4121 tionis
875 4057 942 4140 pi
992 4076 1148 4120 nore
1190 4055 1503 4139 populum
1547 4054 1870 4140 spolians,
1921 4055 2067 4120 aliis
2108 4062 2332 4120 tamen
2377 4054 2586 4121 admi·

640 4141 878 4208 niculis
978 4140 1202 4207 estitui
1255 4140 1553 4207 noluerit.
1648 4139 1722 4208 Si
1782 4142 1930 4224 quis
1989 4140 2285 4220 obiiciat,
2344 4140 2585 4208 diserte

640 4227 926 4311 exprimi
967 4226 1186 4292 nullos
1228 4226 1432 4292 fuisse
1474 4228 1547 4292 in
1588 4225 1829 4292 itinere
1872 4227 2285 4293 circumcisos
2330 4248 2411 4292 ex
2457 4248 2584 4311 quo

639 4312 889 4397 egressi
923 4320 1112 4378 sunt:
1158 4333 1261 4379 res
1307 4312 1536 4390 endec,
1578 4312 1920 4379 brevitatis
1956 4333 2156 4380 causa
2189 4334 2320 4379 non
2355 4321 2584 4379 exacte

637 4400 862 4466 omnia
906 4400 1148 4463 notari:
1193 4418 1267 4464 co
1323 4399 1413 4483 ‘gi
1454 4408 1673 4464 tamen
1718 4419 1907 4483 posse
1951 4420 2035 4465 ex
2077 4407 2407 4479 contextu,
2448 4420 2583 4464 non

638 4484 799 4550 alios
841 4483 1254 4568 praeputium
1299 4488 1620 4569 gestasse,
1677 4485 1812 4551 nisi
1854 4485 1969 4569 qui
2010 4494 2159 4570 post
2195 4484 2581 4551 seditionem

639 4572 779 4637 nati
831 4578 1039 4636 erant.
1131 4569 1390 4636 Dicitur
1443 4572 1650 4650 enim,
1708 4571 1878 4638 filios
1933 4592 2157 4638 eorum
2215 4592 2376 4654 quos
2420 4571 2582 4656 ipsis

636 4656 979 4725 substituit
1021 4655 1224 4734 Deus,
1270 4656 1465 4721 Icsue
1509 4656 2003 4724 circumcidisse.
2072 4656 2265 4726 Unde
2310 4668 2583 4742 apparet

635 4764 884 4810 novum
922 4741 1238 4825 populum
1282 4742 1479 4807 fuisse
1521 4751 1678 4809 tunc
1722 4752 2015 4808 creatum
2033 4794 2048 4823 ,
2092 4744 2206 4827 qui
2251 4746 2579 4827 perversis

636 4828 1066 4896 defectoribus
1124 4826 1647 4893 substitueretur.
1752 4828 1957 4894 Porro
2020 4830 2226 4896 tristis
2280 4851 2356 4896 ac
2415 4830 2581 4897 dura

636 4916 762 4981 fuit
817 4915 979 4980 haee
1082 4912 1365 4993 robatic,
1425 4910 1600 4996 quod
1643 4912 1825 4979 Deus
1878 4916 2195 4998 populum
2245 4923 2400 4982 ante
2449 4917 2577 4983 cir-

636 4998 918 5066 cumcidi
940 5019 1025 5065 no
1055 4999 1149 5064 uit
1169 5019 1367 5082 quam
1389 4997 1471 5064 ab
1494 4998 1793 5065 hostibus
1828 4999 2112 5084 undique
2146 5000 2575 5069 obsideretur.

636 5085 1055 5154 Commodior
1097 5093 1273 5152 certe
1318 5093 1387 5150 et
1429 5085 1630 5150 tutior
1685 5085 1915 5151 fuisset
1972 5085 2169 5166 ratio,
2227 5097 2578 5171 antequam

634 5172 986 5238 Iordanem
1030 5171 1436 5252 traiicerent,
1493 5170 1567 5236 in
1608 5172 1876 5255 regione
1918 5171 2175 5252 Basan,
2218 5194 2382 5256 quae
2425 5197 2576 5257 pro-

632 5258 874 5343 fligatis
906 5256 1136 5324 incolis
1171 5265 1401 5342 pacata
1435 5266 1595 5337 erat,
1640 5279 1712 5324 se
1745 5256 2225 5324 circumcidere.
2292 5259 2578 5343 Exspec-

636 5354 734 5408 tat
799 5341 983 5409 Deus
1041 5364 1245 5427 usque
1304 5343 1463 5410 dum
1521 5343 1696 5409 inter
1753 5342 2002 5408 medios
2061 5343 2280 5409 hostes
2336 5345 2574 5413 inclusi

1862 427 2606 498 COMMENTARIUS
2652 429 2754 496 IN
2797 427 3078 498 IOSUE
3124 429 3324 499 OAP.
3371 431 3451 496 V.

4521 434 4648 500 460

2699 638 2926 685 eorum
2968 618 3225 686 libidini
3269 630 3338 687 et
3378 620 3734 687 violentiae
3777 628 4075 705 pateant:
4133 643 4209 688 ac
4252 621 4310 688 si
4351 622 4647 689 consulto

2699 726 2810 771 eos
2853 707 3051 771 morti
3092 706 3419 774 obiiceret.
3487 705 3659 773 Nam
3703 727 3930 773 omnes
3976 728 4057 772 ex
4103 708 4377 773 vulnere
4420 705 4647 774 debili-

2700 800 2870 857 tatos
2923 791 3121 857 simul
3180 791 3567 858 decumbere
3624 793 3945 877 oportuit:
4007 801 4085 858 ut
4142 791 4323 859 nullo
4385 793 4646 876 negotio

2698 876 2983 961 iugulari
3055 878 3407 962 potuerint.
3521 876 3598 945 Si
3662 878 3837 944 enim
3904 878 4155 944 duobus
4227 877 4382 945 filiis
4449 878 4650 945 Iacob

2699 963 2966 1046 impune
3008 963 3078 1028 in
3123 964 3356 1031 urbem
3392 961 3662 1032 Sichem
3705 984 4128 1048 perrumpere
4174 964 4458 1030 liberum
4499 964 4648 1045 fnit,

2699 1057 2764 1113 et
2817 1048 3070 1116 civibus
3130 1050 3355 1116 occisis
3410 1071 3558 1116 eam
3617 1048 3900 1134 diripere
3942 1047 4141 1135 (Gen.
4199 1050 4285 1116 34
4327 1072 4342 1116 :
4403 1060 4649 1135 quanto

2696 1133 2952 1201 facilius
2995 1135 3226 1202 vicinis
3270 1134 3576 1219 gentibus
3617 1135 3759 1214 fuit,
3805 1136 4141 1202 Israelitas
4184 1157 4258 1202 eo
4306 1157 4412 1203 em
4454 1137 4649 1203 modo

2697 1221 3020 1287 sauciatos
3063 1221 3335 1306 aggredi
3377 1230 3445 1287 et
3486 1222 3731 1306 passim
3774 1220 4150 1287 trucidare?
4220 1222 4382 1288 Fuit
4424 1222 4647 1305 igitur,

2700 1314 2771 1371 ut
2828 1305 2997 1385 dixi,
3052 1307 3177 1373 hoc
3231 1305 3424 1373 valde
3489 1327 3796 1390 asperum
3860 1328 4170 1374 examen:
4238 1329 4367 1391 quo
4417 1309 4650 1374 maiori

2698 1390 2893 1458 laude
2958 1391 3157 1477 digna
3222 1402 3322 1459 est
3363 1391 3805 1477 promptitudo
3848 1391 4159 1477 obsequii.
4252 1392 4650 1478 Quanquam

2694 1477 2877 1544 locus
2919 1478 3061 1562 ipse
3103 1478 3367 1545 videtur
3389 1478 3516 1545 Dei
3561 1478 3833 1544 consilio
3877 1480 4141 1558 electus,
4190 1499 4321 1562 quo
4363 1500 4650 1563 propen-

2698 1564 2901 1628 siores
2944 1574 3165 1630 essent
3208 1565 3290 1630 ad
3332 1564 3714 1648 parendum,
3761 1565 3815 1630 si
3862 1571 4051 1631 trans
4085 1563 4436 1631 Iordanem
4474 1564 4650 1631 idem

2697 1648 3078 1716 mandatum
3102 1651 3349 1729 fuisset,
3385 1650 3753 1715 timendum
3788 1660 3931 1717 erat
3965 1671 4049 1715 ne
4083 1652 4337 1716 animos
4373 1650 4652 1735 despon-

2698 1734 2964 1816 derent,
3022 1749 3090 1801 et
3134 1737 3258 1802 hac
3303 1756 3561 1801 remora
3603 1736 3875 1816 iniecta,
3919 1736 4162 1801 iterum
4209 1735 4651 1804 detrectarent

2696 1827 2941 1887 terram
2979 1820 3256 1907 ingredi.
3316 1822 3513 1888 Nunc
3548 1843 3751 1905 quum
3786 1821 4083 1889 felicibus
4119 1823 4425 1906 auspiciis
4460 1823 4650 1907 quasi

2698 1904 2827 1973 Dei
2870 1929 3070 1973 manu
3113 1908 3183 1973 in
3227 1909 3703 1992 possessionem
3741 1904 4021 1987 adducti,
4067 1906 4320 1973 sublato
4355 1908 4481 1975 hoc
4515 1929 4649 1974 uno

2696 1992 3027 2059 obstaculo
3073 2001 3319 2061 certam
3366 1992 3733 2059 debellandi
3777 2014 3960 2077 spem
4015 1993 4423 2078 concipiunt,
4480 1994 4649 2059 nihil

2698 2079 2940 2146 mirum
3005 2081 3061 2145 si
3117 2080 3427 2145 libentius
3482 2080 3935 2163 obtemperent
3991 2099 4186 2163 quam
4241 2080 4300 2146 si
4355 2078 4648 2147 nondum

2697 2165 2978 2231 fuissent
3011 2175 3150 2233 tam
3174 2166 3505 2250 praeclare
3526 2165 3913 2231 confirmati.
3969 2164 4124 2249 Ipse
4158 2186 4410 2250 quoque
4434 2177 4649 2232 terrae

2697 2259 3082 2334 conspectus
3149 2252 3448 2318 stimulos
3504 2249 3744 2318 addere
3799 2250 4054 2332 debuit,
4115 2272 4316 2336 quum
4373 2251 4520 2318 ideo
4581 2274 4649 2318 se

2697 2359 2925 2404 rursus
2949 2339 3093 2404 Deo
3128 2338 3496 2405 consecrari
3539 2336 4002 2422 intelligerent,
4044 2358 4130 2403 ne
4175 2345 4418 2404 terram
4462 2357 4649 2405 sanc·

2699 2430 2834 2488 tam
2879 2424 3245 2506 polluerent
3288 2443 3514 2489 eorum
3559 2424 3920 2506 praeputia.

2874 2511 2934 2576 6.
2989 2510 3182 2576 Dixit
3224 2508 3457 2576 Iehova
3514 2509 3600 2575 ad
3642 2509 3922 2576 Iosuam.
4011 2507 4459 2593 Opprobrium
4515 2510 4647 2575 Ae-
4703 2536 4714 2547 ·

2694 2596 2883 2681 gypti
2915 2595 3179 2680 quidam
3214 2604 3572 2679 exponunt,
3608 2595 3777 2679 quod
3813 2596 4229 2680 praeputium
4265 2616 4376 2663 eos
4399 2596 4648 2663 similes

2696 2680 2999 2748 redderet
3041 2682 3422 2767 Aegyptiis,
3480 2682 3784 2766 profanos
3841 2681 4089 2748 scilicet
4129 2702 4204 2747 ac
4247 2683 4648 2766 ignominiae

2695 2767 2957 2834 macula
2999 2780 3289 2837 notatos:
3334 2787 3410 2834 ac
3454 2770 3512 2833 si
3555 2765 3804 2833 dictum
3845 2777 4020 2834 esset
4063 2777 4356 2852 receptos
4391 2789 4536 2835 esse
4579 2769 4646 2834 in

2696 2853 2826 2921 Dei
2866 2854 3230 2939 peculium,
3285 2854 3403 2920 ubi
3440 2853 3521 2923 de
3565 2853 3825 2938 integro
3869 2854 4170 2938 insigniti
4212 2855 4480 2920 fuerunt
4523 2853 4647 2921 hac

2696 2949 2883 3021 nota,
2961 2948 3039 3007 ut
3102 2941 3184 3007 ab
3247 2938 3607 3007 immundis
3670 2940 3978 3023 gentibus
4044 2940 4400 3007 differrent.
4509 2939 4649 3007 Alii

2697 3026 2908 3093 active
2962 3026 3328 3110 accipiunt,
3394 3026 3638 3092 factum
3693 3046 3838 3091 esse
3896 3047 3981 3091 ne
4039 3026 4309 3109 posthac
4363 3025 4648 3092 ludibrio

2697 3111 2833 3178 sint
2860 3113 3228 3199 Aegyptiis,
3274 3134 3349 3180 ac
3385 3113 3441 3180 si
3480 3112 3663 3176 Deus
3707 3132 3819 3178 eos
3860 3110 4236 3178 fefellisset:
4283 3111 4458 3195 quod
4499 3124 4645 3178 tan-

2697 3218 2894 3280 quam
2937 3198 3130 3283 longe
3173 3199 3453 3283 petitum
3496 3197 3787 3281 repudio.
3852 3197 3990 3263 Alii
4024 3217 4155 3263 non
4191 3197 4331 3264 fore
4366 3197 4646 3282 amplius

2696 3283 2863 3349 falso
2909 3284 3207 3351 dedecori
3250 3283 3601 3363 obnoxios,
3644 3303 3720 3350 ac
3764 3284 3818 3349 si
3865 3283 4019 3351 deos
4059 3285 4276 3368 gentis
4317 3283 4497 3350 illius
4540 3306 4643 3351 co-

2693 3369 2992 3437 luissent.
3061 3370 3204 3451 Ego
3249 3391 3406 3437 vero
3450 3369 3752 3435 existimo
3796 3369 4018 3454 potins
4059 3370 4363 3454 intelligi,
4410 3370 4643 3436 libera-

2693 3465 2796 3521 tos
2838 3477 2981 3523 esse
3022 3456 3273 3522 invidia
3308 3456 3621 3534 criminis,
3667 3477 3793 3539 quo
3830 3455 4071 3540 alioqui
4110 3456 4368 3541 gravati
4404 3464 4640 3523 essent.

2694 3540 3017 3609 Odiosum
3060 3551 3201 3608 erat
3236 3562 3509 3609 excusso
3545 3543 3696 3626 iugo
3732 3563 3772 3606 a
3806 3561 3980 3627 rege,
4017 3543 4136 3608 sub
4173 3544 4363 3609 cuius
4397 3541 4643 3610 ditione

2694 3629 3009 3710 agebant,
3076 3628 3447 3695 descivisse.
3550 3628 3762 3693 Porro
3818 3629 3974 3711 quia
4036 3628 4368 3694 iactabant
4424 3628 4641 3695 Deum

2690 3713 2975 3781 iniustae
3010 3714 3383 3799 tyrannidis
3418 3713 3625 3781 fuisse
3661 3710 4004 3792 vindicem,
4042 3714 4439 3798 exprobrare
4457 3715 4641 3780 facile

2691 3812 2835 3867 erat
2875 3800 3041 3866 falso
3088 3821 3197 3866 eos
3239 3798 3593 3867 obtendere
3635 3820 3879 3865 nomen
3925 3799 4069 3865 Dei.
4158 3800 4341 3884 Ergo
4384 3821 4504 3884 pro
4545 3801 4642 3866 fu·

2690 3885 2925 3969 gitivis
2967 3885 3175 3954 habiti
3219 3893 3456 3964 essent,
3509 3886 3635 3953 nisi
3682 3884 3765 3952 ad
3809 3886 4161 3952 eluendum
4206 3884 4487 3954 dedecus
4528 3907 4638 3970 op-

2689 3974 2901 4056 posita
2943 3972 3179 4039 fuisset
3220 3971 3631 4039 circumcisio
3647 4022 3663 4051 ,
3722 3993 3851 4055 qua
3905 3974 4036 4038 iam
4097 3972 4442 4057 obsignata
4500 3981 4636 4039 erat

2690 4056 2820 4124 Dei
2864 4059 3094 4125 electio
3137 4059 3208 4123 in
3252 4078 3477 4124 eorum
3522 4078 3719 4124 carne
3763 4068 4113 4141 antequam
4171 4057 4638 4126 descenderent

2687 4146 2760 4211 in
2785 4146 3185 4231 Aegyptum.
3252 4143 3540 4210 Proinde
3575 4145 3819 4211 vetusti
3854 4143 4128 4211 foederis
4168 4145 4636 4212 instauratione

2687 4231 2906 4315 palam
2947 4229 3193 4298 factum
3238 4238 3339 4295 est
3360 4281 3374 4310 ‚
3436 4250 3569 4295 non
3613 4230 3816 4298 fuisse
3855 4230 4132 4298 rebelles
4175 4230 4472 4315 legitimo
4513 4231 4634 4296 im·

2687 4317 2888 4401 peric,
2935 4337 3056 4383 nec
3098 4317 3364 4401 propria
3405 4319 3775 4382 temeritate
3820 4316 4073 4395 abiisse,
4119 4316 4234 4383 sed
4269 4316 4632 4383 libertatem

2686 4424 2726 4469 a
2773 4404 2914 4470 Deo
2957 4403 3158 4470 fuisse
3200 4400 3521 4469 redditam
3540 4452 3560 4482 ,
3603 4403 3716 4486 qui
3757 4401 4013 4487 pridem
4058 4422 4170 4468 ecs
4213 4402 4287 4468 in
4329 4402 4524 4470 fidem
4566 4414 4634 4470 et

2686 4488 3059 4556 clientelam
3115 4497 3464 4573 receperat.
3569 4487 3677 4553 Ab
3739 4489 3861 4555 hac
3927 4487 4348 4555 devolutione
4410 4489 4630 4572 probri

2686 4596 2924 4641 nomen
2970 4574 3108 4641 loco
3150 4575 3533 4657 impositum
3576 4575 3717 4640 fuit.
3784 4574 3953 4639 Nam
3992 4573 4103 4658 qui
4129 4574 4352 4660 Gilgal
4396 4581 4630 4658 putant

2683 4661 2903 4727 vocari
2947 4661 3288 4726 rescissam
3330 4659 3724 4745 pelliculam,
3766 4663 3919 4744 quia
3961 4661 4046 4725 sit
4090 4660 4276 4727 velut
4310 4660 4626 4728 rotundus

2683 4745 2984 4826 circulus,
3032 4743 3376 4811 discedunt
3410 4768 3449 4812 a
3487 4744 3719 4823 verbis,
3768 4755 3835 4811 et
3877 4756 4317 4813 commentum
4361 4749 4626 4813 minime

2682 4831 3124 4898 necessarium
3186 4831 3379 4916 longe
3438 4841 3812 4911 accersunt,
3871 4853 4070 4916 quum
4131 4854 4240 4899 res
4282 4853 4400 4917 per
4443 4855 4513 4900 se
4544 4832 4623 4897 li-

2679 4925 2895 5002 queat,
2939 4916 3155 4984 locum
3191 4916 3396 4983 fuisse
3436 4928 3733 4984 vocatum
3768 4918 4262 4997 revolutionem,
4308 4919 4463 5002 quia
4494 4918 4623 4985 illic

2679 5005 2864 5070 Deus
2905 5002 3219 5088 populum
3263 5025 3454 5069 suum
3492 5005 3574 5069 ab
3617 5003 3979 5088 ignominia
4014 5025 4144 5088 qua
4176 5001 4448 5089 indigne
4481 5025 4621 5071 one·

2677 5092 2978 5171 rabatur‚
3026 5089 3325 5156 asseruit.
3415 5090 3607 5171 Quod
3650 5090 3970 5174 Iosephus
4012 5090 4380 5157 libertatem
4427 5092 4622 5156 inter-

2672 5184 2989 5262 pretatur,
3034 5196 3279 5240 vanum
3323 5184 3390 5242 et
3421 5176 3769 5244 ridiculum
3804 5184 3924 5244 est.
3987 5175 4179 5244 Unde
4201 5184 4471 5260 apparet
4491 5195 4618 5241 non

2675 5262 2894 5412 minuls
2929 5261 3194 5412 litiguae
3238 5260 3579 5329 hebraicae
3612 5263 3815 5329 fuisse
3848 5263 4150 5346 ignarum
4186 5283 4382 5345 quam
4417 5263 4618 5330 scien-

2679 5348 2807 5413 tiae
2872 5368 2995 5432 ega
3021 5349 3094 5414 is.
