5017 6142
608 484 736 552 151

616 674 890 757 Aeqypti
903 723 918 752 ,
974 671 1357 753 sanctificavi
1409 671 1570 737 milii
1611 691 1784 737 omne
1813 670 2295 755 primoqenitum
2339 670 2409 734 in
2453 669 2556 734 Is-

616 759 817 826 raele:
877 762 1007 822 tam
1062 777 1140 822 ecc
1189 755 1546 822 hominibus
1602 776 1793 839 quam
1849 777 1926 822 ex
1963 756 2376 822 animalibus.-
2415 775 2557 820 mea

619 849 836 910 erunt.-
877 862 985 929 eqo
1026 841 1272 907 Iehova.
1371 841 1473 906 14.
1521 842 1844 924 Loquutus
1891 846 1980 907 est
2029 843 2288 922 insuper
2329 839 2557 905 Iehova

620 930 706 996 ad
729 928 968 1008 Mosen,
1011 928 1293 993 dicendo.-
1339 927 1437 993 15.
1489 926 1773 992 Numera
1801 926 1976 1008 filios
2008 926 2162 992 Levi
2191 942 2317 1008 per
2349 926 2559 991 domos

606 1020 874 1099 patrum
915 1032 1188 1092 suorum,
1221 1033 1344 1096 per
1380 1013 1672 1096 familias
1712 1033 1894 1078 suas:
1933 1032 2169 1078 omnem
2210 1012 2559 1077 masculum

622 1100 701 1167 ab
757 1119 881 1165 uno
931 1118 1134 1163 mense
1187 1103 1242 1163 et
1287 1118 1511 1180 supra,
1563 1099 1942 1164 numerabis,
2034 1098 2135 1163 16.
2186 1097 2560 1162 Numeravit

620 1187 834 1267 itaque
886 1203 986 1250 eos
1029 1182 1240 1249 Moses
1291 1184 1472 1248 iuxta
1527 1203 1864 1249 sermonem
1925 1182 2211 1262 Iehovae,
2271 1182 2561 1264 quemad-

622 1271 874 1336 modum
928 1270 1141 1334 iussus
1192 1268 1421 1348 fuerat.
1511 1270 1610 1333 17.
1657 1269 1747 1333 Et
1778 1269 2033 1351 fuerunt
2087 1269 2196 1333 isti
2234 1266 2362 1348 filii
2405 1267 2560 1332 Levi

611 1374 737 1439 per
778 1354 1029 1419 nomina
1072 1373 1211 1434 sua,
1262 1354 1519 1434 Gerson,
1567 1353 1794 1420 Cehath
1836 1359 1891 1418 et
1915 1353 2174 1419 Merari.
2246 1353 2345 1418 18.
2387 1353 2561 1418 Haec

621 1445 830 1505 autem
862 1444 1010 1504 sunt
1039 1440 1295 1504 nomina
1324 1439 1603 1520 filiorum
1643 1440 1885 1505 Gerson
1906 1458 2028 1519 per
2065 1439 2356 1521 familias
2389 1458 2560 1518 suas,

626 1524 820 1590 Libni
862 1529 918 1589 et
964 1523 1181 1590 Semei.
1274 1525 1372 1590 19.
1425 1524 1626 1590 Porro
1678 1524 1804 1607 filii
1850 1523 2078 1590 Cehath
2109 1545 2230 1606 per
2268 1523 2562 1606 familias

619 1630 795 1690 suas,
841 1610 1130 1689 Amram,
1175 1613 1230 1676 et
1272 1610 1484 1689 Ishar‚
1541 1609 1792 1675 Hebron
1832 1615 1889 1675 et
1936 1608 2163 1675 Ueeiel.
2248 1610 2350 1674 2Ο.
2395 1608 2562 1674 Filii

622 1716 765 1761 vero
832 1694 1081 1761 Merari
1132 1715 1256 1776 per
1305 1695 1596 1777 familias
1656 1715 1811 1761 suas
1827 1746 1842 1773 ‚
1909 1693 2186 1774 Mahali,
2243 1701 2298 1761 et
2353 1693 2558 1759 Muci.

630 1782 807 1846 Istae
849 1786 994 1845 sunt
1030 1781 1322 1863 familiae
1364 1780 1520 1846 Levi
1560 1801 1682 1864 per
1721 1781 1934 1846 domos
1973 1785 2234 1862 patrum
2278 1799 2558 1846 suorum.

625 1866 732 1932 21.
780 1866 881 1932 De
940 1865 1181 1931 Gerson
1196 1917 1211 1946 ,
1263 1866 1521 1948 familia
1566 1865 1881 1931 Libnitica
1939 1871 1994 1930 et
2044 1865 2303 1947 familia
2363 1864 2561 1930 Simi-

624 1954 784 2016 tica:
827 1952 984 2016 istae
1025 1956 1170 2017 sunt
1206 1952 1496 2034 familiae
1543 1952 1982 2017 Gersoniticae.
2071 1951 2173 2015 22.
2223 1951 2562 2016 Numerati

621 2056 838 2103 eorum
900 2036 1236 2101 secundum
1300 2056 1624 2102 numerum
1687 2037 1890 2102 omnis
1951 2035 2247 2115 masculi,
2323 2057 2364 2099 a
2424 2036 2561 2118 filio

624 2122 859 2187 mensis
912 2128 968 2186 et
1024 2142 1218 2203 supra
1238 2170 1252 2197 ‚
1315 2123 1626 2188 numerati
1680 2140 1916 2202 eorum,
1982 2126 2205 2204 septem
2259 2121 2464 2187 millia
2506 2125 2564 2186 et

625 2207 959 2290 quinyenti.
1017 2207 1118 2272 23.
1164 2206 1482 2272 Familiae
1508 2207 1930 2273 G'ersoniticae
1938 2212 2080 2288 post
2100 2207 2562 2273 tabernaculum

622 2291 1225 2358 castrametabuntur
1289 2293 1374 2358 ad
1445 2292 1836 2359 Occidentem.
1957 2291 2062 2358 24.
2123 2292 2212 2357 Et
2263 2293 2564 2374 princeps

624 2378 846 2443 domus
878 2378 1090 2461 patris
1138 2377 1617 2445 Gersonitarum
1660 2378 1780 2443 erit
1808 2376 2127 2460 E'liasaph
2164 2377 2340 2460 filius
2383 2377 2559 2443 Lael.

626 2462 731 2528 25.
791 2462 1087 2528 Custodia
1149 2468 1354 2529 autem
1400 2464 1678 2543 filiorum
1737 2463 1977 2529 Gerson
2041 2464 2112 2527 in
2174 2462 2559 2529 tabernaculo

628 2549 1052 2613 conventionis
1084 2550 1202 2614 erit
1235 2549 1712 2625 tabernaculum,
1754 2552 1810 2613 et
1840 2549 2185 2628 tentorium,
2229 2549 2563 2631 operimen-

624 2638 758 2698 tum
833 2635 1000 2713 eius,
1086 2635 1379 2699 aulaeum
1457 2635 1599 2699 ostii
1675 2633 2058 2699 tabernaculi
2131 2633 2559 2699 conventionis.

626 2719 732 2784 26.
785 2717 1074 2785 Coitinae
1122 2720 1266 2784 item
1318 2720 1490 2798 atrii,
1545 2725 1603 2784 et
1658 2720 1951 2786 aulaeum
2009 2720 2154 2784 ostii
2203 2720 2358 2784 atrii
2399 2718 2562 2800 quod

626 2810 762 2871 erat
813 2805 1000 2869 iuccta
1052 2803 1544 2887 tabernaculum,
1597 2809 1653 2869 et
1707 2805 1888 2869 iuoeta
1943 2804 2143 2870 altare
2174 2824 2296 2885 per
2335 2804 2560 2870 circui-

623 2896 776 2969 tum,
839 2889 1023 2972 funes
1088 2910 1320 2971 quoque
1382 2891 1519 2955 eius
1580 2910 1705 2971 pro
1767 2890 1936 2953 omni
1996 2890 2343 2954 ministerio
2405 2889 2561 2953 eius.

626 2977 730 3041 27.
779 2974 868 3040 Et
907 2976 1115 3057 ipsius
1161 2974 1386 3040 Cehath
1423 2977 1542 3041 erit
1578 2975 1835 3058 familia
1875 2972 2327 3053 Amo-amium,
2371 2979 2426 3039 et
2463 2974 2563 3056 fa-

624 3061 810 3127 milia
865 3059 1210 3125 Iskaritica
1224 3111 1238 3140 ,
1288 3065 1344 3125 et
1391 3061 1652 3143 familia
1708 3058 2111 3125 Hebronitica
2126 3112 2141 3141 ,
2199 3065 2253 3125 et
2304 3059 2564 3141 familia

645 3144 1039 3214 Ueeielitica:
1081 3146 1238 3211 istae
1280 3152 1424 3211 sunt
1463 3146 1753 3229 familiae
1790 3142 2217 3212 Cehathiticae.
2306 3146 2409 3211 28.
2460 3144 2567 3211 Se-

626 3232 904 3300 cundum
957 3250 1286 3299 numerum
1342 3233 1542 3298 omnis
1602 3230 1874 3330 masculi
1925 3251 1968 3295 a
2015 3231 2170 3329 filio·
2212 3231 2445 3296 mensis
2509 3235 2566 3295 et

627 3317 2566 3484 afflfnfffflrwfflfifflwemm

628 3487 1159 3554 strametabuntur
1229 3489 1317 3555 ad
1388 3490 1556 3554 latus
1617 3488 1999 3554 tabernaculi
2061 3487 2146 3553 ad
2211 3488 2565 3554 Meridiem.

630 3574 736 3640 30.
783 3571 873 3636 Et
901 3574 1198 3655 princeps
1229 3575 1448 3639 dmus
1467 3573 2075 3655 patrisfamiliamm
2102 3572 2568 3638 Cehathitarum

631 3659 757 3727 erit
817 3655 1183 3738 Elisaphan
1242 3658 1419 3739 filius
1499 3658 1726 3723 Uzeiel.
1836 3659 1942 3724 31.
2006 3657 2304 3725 Custodia
2357 3658 2568 3724 autem

632 3764 844 3811 eorum
886 3744 1004 3809 erit
1045 3763 1214 3822 arca,
1259 3749 1315 3809 et
1354 3764 1588 3824 mensa,
1626 3748 1682 3809 et
1721 3744 2176 3821 candelabrum,
2221 3750 2277 3810 et
2311 3744 2568 3819 altaria,

632 3836 688 3897 et
729 3849 885 3894 vasa
922 3830 1273 3895 sanctitatis
1314 3830 1386 3895 in
1418 3829 1642 3911 quibus
1675 3830 2132 3905 ministrabunt,
2178 3835 2232 3894 et
2253 3831 2566 3909 aulaeum,

631 3922 688 3982 et
741 3917 1104 3980 universum
1158 3935 1313 3998 opus
1369 3918 1521 3981 eius.
1612 3915 1715 3980 32.
1768 3914 1966 3980 Porro
2001 3916 2292 3998 princeps
2321 3916 2568 3996 princi-

620 4022 785 4085 pum
826 4001 1191 4065 Levitarum
1232 4002 1348 4066 erit
1369 4000 1645 4066 Eleazar
1683 4000 1860 4082 filius
1902 4000 2164 4066 Aharon
2204 4002 2566 4068 sacerdotis:

620 4086 1030 4270 anm
1048 4086 1808 4270 mustacem..
1785 4091 2286 4269 castet
2315 4092 2571 4254 Μ

637 4256 962 4322 Musitica.
1045 4257 1216 4323 Istae
1247 4264 1390 4323 sunt
1426 4258 1715 4340 familiae
1758 4256 2023 4322 Merari.
2089 4257 2192 4321 34.
2239 4258 2574 4322 Numerati

635 4347 841 4408 autem
881 4360 1090 4407 eorum
1129 4344 1463 4409 secundum
1504 4363 1830 4408 numerum
1873 4342 2118 4408 ordinis
2157 4341 2450 4421 masculi,
2493 4341 2572 4406 ab

634 4447 762 4492 uno
805 4447 1009 4492 mense
1065 4434 1120 4492 et
1175 4449 1407 4512 supra,
1463 4449 1574 4493 sex
1626 4428 1831 4492 millia
1886 4432 1942 4492 et
1982 4428 2246 4493 ducenti.
2335 4428 2437 4492 35.
2487 4427 2575 4493 Et

720 4514 926 4594 inceps
965 4513 1184 4577 domus
1216 4515 1434 4597 patris
1468 4513 1866 4596 familiarum
1904 4511 2158 4578 Merari
2198 4515 2318 4579 erit
2363 4513 2576 4579 Suriel

631 4598 811 4682 filius
854 4596 1149 4662 Abihail:
1203 4605 1385 4681 atque
1440 4598 1509 4662 hi
1562 4599 1647 4664 ad
1699 4598 1864 4663 latus
1917 4598 2297 4665 tabernaculi
2337 4605 2573 4665 castra-

633 4684 1027 4751 metabuntur
1087 4684 1175 4748 ad
1238 4685 1626 4765 Aquilonem,
1735 4685 1837 4749 36.
1899 4683 2301 4767 Praefectura
2369 4691 2574 4750 autem

633 4771 949 4838 custodiae
964 4769 1244 4851 filiorum
1269 4769 1530 4850 Mercri,
1564 4770 1812 4835 tabulae
1855 4770 2251 4845 tabernaculi,
2293 4775 2347 4835 et
2386 4776 2574 4836 vectes

639 4859 795 4937 eius,
848 4861 903 4920 et
942 4857 1260 4922 columnae
1302 4856 1469 4936 eius,
1512 4862 1570 4921 et
1611 4856 1788 4921 bases
1831 4858 1996 4932 eius,
2041 4857 2372 4939 omniaque
2412 4877 2570 4921 vasa

637 4946 794 5019 eius,
849 4947 906 5007 et
956 4943 1324 5007 universum
1375 4962 1529 5023 opus
1572 4943 1725 5007 eius.
1814 4942 1916 5007 37.
1967 4940 2298 5007 Columnae
2335 4962 2572 5024 quoque

635 5029 791 5092 atrii
835 5048 960 5109 per
1012 5028 1338 5094 circuitum
1354 5077 1368 5102 ‚
1422 5031 1480 5092 et
1521 5025 1699 5093 bases
1740 5047 1989 5105 earum,
2034 5033 2091 5092 et
2131 5028 2293 5093 clavi
2334 5047 2567 5106 earum,

636 5117 695 5177 et
732 5112 920 5193 funes
961 5133 1199 5178 earum.
1289 5113 1389 5179 38.
1443 5113 1566 5194 Qui
1608 5132 1750 5178 vero
1785 5113 2384 5179 castrametabuntur
2428 5118 2571 5179 ante

636 5196 1117 5276 tabernaculum,
1179 5200 1264 5263 ad
1313 5198 1640 5277 Orientem,
1698 5199 1766 5262 in
1798 5202 1984 5280 parte
2026 5200 2331 5264 anteriore
2372 5198 2569 5264 taber-

636 5284 849 5349 naculi
890 5286 1321 5362 conventionis,
1366 5284 1450 5348 ad
1501 5283 1806 5348 Orientem
1839 5288 2020 5349 erunt
2040 5282 2254 5349 Moses
2295 5290 2350 5350 et
2390 5284 2569 5350 Aha-

634 5390 781 5447 ron,
839 5371 1081 5451 filiique
1132 5371 1268 5436 eius
1330 5370 1732 5436 custodientes
1796 5370 2136 5435 custodiam
2199 5371 2566 5447 sanctuarii,

2024 480 2431 549 REDI'PUS
2474 482 2605 548 AD
2645 478 3188 546 HISTORIAM.

4463 474 4590 541 152

2648 688 2772 753 pro
2816 670 3096 736 custodia
3132 668 3407 750 filiorum
3436 667 3672 734 Israel:
3717 671 4008 731 externus
4048 670 4202 731 certe
4240 665 4354 747 qui
4393 684 4588 731 acces-

2655 756 2807 821 serit
2845 756 3159 821 morietur.
3246 754 3348 821 39.
3399 753 3624 820 Omnes
3655 752 3968 818 numerati
4012 750 4392 829 Levitarum‚
4437 769 4589 833 quos

2653 841 3005 906 numeravit
3050 840 3260 906 Moses
3304 847 3362 906 et
3402 839 3667 905 Aharon
3724 839 3903 903 iuxta
3944 855 4283 902 sermonem
4328 835 4589 901 Iehovae

2645 947 2766 1009 per
2815 926 3102 1009 familias
3158 946 3396 1003 eorum,
3453 945 3658 991 omnes
3709 942 3914 988 mares
3969 922 4210 1022 chuno
4272 941 4474 987 mense
4530 925 4589 986 et

2657 1031 2880 1162 m
2894 1007 4005 1179 em...
4023 1006 4592 1174 neme.

2657 1203 2800 1248 rum
2823 1182 3035 1248 Israel
3070 1182 3146 1247 ab
3179 1202 3303 1247 uno
3335 1202 3538 1248 mense
3571 1185 3627 1244 et
3658 1201 3874 1262 supra,
3920 1184 3976 1244 et
4015 1181 4222 1259 accipe
4262 1197 4588 1244 numerum

2660 1269 2977 1334 nominum
3033 1287 3259 1334 eorum.
3375 1268 3477 1332 41.
3541 1264 3883 1347 Capiesque
3933 1265 4184 1330 Levitas
4238 1263 4394 1328 mihi
4457 1261 4589 1349 (eqo

2661 1352 2914 1440 Iehova)
2950 1353 3085 1418 'loco
3127 1353 3402 1419 omnium
3434 1352 3995 1436 primoqenitorum
4043 1350 4316 1431 filiorum
4360 1348 4587 1426 Israel,

2660 1445 2714 1503 et
2756 1439 2985 1504 bestias
3028 1438 3391 1505 Levitarum
3447 1439 3572 1504 loco
3609 1438 3885 1501 omnium
3918 1436 4470 1519 primoyenitorum
4512 1453 4593 1500 ex

2659 1524 2868 1589 bestiis
2905 1523 3182 1605 filiorum
3237 1524 3465 1590 Israel.
3563 1522 3666 1587 42.
3708 1521 4080 1587 Numeravit
4126 1522 4334 1603 itaque
4376 1519 4591 1586 Moses

2660 1610 3172 1691 quemadmodum
3213 1610 3270 1674 ei
3313 1613 3715 1691 praeceperat
3768 1606 4015 1685 Iehova,
4071 1626 4309 1673 omnem
4340 1606 4590 1686 primo-

2656 1696 2933 1779 qenitum
2972 1696 3045 1759 in
3091 1695 3250 1775 filiis
3292 1694 3517 1760 Israel.
3602 1694 3705 1758 43.
3753 1691 4155 1775 fueruntque
4206 1693 4418 1757 omnia
4445 1691 4566 1774 pri
4575 1727 4592 1739 .

2660 1781 2963 1865 moqenita
3019 1780 3301 1846 mascula
3319 1831 3334 1857 ,
3388 1780 3725 1845 secundum
3774 1797 4098 1844 numerum
4149 1778 4426 1842 nomium
4439 1826 4454 1853 ,
4510 1775 4593 1841 ab

2661 1887 2783 1931 uno
2820 1866 2956 1948 filio
2994 1867 3243 1941 mensis,
3293 1869 3348 1930 et
3387 1886 3602 1948 supra,
3635 1885 3758 1947 per
3797 1868 4151 1929 numeratos
4193 1882 4418 1941 eorum,
4462 1862 4592 1927 duo

2660 1958 2714 2017 et
2754 1952 2976 2035 viqinti
3015 1951 3238 2028 millia,
3283 1955 3337 2014 et
3376 1951 3619 2017 ducenti
3659 1950 4052 2032 septuaqinta
4093 1953 4230 2014 tres.
4319 1948 4420 2013 44.
4467 1947 4590 2012 Lo-

2661 2042 3010 2120 quutusque
3065 2042 3156 2101 est
3210 2035 3438 2102 Iehova
3480 2036 3568 2102 ad
3609 2035 3861 2100 Mosen:
3899 2034 4184 2099 dicendo.-
4268 2034 4372 2099 45.
4423 2031 4593 2113 Cape

2662 2123 2918 2188 Levitas
2972 2123 3097 2187 loco
3139 2122 3413 2188 omnium
3441 2120 3999 2205 primoqenitorum
4052 2121 4125 2185 in
4161 2120 4322 2202 filiis
4367 2118 4594 2196 Israel,

2661 2213 2716 2273 et
2759 2207 2987 2273 bestias
3029 2207 3392 2271 Levitarum
3422 2226 3549 2290 pro
3586 2206 3794 2272 bestiis
3835 2225 4045 2272 eorum
4058 2253 4074 2284 ,
4131 2211 4430 2287 eruntque
4470 2204 4594 2269 mei

2666 2294 2949 2358 Levitae.-
3006 2313 3111 2376 eqo
3167 2290 3413 2358 Iehova.
3500 2292 3605 2357 46.
3653 2290 3851 2357 Porro
3893 2291 4336 2373 redemptiones
4370 2291 4594 2356 ducen-

2663 2385 2864 2445 torum
2919 2379 3310 2460 septuaqinta
3362 2380 3554 2443 trium
3603 2377 3953 2444 redundant
4006 2376 4172 2441 ultra
4202 2376 4497 2455 ‚Levita-s,
4552 2396 4597 2440 a

2652 2463 3087 2547 primoqenitis
3123 2462 3402 2543 filiorum
3422 2462 3647 2527 Israel.
3730 2462 3834 2527 47.
3884 2461 4107 2545 Capies
4147 2462 4368 2544 quinos
4407 2460 4597 2526 siclos

2662 2552 2734 2614 in
2771 2548 3021 2631 sinqula
3062 2549 3271 2629 capita
3311 2549 3644 2614 secundum
3686 2547 3909 2613 siclum
3964 2548 4314 2614 sanctuarii
4355 2548 4599 2628 capies:

2663 2635 2729 2699 vi
2782 2635 2889 2699 ‘nti
2945 2632 3252 2699 obolorum
3307 2640 3398 2700 est
3447 2635 3656 2701 siclus.
3759 2633 3863 2698 48.
3906 2632 4231 2715 Dabisque
4261 2634 4599 2716 pecuniam

2779 2740 2841 2784 m
2888 2718 3178 2785 Akaroni
3235 2725 3291 2785 et
3337 2720 3497 2801 filiis
3538 2722 3687 2796 eius,
3750 2720 4194 2801 redemptiones
4234 2739 4445 2785 eorum
4485 2716 4601 2798 qui

2665 2811 3041 2886 exsuperant
3073 2805 3145 2870 in
3163 2805 3312 2871 illis.
3397 2806 3499 2872 49.
3546 2804 3797 2888 Accepit
3836 2825 3977 2889 erqo
4022 2804 4234 2870 Moses
4260 2804 4601 2886 pecuniam

2665 2891 3103 2973 redemptionis
3158 2890 3235 2955 ab
3290 2892 3378 2955 iis
3433 2892 3543 2973 qui
3594 2890 3975 2973 superabant
4026 2890 4191 2954 ultra
4253 2892 4602 2969 redemptos

2670 2976 3068 3041 Levitarum:
3119 2976 3221 3042 50.
3268 2977 3331 3040 A
3348 2978 3790 3061 primoqenitis
3819 2975 4099 3056 filiorum
4119 2976 4332 3042 Israel
4370 2975 4603 3056 accepit

2654 3063 2993 3143 pecuniam
3032 3061 3204 3126 mille
3242 3066 3527 3127 trecentos
3568 3062 3901 3146 seccayinta
3942 3063 4212 3143 quinque
4251 3062 4450 3139 siclos,
4508 3081 4602 3126 se-

2664 3148 2930 3212 cundum
2971 3147 3193 3211 siclum
3232 3148 3598 3213 sanctuarii.
3685 3147 3786 3213 51.
3832 3145 4141 3228 Deditque
4175 3144 4387 3213 Moses
4417 3165 4603 3229 pecu*

2665 3234 2840 3298 niam
2916 3232 3400 3315 redemptionum
3463 3233 3755 3299 Aharoni
3835 3237 3891 3295 et
3948 3232 4107 3313 filiis
4172 3233 4308 3297 eius
4325 3284 4341 3311 ,
4417 3232 4604 3296 iuxta

2663 3338 2999 3469 slmlimovomm
3076 3317 3367 3398 lehovae,
3443 3317 3953 3401 quemadmodum
4016 3322 4419 3401 praeceperat
4497 3316 4604 3382 illi

2710 3424 2741 3468 e
2853 3425 2911 3469 a.

2840 3575 2896 3639 1.
2964 3572 3108 3639 Hae
3160 3579 3307 3639 sunt
3356 3574 3797 3658 qenerationes.
3888 3572 4200 3639 Seorsum
4242 3595 4420 3639 nunc
4469 3574 4602 3639 Le-

2664 3660 2835 3725 vitas
2909 3668 3220 3725 recenset.
3321 3660 3693 3743 Antequam
3766 3677 3925 3723 vero
4002 3657 4083 3723 ad
4164 3658 4603 3744 colligendum

2666 3765 3012 3811 numerum
3089 3744 3469 3822 descendat,
3550 3744 3834 3810 breviter
3911 3745 4108 3810 refert
4178 3747 4344 3828 quod
4411 3745 4606 3829 paulo

2667 3841 2820 3898 ante
2864 3832 3069 3897 fusius
3114 3831 3438 3909 narravit,
3499 3851 3580 3895 ex
3616 3844 3893 3913 quatuor
3926 3829 4077 3894 filiis
4124 3830 4396 3895 Aharon
4441 3829 4607 3896 duos

2666 3927 2922 3982 tantum
2958 3917 3156 3982 fuisse
3191 3917 3363 4000 patri
3397 3917 3812 4001 superstites:
3849 3915 4001 3998 quia
4036 3913 4267 3981 Nadab
4292 3926 4357 3980 et
4383 3916 4608 3983 Abihu

2667 4002 2748 4068 ob
2797 4012 3174 4085 corruptum
3233 4002 3625 4067 sacrificium
3685 4000 4123 4086 negligentiae
4167 4023 4323 4067 suae
4365 4021 4609 4086 poenas

2668 4088 3003 4154 dederunt.
3092 4087 3226 4155 Sex
3286 4108 3476 4170 porro
3559 4109 3785 4153 versus
3851 4108 4010 4170 quos
4072 4086 4303 4153 inserit
4367 4087 4610 4166 Moses,

2669 4175 2822 4257 quia
2894 4174 3228 4258 pertinent
3293 4174 3374 4239 ad
3450 4172 3846 4240 sacerdotale
3922 4193 4194 4252 munus,
4274 4192 4392 4237 suo
4466 4172 4607 4238 loco

2668 4260 2941 4323 fuerunt
2981 4259 3276 4343 expositi.
3365 4259 3675 4344 Dignitas
3733 4258 3990 4341 quidem
4045 4259 4252 4324 tribus
4311 4259 4609 4325 leviticas

2670 4344 2778 4409 hic
2824 4345 3347 4422 commendatur,
3402 4347 3514 4412 ubi
3561 4344 3743 4410 Deus
3778 4344 4231 4429 primogenitis
4275 4354 4610 4426 comparat

2670 4430 2964 4496 Levitae.
3051 4432 3419 4514 Attingitur
3496 4432 3693 4498 etiam
3777 4451 4119 4495 munerum
4208 4429 4609 4496 distributio:

2671 4515 2785 4581 sed
2841 4514 3096 4598 quando
3152 4516 3313 4581 haec
3365 4518 3713 4583 coniuncta
3760 4526 3914 4580 sunt
3957 4537 4106 4581 cum
4149 4515 4612 4600 supputatione

2670 4601 2901 4683 reliqui
2947 4601 3194 4684 populi,
3240 4610 3305 4665 et
3347 4603 3600 4667 ratione
3636 4601 4169 4677 castrametandi,
4227 4623 4374 4668 cum
4418 4621 4614 4683 supe-

2671 4686 2950 4752 rioribus
3002 4698 3347 4751 contexere
3400 4687 3615 4752 visum
3676 4696 3802 4752 est:
3860 4687 4012 4769 quia
4056 4686 4291 4769 alioqui
4330 4688 4614 4769 abrupta

2671 4781 2843 4838 esset
2887 4771 3173 4837 historia.
3257 4774 3343 4837 Et
3386 4783 3561 4839 certe
3596 4773 3664 4838 in
3711 4780 4014 4838 contextu
4061 4792 4253 4855 quem
4292 4780 4613 4856 sequutus

2670 4876 2850 4938 sum,
2917 4858 2996 4922 de
3044 4859 3350 4941 cuiusque
3418 4859 3699 4925 familiae
3764 4858 3974 4923 officio
4013 4880 4143 4923 non
4202 4858 4418 4942 agitur
4481 4858 4611 4922 nisi

2670 4966 2787 5027 per
2864 4944 3299 5025 occasionem,
3379 4954 3451 5008 ut
3531 4945 3811 5029 singulis
3886 4952 4037 5008 nota
4109 4954 4282 5009 esset
4347 4944 4614 5028 propria

2670 5030 2884 5095 statie.

2839 5116 2936 5179 12.
3004 5114 3141 5200 qu
3193 5116 3310 5181 tuli
3364 5116 3634 5182 Levitas.
3724 5113 4056 5195 Quorsum
4115 5115 4300 5181 Deus
4361 5114 4606 5180 tribum

2669 5222 2866 5266 unam
2928 5201 3048 5266 sibi
3115 5202 3426 5281 vindicet,
3485 5200 3681 5284 paulo
3740 5210 3886 5283 post
3947 5201 4185 5267 clarius
4252 5200 4612 5266 videbitur:

2669 5308 2845 5352 nunc
2908 5295 3165 5351 tantum
3232 5287 3417 5353 docet
3482 5287 3751 5351 Levitae
3816 5286 3958 5351 iure
4016 5308 4165 5352 suos
4224 5308 4392 5364 esse,
4461 5287 4614 5370 quia

2669 5372 3010 5457 singulari·
3042 5371 3352 5439 beneficio
3394 5375 3462 5437 in
3520 5371 3703 5439 clade
3760 5373 4144 5456 aegyptiaca
4188 5373 4614 5458 primogeniti
