5017 6142
420 443 543 510 541

423 631 725 718 mitigata
766 630 911 714 fuit,
954 630 1068 698 sed
1113 651 1436 699 conversa
1481 631 1553 699 in
1597 631 1904 698 eximiam
1946 631 2368 716 dignitatem:

422 719 578 804 quia
634 718 829 786 locati
881 725 1039 785 suut
1094 717 1236 786 eius
1287 718 1532 802 posteri
1590 726 1906 802 tanquam
1959 719 2026 784 in
2086 716 2371 802 speculis

423 803 507 870 ad
542 804 855 890 populum
898 805 968 869 in
1025 803 1238 871 officio
1286 804 1552 888 pietatis
1610 803 2051 871 retinendum.
2140 802 2368 886 Quan-

421 901 567 956 tum
611 911 769 957 vero
813 889 895 956 ad
933 889 1207 957 Simeon
1241 897 1511 974 spectat,
1555 889 1728 974 quod
1761 890 1904 957 eius
1938 891 2214 974 posteris
2258 886 2371 953 da-

424 985 530 1043 tae
572 975 843 1042 fuerunt
884 984 1098 1042 certae
1141 976 1336 1042 nrbes
1389 976 1461 1042 in
1505 976 1750 1043 ditione
1793 975 1995 1058 Iuda,
2041 973 2204 1041 haec
2247 974 2373 1040 fuit

422 1063 771 1130 manifesta
804 1060 1139 1147 dissipatio
1182 1061 1264 1127 de
1306 1082 1437 1146 qua
1468 1063 1871 1128 vaticinatus
1905 1062 2121 1127 fuerat
2152 1059 2369 1127 Iacob.

423 1147 751 1231 Quamvis
793 1148 970 1213 enim
1014 1148 1238 1214 reiecti
1274 1169 1408 1214 non
1454 1149 1700 1214 fuerint
1731 1149 1803 1213 in
1848 1147 2079 1232 longas
2122 1146 2371 1213 distan-

420 1234 577 1315 tias,
619 1233 921 1317 inquilini
979 1241 1199 1298 tamen
1257 1255 1334 1300 ac
1395 1234 1675 1318 dispersi
1732 1235 1999 1300 fuerunt
2055 1254 2260 1316 quum
2300 1231 2371 1297 in

420 1319 638 1386 alieno
704 1317 1168 1386 habitaverint.
1263 1321 1446 1405 Ergo
1510 1327 1777 1405 propter
1850 1326 2137 1404 stragem
2156 1369 2173 1397 ,
2240 1338 2374 1383 non

420 1406 677 1472 minore
734 1405 1009 1489 perfidia
1051 1425 1247 1488 quam
1303 1405 1688 1473 crudelitate
1743 1403 2020 1485 editam,
2085 1402 2375 1488 separati

420 1491 695 1558 fuerunt
757 1491 829 1557 in
898 1490 1158 1559 diversa
1228 1491 1530 1576 hospitia.
1637 1491 1788 1558 Hoc
1849 1490 2103 1558 crimen
2167 1490 2375 1573 patris

421 1579 735 1644 reiectum
778 1577 907 1643 fuit
947 1577 1019 1642 in
1042 1579 1261 1643 sinum
1306 1578 1612 1656 filiorum,
1656 1584 1723 1644 et
1744 1578 1929 1644 Deus
1971 1575 2373 1644 sententiam

420 1685 616 1750 quam
660 1683 852 1730 servo
897 1682 1017 1729 suo
1061 1661 1425 1730 dictaverat
1465 1686 1538 1732 re
1581 1662 1726 1748 ipsa
1767 1663 2068 1729 sancivit.
2158 1660 2374 1729 Sortis

421 1750 619 1817 etiam
667 1749 910 1815 veritas
966 1749 1140 1815 clare
1199 1748 1326 1815 fuit
1382 1749 1818 1835 comprobata.
1907 1746 2101 1831 Quod
2153 1754 2373 1814 autem

421 1834 789 1903 detrahitur
829 1835 1114 1900 familiae
1155 1834 1325 1901 Iuda
1368 1836 1588 1919 aliqua
1629 1835 1873 1921 portio,
1927 1835 2167 1901 iterum
2223 1854 2374 1918 per-

419 1921 735 2006 spicimus
752 1972 768 2002 ,
824 1919 1182 2005 quamlibet
1234 1921 1594 2005 prudenter
1648 1921 2001 1988 statuerint
2054 1919 2374 1987 divisores

417 2007 814 2091 aequitatem
837 2027 1121 2086 servare,
1165 2028 1386 2074 errore
1408 2017 1630 2075 tamen
1671 2007 1875 2074 fuisse
1894 2006 2135 2090 lapsos,
2179 2025 2372 2090 quem

418 2093 748 2179 corrigere
813 2114 944 2158 non
1009 2091 1279 2176 puduit,
1339 2094 1536 2160 simul
1582 2113 1658 2158 ao
1717 2093 1838 2159 fuit
1905 2091 2370 2176 deprehensus.

415 2180 559 2247 Nec
599 2178 955 2246 absurdum
999 2187 1098 2244 est
1140 2181 1442 2263 quamvis
1482 2179 1611 2246 Dei
1668 2180 1905 2263 spiritu
1963 2185 2373 2263 regerentur,

418 2266 622 2333 fuisse
678 2272 897 2331 tamen
954 2265 1172 2348 aliqua
1212 2266 1279 2331 in
1341 2274 1529 2350 parte
1585 2265 1930 2349 deceptos:
1992 2264 2147 2348 quia
2189 2263 2372 2329 Deus

418 2350 768 2435 aliquando
828 2370 1056 2418 servos
1109 2372 1262 2418 suos
1324 2352 1560 2435 spiritu
1634 2351 1860 2419 iudicii
1912 2349 2245 2426 destituit,
2306 2357 2374 2413 et

417 2438 806 2504 humanitus
849 2436 976 2502 hoc
1016 2437 1121 2503 vel
1167 2436 1333 2503 illud
1376 2458 1571 2519 agere
1613 2437 1877 2522 patitur,
1922 2456 2008 2501 ne
2051 2436 2122 2501 in
2168 2434 2374 2500 nimia

420 2523 819 2608 perspicacia
861 2522 1213 2589 exsultent.
1305 2523 1495 2590 Adde
1538 2523 1707 2608 quod
1753 2522 2034 2607 populus
2077 2540 2234 2588 suae
2276 2519 2376 2586 in-

419 2610 641 2678 curiae
689 2619 759 2675 et
802 2628 1073 2675 securae
1122 2608 1559 2677 festinationis
1615 2629 1892 2694 poenam
1947 2606 2156 2674 dedit:
2218 2607 2374 2690 quia

420 2696 735 2763 debuerat
771 2695 852 2762 ab
886 2695 1077 2760 initio
1111 2695 1348 2762 melius
1382 2703 1694 2763 excutere
1728 2700 2049 2780 quantum
2091 2693 2258 2760 iuris
2299 2692 2373 2757 in

420 2781 712 2864 singulos
768 2789 1197 2865 competeret:
1267 2782 1438 2867 quod
1496 2782 1805 2868 neglexit.
1907 2780 2159 2864 Magna
2211 2777 2372 2844 ditio

419 2889 539 2953 per
580 2865 910 2933 inscitiam
968 2876 1387 2934 coarcervata
1442 2869 1663 2935 fuerat
1717 2866 1871 2933 filiis
1919 2865 2089 2932 Iuda
2105 2916 2122 2945 ‚
2182 2864 2371 2932 cuius

421 2960 674 3038 partem
720 2952 865 3019 aliis
885 2952 1260 3036 relinquere
1303 2954 1518 3040 coegit
1553 2955 1865 3038 aequitas.
1932 2951 2139 3036 Atqui
2184 2971 2370 3034 prae-

420 3040 640 3107 stabat
663 3047 878 3106 certos
899 3037 1143 3105 limites
1186 3040 1346 3124 ipsis
1389 3040 1593 3107 semel
1620 3039 1822 3108 statui
1863 3059 2063 3124 quam
2104 3036 2371 3122 spoliari

419 3145 573 3192 cum
613 3123 932 3191 molestia.
1019 3124 1212 3192 Adde
1256 3125 1425 3209 quod
1485 3147 1659 3194 vana
1715 3147 1832 3211 spe
1889 3122 2127 3209 singuli
2181 3143 2369 3208 prae-

420 3220 839 3296 sumpserant
881 3231 952 3277 se
987 3211 1181 3294 longe
1216 3211 1477 3296 lateque
1516 3212 1947 3292 habitaturos,
1983 3229 2058 3278 ac
2101 3212 2158 3276 si
2193 3218 2372 3276 terra

420 3298 565 3365 sine
605 3299 739 3364 fine
776 3317 847 3362 se
891 3297 1272 3381 porrigeret.

639 3432 654 3449 .
721 3381 826 3449 De
868 3384 1152 3465 portione
1202 3382 1500 3464 filiorum.
1605 3384 1835 3451 Laude
1901 3382 2098 3449 etiam
2171 3379 2371 3464 digna

422 3467 783 3535 moderatio
825 3467 1038 3535 tribus
1072 3468 1260 3550 Iuda,
1304 3490 1471 3553 quae
1514 3491 1648 3537 non
1692 3469 2029 3538 contendit
2070 3466 2369 3551 iniquum

421 3575 583 3633 esse,
629 3553 980 3638 quidquam
1024 3554 1151 3620 sibi
1196 3554 1277 3622 de
1321 3557 1616 3641 portione
1670 3557 1802 3622 iam
1859 3556 2198 3640 assignata
2258 3553 2369 3618 de-

418 3641 617 3708 trahi.
706 3639 1085 3707 Obtendere
1118 3642 1296 3707 enim
1330 3653 1706 3727 promptum
1751 3650 1896 3709 erat
1940 3640 2071 3707 Dei
2108 3660 2368 3719 nomen,

464 3728 575 3794 uia
610 3727 872 3792 nonnisi
907 3726 1051 3793 eius
1087 3729 1435 3793 autoritate
1455 3729 1677 3796 sedem
1698 3728 1878 3794 illam
1901 3726 2123 3811 adepti
2158 3732 2366 3793 erant.

418 3749 675 3879 Qerum
719 3814 871 3896 quia
914 3833 996 3878 ex
1041 3816 1374 3880 communi
1417 3817 1712 3882 omnium
1764 3814 2091 3882 sententia
2146 3812 2367 3879 decer-

418 3900 604 3965 nitur
641 3897 789 3981 plns
831 3898 962 3964 illis
1006 3919 1148 3965 esse
1183 3900 1430 3979 datum,
1474 3921 1669 3984 quam
1693 3900 1864 3984 quod
1907 3901 2051 3968 sine
2085 3899 2368 3965 aliorum

420 3983 765 4069 dispendio
808 3994 875 4050 et
920 3984 1165 4052 iniuria
1207 3985 1615 4069 possideant,
1661 3987 1886 4053 statim
1926 3985 2253 4053 desistunt
2284 3982 2368 4049 ab

417 4070 602 4137 omni
646 4067 950 4151 litigandi
991 4079 1362 4157 praetextu,
1408 4082 1475 4138 et
1517 4081 1692 4141 certe
1714 4072 1878 4140 falso
1921 4082 1989 4139 et
2022 4089 2365 4157 perperam

419 4156 551 4223 Dei
586 4176 826 4222 nomen
869 4154 1253 4239 iactassent,
1295 4159 1451 4258 quia
1494 4161 1616 4260 etsi
1662 4178 1805 4261 sors
1849 4179 2076 4225 eorum
2131 4155 2214 4222 ab
2248 4155 2364 4257 1119

419 4263 539 4394 ..Ἣ
543 4262 688 4394 1⁹3?
707 4249 889 4393 3222
916 4240 1665 4415 fflvgssfisszssf'ffisss
1697 4268 1720 4311 ¹
1769 4254 2096 4399 ..2353
2125 4241 2365 4396 3,Ἒέἒο

420 4414 670 4499 largius
708 4433 906 4497 quam
950 4411 1222 4481 decebat
1265 4417 1428 4483 fines
1485 4416 1740 4483 dilatati
1800 4417 2083 4484 fuerant.
2172 4413 2366 4498 Quod

420 4509 793 4584 agnoscunt
850 4498 976 4565 sibi
1034 4521 1184 4566 cum
1230 4501 1507 4569 aliorum
1550 4503 1804 4570 iactura
1844 4504 2017 4570 male
2065 4523 2209 4570 esse
2254 4500 2368 4567 da-

420 4597 587 4668 tum,
649 4583 930 4651 libenter
967 4583 1340 4669 dimittunt,
1384 4589 1754 4674 fratresque
1810 4610 1995 4668 suos,
2055 4590 2167 4673 qui
2210 4586 2368 4653 alio·

420 4673 534 4757 qui
590 4671 995 4738 haereditate
1047 4670 1359 4740 carebant
1380 4725 1395 4751 ,
1450 4675 1795 4759 excipiunt
1848 4675 2163 4761 hospitio:
2234 4674 2369 4739 imo

420 4758 652 4843 partiri
697 4776 845 4824 cum
889 4757 1051 4842 ipsis
1094 4759 1426 4826 sustinent
1468 4761 1641 4845 quod
1674 4761 1992 4846 putabant
2034 4762 2176 4829 sine
2215 4780 2371 4827 con·

419 4844 742 4913 troversia
783 4844 906 4911 sibi
948 4843 1082 4909 iam
1127 4845 1491 4928 quaesitum
1537 4867 1694 4914 esse.

598 5015 702 5082 10.
727 5015 1032 5082 Ascendit
1050 5020 1257 5082 autem
1281 5036 1426 5084 sors
1456 5020 1645 5085 tertia
1661 5018 1824 5101 filiis
1841 5018 2126 5086 Zabulon
2133 5037 2252 5102 per
2267 5016 2371 5100 fa-

420 5101 642 5168 milias
681 5121 872 5168 suas.-
912 5105 969 5167 et
1004 5101 1134 5184 fuit
1152 5104 1456 5169 terminm
1494 5104 1902 5172 haereditatis
1919 5125 2134 5171 eorum
2174 5124 2372 5187 usque

421 5188 511 5254 ad
558 5186 771 5254 San'd.
839 5186 941 5252 11.
986 5187 1407 5271 Ascenditque
1448 5191 1753 5256 terminus
1787 5211 2001 5258 eorum
2036 5190 2121 5256 ad
2160 5208 2368 5258 mare:

423 5279 482 5340 et
517 5271 837 5350 Maralah,
881 5278 940 5337 et
971 5275 1274 5358 perlinyit
1313 5274 1809 5342 adDabbaseth:
1841 5276 2243 5360 pervenitque
2286 5275 2372 5341 ad

415 5360 653 5441 flumen
685 5357 851 5440 quod
881 5361 973 5426 est
1012 5377 1046 5423 e
1086 5360 1332 5444 reqione
1365 5359 1671 5430 Ioeneam.
1746 5362 1846 5430 12.
1894 5362 2374 5445 Reverlilurque

1478 440 2222 513 COMMENTARIUS
2268 442 2370 510 IN
2413 440 2716 511 IOSUE.
2806 444 3110 513 CAPUT
3155 445 3351 513 XIX.

4296 449 4425 516 542

2474 650 2520 695 a
2561 628 2761 695 Sarid
2801 630 2888 696 ad
2928 630 3239 713 oricum,
3283 633 3356 699 id
3398 637 3507 713 est,
3552 632 3637 700 ad
3680 638 3883 699 ortum
3926 635 4115 716 solis,
4170 638 4258 704 ad
4307 642 4430 705 ter-

2473 716 2718 781 minum
2743 714 3317 795 Ghisloih-Thabor,
3362 722 3421 783 et
3450 719 3628 785 illine
3660 720 3974 804 egreditur
4016 723 4103 788 ad
4121 721 4427 806 Dobralh,

2474 806 2533 868 et
2565 801 2844 868 ascendit
2893 803 2965 868 in
3009 802 3265 885 Iaphia.
3356 804 3457 870 13.
3505 806 3666 871 Inde
3694 811 4031 887 praeterea
4070 811 4300 876 transit
4340 810 4430 878 ad

2476 887 2790 966 orientem,
2833 888 2922 954 ad
2964 894 3184 967 ortum
3230 889 3318 955 ad
3365 890 3913 974 Githah-Hepher,
3957 897 4013 959 et
4066 895 4154 961 ad
4200 894 4426 962 Delab-

2475 974 2690 1039 easin:
2730 977 2787 1041 et
2825 973 3005 1041 illine
3046 976 3176 1040 exit
3230 975 3305 1041 in
3348 974 3673 1055 Rimmon,
3730 982 3790 1043 et
3957 983 4026 1044 at
4078 980 4166 1047 ad
4211 982 4431 1049 Neah:

2480 1060 2583 1125 14.
2634 1059 2841 1143 Gyrat
2874 1059 3021 1126 item
3061 1060 3228 1126 idem
3269 1063 3573 1129 tevvninus
3606 1062 3684 1128 ab
4048 1067 4133 1132 ad
4160 1065 4429 1134 Hanna-

2474 1146 2656 1211 thon:
2696 1150 2960 1228 suntque
3002 1149 3443 1231 eqressuseius
3484 1148 4142 1232 advallemlphthael.
4214 1154 4312 1219 15.
4339 1153 4429 1220 Et

2482 1230 2795 1309 Οααῖιαϋι,
2843 1236 2898 1296 et
2938 1230 3257 1312 Nahalal,
3300 1238 3356 1299 el
3402 1232 3682 1314 Simron,
3729 1241 3789 1300 et
3828 1236 4094 1318 Idalalu,
4137 1243 4194 1305 et
4234 1239 4426 1305 Beth-

2477 1317 2704 1384 lehem.-
2742 1315 2931 1382 urbes
2969 1317 3307 1398 duodecim,
3352 1324 3410 1385 et
3439 1319 3634 1387 villae
3674 1342 3913 1389 earmn.
3975 1323 4074 1389 16.
4122 1323 4297 1391 Haec
4334 1331 4428 1393 est

2476 1403 2832 1470 haereditas
2881 1402 3157 1485 filiorum
3193 1404 3481 1471 Zabulon
3510 1426 3635 1490 per
3677 1407 3969 1491 familias
4009 1429 4167 1476 suas
4181 1435 4201 1476 .·
4240 1411 4426 1478 urbes

2475 1490 2655 1568 istae,
2690 1493 2747 1554 el
2787 1487 2973 1554 villae
3012 1509 3250 1556 earum.
3342 1491 3443 1558 17.
3490 1492 3638 1574 Ipsi
3681 1493 3983 1561 Issachar
4035 1516 4285 1581 egressa
4337 1501 4426 1564 est

2475 1594 2615 1640 sors
2650 1579 2898 1657 quarta,
2939 1573 3102 1656 filiis
3140 1577 3405 1659 inquam
3426 1577 3730 1644 Issaelzar
3760 1600 3881 1663 per
3921 1580 4210 1662 familias
4250 1601 4423 1650 suas.

2481 1660 2583 1727 18.
2628 1659 2719 1726 Et
2750 1659 2881 1743 fuit
2919 1662 3225 1727 minus
3262 1682 3480 1729 eorum
3522 1664 3800 1745 Ieerael,
3856 1670 3914 1730 et
3959 1665 4313 1750 ersuloth,
4370 1674 4428 1736 et

2482 1747 2750 1826 Sunem,
2811 1746 2912 1812 19.
2958 1745 3047 1812 Et
3089 1742 3532 1832 Hapharaim,
3576 1755 3632 1816 et
3680 1750 3870 1832 Sion,
3928 1757 3984 1817 et
4025 1753 4424 1835 Anaharath,

2477 1833 2583 1901 20.
2627 1830 2717 1898 Et
2761 1831 3054 1911 Rabbith,
3099 1837 3156 1899 et
3201 1832 3434 1916 Oision,
3475 1840 3531 1902 et
3573 1836 3789 1903 Abeth.
3870 1837 3973 1903 21.
4018 1838 4108 1903 Et
4151 1839 4424 1918 Reman,

2477 1924 2535 1985 et
2568 1917 2944 2003 Enqannin,
2986 1923 3044 1985 et
3082 1918 3477 2000 Enhaddah,
3533 1926 3591 1988 et
3643 1921 4097 2006 Beth-passm».
4187 1926 4291 1992 22.
4336 1925 4429 1992 Et

2472 2004 2755 2089 pervenit
2798 2005 3103 2072 terminus
3142 2005 3216 2072 in
3268 2005 3549 2086 Thabor,
3606 2013 3662 2074 et
3706 2007 4074 2090 Sahasima,
4133 2015 4192 2076 et
4233 2011 4426 2078 Beth-

2477 2111 2709 2158 semes:
3114 2091 3321 2158 eoeiius
3361 2093 3610 2159 termini
3663 2113 3874 2159 eorum
3927 2095 4014 2162 ad
4055 2095 4429 2165 Iordanem:

2476 2178 2662 2243 urbes
2694 2177 2975 2257 sedecim,
3017 2180 3074 2243 et
3113 2177 3307 2243 villae
3347 2198 3583 2244 earum.
3651 2180 3755 2246 23.
3797 2180 3975 2247 Haec
4017 2187 4109 2249 est
4146 2183 4429 2251 haeredi·

2476 2268 2579 2328 tas
2609 2262 2811 2328 tribus
2849 2262 3130 2345 filiorum
3173 2262 3477 2331 Issachar
3504 2284 3630 2347 per
3673 2265 3967 2348 familias
4007 2289 4189 2334 suas.-
4244 2269 4428 2337 urbes

2476 2354 2534 2416 et
2573 2348 2762 2415 villae
2804 2368 3038 2414 earum,
3127 2348 3231 2414 24.
3275 2348 3556 2434 Eqressa
3611 2356 3702 2416 est
3753 2356 3960 2417 autem
4009 2372 4149 2419 sors
4204 2356 4428 2438 quinta

2475 2435 2673 2502 tribui
2710 2434 2991 2517 filiorum
3032 2434 3202 2501 Aser
3230 2454 3355 2517 per
3391 2435 3684 2519 familias
3735 2458 3909 2504 suas.
3998 2438 4103 2505 25.
4148 2439 4428 2525 Fuitque

2474 2523 2782 2588 temam
2813 2540 3026 2587 eorum
3068 2519 3352 2604 Heleath,
3396 2527 3453 2588 et
3496 2521 3691 2600 Hali,
3736 2529 3796 2588 et
3834 2522 4104 2604 Bethen,
4161 2531 4219 2592 et
4260 2526 4428 2595 Aah·

2475 2607 2646 2686 sach,
2691 2606 2793 2672 26.
2837 2606 2927 2671 Et
2955 2607 3327 2686 Alamelech,
3372 2612 3427 2674 el
3461 2608 3696 2689 Amad,
3731 2614 3788 2674 et
3823 2608 4024 2676 Msal
4064 2616 4119 2677 et
4147 2614 4431 2695 pervenit

2475 2695 2549 2760 in
2610 2692 3001 2759 Carmel-ad
3050 2713 3260 2773 mare,
3321 2698 3379 2759 et
3431 2695 3505 2760 in
3559 2693 3750 2760 Sikor
3803 2695 4095 2763 Libnath.
4182 2698 4286 2765 27.
4340 2697 4430 2764 Et

2473 2780 2803 2846 revertitur
2844 2779 2932 2845 ad
2984 2784 3191 2845 ortum
3245 2780 3402 2846 solis
3453 2781 3526 2846 in
3569 2779 3997 2866 Beth-dayon,
4048 2787 4105 2850 et
4133 2785 4431 2867 pervenit

2473 2867 2545 2931 in
2590 2864 2905 2944 Zabulon,
2964 2868 3022 2931 et
3074 2866 3146 2932 in
3203 2864 3426 2932 vallem
3474 2865 3764 2949 Iphtalzel
3813 2868 3901 2934 ad
3964 2869 4318 2951 aquilonem
4373 2875 4431 2936 et

2472 2953 2547 3017 in
2591 2949 2964 3029 Beth-emec,
3009 2956 3065 3018 et
3110 2949 3296 3017 Neel:
3343 2957 3401 3018 et
3441 2953 3569 3019 eoeil
3612 2954 3699 3019 ad
3745 2951 3988 3020 Ghabul
4039 2977 4083 3022 a
4138 2957 4425 3036 sinistra,

2473 3037 2580 3104 28.
2624 3035 2715 3104 Et
2757 3035 3006 3118 Ebron,
3048 3041 3106 3103 et
3149 3036 3391 3117 Rehob,
3434 3043 3494 3104 et
3535 3037 3881 3119 Hammon,
3926 3045 3984 3106 et
4030 3040 4280 3122 Oanalt,
4323 3062 4430 3108 us-

2473 3144 2589 3208 que
2631 3123 2719 3190 ad
2755 3121 2956 3190 Sidon
2995 3142 3323 3208 maynam:
3364 3124 3468 3190 29.
3508 3124 3984 3208 Revertiturque
4017 3127 4326 3194 terminus
4358 3129 4429 3194 in

2476 3210 2712 3291 Rama,
2756 3228 2954 3291 usque
2993 3210 3081 3276 ad
3121 3209 3336 3275 wrbem
3375 3211 3687 3276 munitam
3717 3216 3939 3293 petrae
3952 3236 3973 3277 .·
4012 3213 4161 3278 inde
4179 3214 4426 3280 reverti-

2473 3303 2582 3363 tur
2620 3296 2927 3362 terminus
2966 3295 3038 3361 in
3082 3294 3335 3362 Hosah:
3397 3317 3477 3362 su
3706 3298 3914 3363 exitus
3956 3299 4096 3364 eius
4137 3299 4223 3365 ad
4255 3320 4430 3366 mare

2474 3405 2520 3449 a
2555 3381 2839 3467 funiculo
2881 3379 3140 3460 Aelm'b,
3208 3381 3312 3448 30.
3358 3381 3450 3448 Et
3504 3380 3787 3464 Ummah,
3829 3388 3888 3449 et
3929 3383 4160 3466 Aphee,
4206 3390 4264 3451 et
4305 3384 4430 3451 Re·

2473 3468 2623 3536 hob.-
2677 3466 2863 3534 urbes
2903 3467 3132 3552 viqinti
3187 3468 3383 3548 duae,
3442 3473 3498 3535 et
3537 3468 3723 3535 villae
3778 3489 4017 3536 earum.
4103 3472 4207 3538 31.
4253 3470 4430 3540 Haec

2473 3560 2565 3622 est
2605 3554 2960 3621 haereditas
2999 3553 3203 3620 tribus
3232 3553 3514 3637 filiorum
3557 3554 3728 3623 Aser
3757 3575 3882 3639 per
3911 3556 4205 3639 familias
4245 3577 4430 3625 suas.-

2472 3641 2657 3707 urbes
2697 3641 2874 3722 istae,
2917 3645 2973 3706 et
3013 3640 3203 3707 villae
3242 3660 3480 3707 earum.

2649 3812 2750 3879 10.
2819 3812 3120 3880 Ascendit
3191 3818 3401 3881 aulem
3476 3832 3631 3879 sors.
3717 3812 3803 3878 In
3876 3820 4053 3880 sorte
4130 3814 4425 3881 Zabulon

2473 3898 2758 3967 dilucida
2801 3910 2903 3964 est
2943 3898 3189 3965 veritas
3232 3898 3526 3966 vaticinii
3569 3898 3795 3980 Iacob,
3896 3901 3967 3964 ui
4010 3900 4427 3984 praedixerat

2470 3985 2884 4053 habitaturos
2941 4005 3084 4050 esse
3128 3985 3301 4051 circa
3356 3985 3545 4052 littus
3607 3985 3811 4051 maris
3853 3921 4064 4072 {Gom
4110 3987 4196 4052 49
4211 4038 4226 4068 ‚
4290 3985 4419 4075 13).

2475 4071 2728 4151 Senex,
2786 4070 3004 4151 exsul,
3063 4071 3176 4155 qui
3265 4069 3451 4138 edem
3493 4070 3568 4136 in
3611 4090 3728 4137 suo
3773 4090 4016 4154 ponere
4059 4094 4190 4139 non
4234 4083 4423 4157 pote-

2470 4165 2576 4224 rat
2593 4208 2608 4239 ,
2674 4156 3051 4223 maritinam
3108 4177 3438 4243 regionem
3499 4156 3840 4223 addicebat
3895 4157 4103 4225 soboli
4152 4158 4273 4225 filii
4317 4159 4424 4226 sui

2469 4243 2784 4311 Zabulon.
2874 4241 3054 4325 Quid
3090 4244 3299 4329 magis
3347 4242 3692 4308 ridiculum
3708 4241 3740 4305 *ἓ
3816 4242 4010 4309 Nunc
4044 4253 4264 4311 autem
4309 4245 4423 4313 ubi

2470 4351 2614 4397 sors
2671 4328 3069 4395 maritimam
3126 4351 3197 4396 re
3247 4329 3459 4396 'onem
3509 4329 3590 4395 iis
3646 4328 3967 4414 assignat,
4033 4350 4167 4396 non
4211 4334 4424 4415 potuit

2470 4415 2712 4484 clarior
2753 4414 3111 4481 desiderari
3153 4415 3203 4480 il
3232 4417 3332 4481 ‘us
3374 4414 3737 4482 sententiae
3776 4416 4186 4500 approbatio:
4247 4439 4323 4485 ac
4365 4419 4422 4484 si

2472 4504 2658 4569 Deus
2713 4499 2813 4568 bis
2856 4523 2893 4566 e
2936 4500 3115 4568 coelo
3166 4507 3439 4568 tonaret.
3526 4500 3679 4567 Non
3721 4521 3880 4585 ergo
3933 4502 4125 4568 littus
4167 4510 4422 4587 sponte,

2474 4588 2580 4656 vel
2626 4587 2968 4653 hominum
3010 4587 3327 4673 suffragio
3362 4594 3634 4671 occupat
3676 4587 3887 4654 tribus
3929 4587 4255 4668 Zabulon,
4307 4588 4422 4654 sed

2473 4674 2657 4759 regio
2692 4673 2862 4739 mari
2921 4672 3232 4759 contigua
3289 4672 3609 4739 divinitus
3654 4673 3825 4739 facta
3868 4684 3968 4739 est
4009 4675 4151 4740 eius
4192 4674 4426 4741 haere·

2476 4760 2666 4826 ditas.
2752 4759 2895 4845 Ita,
2959 4759 3261 4846 quamvis
3317 4759 3606 4825 errarint
3646 4758 3973 4839 homines,
4037 4758 4155 4825 lux
4198 4769 4423 4827 tamen

2476 4866 2616 4911 sem
2663 4865 2738 4911 er
2771 4845 2843 4910 iu
2898 4844 3186 4913 tenebris
3227 4843 3480 4930 fulgida
3524 4864 3563 4910 a
3607 4846 3844 4929 paruit.
3930 4846 4228 4930 Longius
4273 4867 4423 4930 pro-

2476 4952 2594 5016 gre
2640 4932 2775 4996 itur
2816 4931 3043 5014 Iacob,
3107 4940 3174 4999 et
3229 4928 3493 4997 illustre
3553 4866 3903 4998 discrimen
3961 4932 4193 4998 statuit
4247 4931 4424 4998 iuter

2476 5016 2773 5083 Zabulon
2820 5024 2889 5082 et
2926 5017 3263 5086 Issachar:
3329 5017 3502 5104 quod
3561 5019 3738 5101 prior
3781 5015 3987 5084 tribus
4042 5017 4424 5102 negotiandi

2475 5123 2675 5170 causa
2717 5103 2901 5169 varie
2940 5102 3289 5171 discurret:
3336 5104 3543 5170 altera
3578 5109 3798 5168 autem
3836 5103 3910 5168 in
3944 5103 4081 5169 suis
4124 5102 4422 5171 taberna-

2475 5189 2641 5257 culis
2683 5189 2888 5255 otium
2923 5190 3090 5256 colet
3133 5210 3209 5256 ac
3244 5191 3445 5255 vitam
3506 5186 3960 5255 sedentariam.
4047 5190 4107 5256 E
4272 5210 4424 5275 pro-

2474 5274 2690 5342 babile
2753 5284 2858 5341 est
2929 5284 3215 5342 tractum
3269 5274 3474 5339 maris
3492 5323 3508 5355 ,
3593 5272 3707 5338 ubi
3769 5274 4064 5342 Zabulon
4134 5274 4427 5343 consedit

2472 5361 2678 5429 fnisse
2717 5368 3140 5444 portuosum,
3186 5367 3251 5426 et
3285 5367 3511 5443 aptum
3548 5358 3629 5424 ad
3667 5359 4068 5446 multiplices
4101 5382 4422 5430 commea-
