5017 6142
378 497 502 565 501

379 686 536 774 (Isa.
581 685 686 766 38,
733 688 771 752 7
799 737 815 769 ,
883 685 969 773 8).
1058 686 1229 753 Nam
1296 694 1374 754 ut
1438 707 1784 771 persuasus
1850 697 2053 770 esset,
2123 688 2327 755 vitam

380 772 505 840 sibi
547 771 762 839 adhue
805 772 1188 857 produotam
1232 794 1352 857 per
1430 772 1755 840 uindeoim
1795 795 2033 856 annos,
2100 774 2332 841 umbra

379 858 534 926 solis
579 878 697 942 per
749 856 969 924 deoem
1012 859 1254 944 gradus
1296 859 1413 943 qui
1457 880 1535 925 us
1578 859 2002 927 descenderat
2053 869 2333 927 retracta

378 953 498 1012 est.
587 943 737 1010 Non
801 964 959 1030 ergo
1021 945 1313 1027 praeoise
1375 966 1420 1010 n
1547 953 1657 1012 tur
1711 944 1921 1013 fuisse
1978 945 2134 1031 quid
2181 966 2331 1012 uam

378 1029 598 1097 simile
652 1030 839 1096 alteri
901 1049 1309 1097 eoncessum:
1546 1031 1933 1099 mii-aeolum
1989 1041 2144 1100 exto
2195 1032 2332 1098 itur

381 1126 699 1201 tanquam
770 1116 1123 1216 singulare.
1213 1115 1408 1198 Quod
1488 1117 1760 1184 verbum
1834 1131 1985 1196 mv
2066 1117 2330 1203 quidam

380 1212 655 1269 vertunt
716 1200 1009 1280 obedire,
1084 1210 1401 1287 tanquam
1479 1204 1777 1288 asperius
1841 1204 2079 1271 reiioio.
2183 1205 2331 1271 Etsi

380 1287 560 1355 enim
604 1287 845 1355 dieitur
887 1288 958 1353 in
1001 1287 1264 1355 Psalmo
1307 1286 1438 1375 (21,
1492 1288 1562 1377 3)
1609 1289 1794 1357 Deus
1842 1289 2055 1359 faeere
2097 1310 2331 1357 seeun-

382 1374 539 1440 dum
583 1368 979 1440 desiderium
1012 1394 1353 1442 servorum
1397 1394 1682 1455 suorum,
1726 1376 1902 1459 quod
1946 1375 2331 1443 tantundem

382 1459 560 1526 valet
593 1479 669 1525 ao
712 1480 961 1526 morem
997 1480 1244 1544 gerere,
1288 1459 1520 1546 fugere
1562 1470 1785 1527 tamen
1819 1470 2109 1546 praestat
2140 1461 2332 1546 quid-

380 1544 540 1630 quid
605 1542 869 1612 videtur
931 1544 1153 1611 Deum
1217 1546 1289 1611 in
1354 1545 1649 1613 ordinem
1720 1567 1971 1632 eogere.
2060 1545 2331 1632 Simpli-

378 1631 546 1699 oiter
586 1651 660 1695 er
786 1631 1086 1698 miraouli
1130 1633 1535 1716 praestantia
1575 1631 1914 1713 laudatur,
1965 1634 2120 1718 quia
2163 1633 2330 1700 nihil

381 1727 580 1784 antea
613 1724 682 1783 ta
706 1738 742 1782 e
799 1717 1013 1783 visum
1058 1728 1231 1797 erat,
1292 1737 1415 1784 neo
1457 1716 1693 1785 deinde
1733 1739 1854 1787 oon
1892 1719 1906 1734 '
1995 1728 2118 1786 rat.
2210 1717 2330 1787 Se-

379 1801 595 1872 oundo
638 1802 929 1869 membro
972 1823 1202 1869 versus
1216 1854 1231 1880 ,
1298 1814 1433 1870 tam
1479 1803 1858 1871 humanitas
1971 1805 2031 1871 ei
2073 1813 2141 1872 et
2182 1806 2333 1873 faoi-

380 1888 539 1955 litas
580 1887 1079 1956 sommendatur
1112 1889 1185 1954 in
1227 1889 1635 1957 exaudiendo
1673 1891 1863 1957 Iosue
1898 1912 2092 1976 quam
2117 1902 2333 1978 pater-

382 1996 515 2042 nus
560 1994 718 2060 erga
766 1974 1079 2059 populum
1130 1975 1316 2042 favor
1358 1996 1479 2060 pro
1524 1996 1654 2062 quo
1700 1976 1938 2043 dieitur
1979 1998 2331 2065 pugnasse.

557 2146 657 2212 15.
723 2145 1035 2213 Reversus
1076 2152 1283 2212 atatem
1322 2152 1412 2214 esi
1445 2148 1634 2214 Iosue
1666 2152 1726 2214 et
1757 2149 2086 2215 uniuersus
2122 2148 2336 2216 Israel

378 2232 1121 2301 mennam-straus
1165 2233 1591 2334 (itaqua-16.
1662 2233 2333 2336 Fuqerqntveroipsi

378 2317 1233 2505 ῖῖέιίεεᾱῖιιιιε
1252 2320 1860 2507 ιειίεεεε..
1892 2319 2335 2506 ἵιιιΜῖει

382 2509 948 2643 ε”ειῖει
978 2489 1591 2678 ww
1520 2492 1815 2679 ε”εε
1850 2513 2082 2663 m..
2033 2491 2331 2679 Μῖεε

377 2767 499 2817 ωε.
588 2708 733 2814 19.’
770 2665 1679 2849 ssoffimffiffis
1732 2669 2022 2818 inimffeos
2076 2670 2331 2850 ρωῖναοῖξ

378 2839 437 2903 et
474 2833 743 2901 ouudam
783 2851 997 2899 eorum
1027 2835 1276 2915 enodate,
1319 2855 1428 2902 nec
1459 2837 1690 2903 sinatis
1722 2855 1830 2903 eos
1861 2836 2112 2921 inyredz
2142 2835 2328 2903 urbes

376 2939 565 2989 suas:
607 2918 872 2985 wadia&
910 2920 2329 2989 munmlakovaDmmteo-inmanum

375 3010 662 3074 vestram.
749 3003 853 3070 20.
927 3006 1134 3089 Quum
1184 3012 1392 3073 amm
1442 3007 1633 3090 finem
1684 3008 1932 3090 fecisset
1988 3006 2205 3090 Iosue,
2271 3012 2329 3074 et

376 3092 502 3175 filii
565 3088 777 3157 Israel
826 3092 1222 3173 percutiendi
1280 3093 1485 3179 playa
1560 3113 1790 3178 mayna
1850 3093 2057 3174 valde,
2134 3095 2328 3161 donoc

380 3180 902 3258 consumerentur,
947 3182 1007 3242 et
1045 3180 1407 3261 superstites
1437 3180 1550 3263 qui
1586 3184 1912 3247 evaserant
1928 3199 2009 3246 ex
2027 3180 2193 3262 ipsis
2231 3182 2332 3246 iu-

374 3264 581 3349 oeessi
630 3267 830 3330 essent
881 3262 1064 3330 urbes
1116 3265 1413 3347 munitas,
1501 3265 1607 3332 21.
1674 3265 1936 3333 Reversi
1976 3270 2124 3332 suut
2178 3266 2326 3332 uni·

382 3369 604 3417 verenae
653 3348 936 3432 populus
997 3350 1085 3417 ud
1137 3355 1351 3417 eastra
1410 3351 1496 3417 ad
1552 3350 1743 3417 Iosue
1796 3352 1867 3416 in
1921 3350 2202 3417 Makeda
2259 3353 2328 3417 in

366 3455 562 3518 pace.-
602 3455 729 3500 non
768 3435 954 3500 movit
984 3440 1201 3502 eontra
1230 3435 1401 3518 filios
1434 3436 1642 3504 Israel
1673 3438 2011 3521 quisquam
2046 3438 2330 3521 linyuam

378 3541 587 3588 sumu.
676 3519 780 3586 22.
854 3520 1032 3587 Tunc
1078 3523 1246 3589 dixit
1289 3521 1510 3589 Ios-ue.-
1572 3523 1834 3607 Aperite
1872 3541 1944 3589 os
1984 3521 2355 3606 speluncae,

374 3612 438 3673 et
490 3605 777 3674 adducite
828 3606 914 3672 ad
969 3628 1067 3673 noe
1118 3608 1393 3691 quinque
1448 3609 1595 3675 illos
1654 3628 1829 3693 reyes
1884 3610 1962 3675 de
2012 3608 2328 3691 spelunca.

375 3692 484 3758 23.
552 3693 757 3774 Atque
817 3693 912 3758 ita
967 3692 1566 3777 fecerunt,·nempe
1629 3696 1980 3762 eduxerunt
2042 3694 2129 3761 ad
2188 3716 2331 3761 eum

374 3778 651 3862 quim
709 3778 855 3845 duos
912 3800 1086 3864 reyes
1147 3781 1225 3846 de
1294 3780 1620 3863 spelunea,
1696 3800 1899 3865 ηραν»
1963 3780 2328 3861 Ierusalem,

374 3883 584 3948 regem
627 3862 908 3945 Hebron,
963 3886 1164 3950 regem
1209 3867 1530 3948 Iamuth,
1585 3887 1788 3951 reyem
1830 3865 2085 3948 Ladan,
2128 3887 2331 3951 reyes-⁸

376 3948 601 4033 Epion.
691 3950 794 4017 24.
870 3950 1186 4034 Quumque
1241 3952 1600 4020 eduxissent
1641 3953 1916 4036 quinque
1972 3972 2147 4037 reyes
2187 3952 2337 4019 illos·

375 4036 466 4102 ad
511 4035 730 4118 Ios-ue,
783 4037 1022 4103 vocavit
1063 4036 1253 4104 Iosue
1292 4057 1500 4106 omues
1540 4039 1711 4106 viros
1751 4036 1988 4119 Israel,
2048 4038 2332 4123 dixitque

376 4121 639 4188 ductibus
676 4123 956 4188 virorum
998 4123 1385 4204 henderunt,
1430 4126 1540 4207 qui
1567 4126 1835 4209 profesti
1873 4130 2054 4192 erant
2092 4145 2330 4191 smum:

378 4207 699 4285 Aoeedite,
745 4208 960 4291 ponite
987 4209 1181 4291 pedes
1220 4215 1453 4276 vestros
1490 4231 1683 4293 super
1722 4211 1883 4279 oolla
1924 4231 2139 4296 reyum
2180 4211 2331 4277 isto-

378 4314 545 4359 rum.
632 4293 722 4359 El
774 4300 1186 4371 accesserunt,
1222 4302 1686 4379 posueruntque
1715 4296 1910 4381 pedes
1948 4317 2100 4363 suos
2139 4317 2331 4379 super

376 4378 537 4445 colla
582 4380 881 4462 ipsorum
933 4379 1111 4446 Tune
1151 4381 1317 4447 dimit
1356 4382 1443 4448 ad
1485 4403 1586 4448 eos
1627 4383 1848 4449 Iosue:
1894 4383 1997 4448 Ne
2036 4382 2327 4462 timeatis,

374 4469 438 4531 et
477 4485 556 4530 ue
587 4465 916 4547 paveatis,
954 4466 1145 4549 fortes
1182 4472 1395 4547 estote,
1439 4473 1498 4534 et
1529 4469 1814 4536 roborate
1855 4489 1987 4535 vos:
2030 4470 2124 4535 sio
2164 4470 2328 4534 enim

376 4548 570 4633 faciet
626 4550 858 4618 Iehova
921 4552 1204 4618 mustus
1265 4553 1547 4620 infancie
1619 4556 1843 4620 vestris
1897 4559 2110 4622 eontra
2175 4574 2331 4637 quos

369 4639 694 4720 myndi-⁹.
780 4636 885 4704 26.
949 4636 1100 4704 Post
1150 4637 1300 4704 haec
1340 4641 1657 4722 percussit
1707 4661 1811 4707 eos
1854 4640 2073 4719 Iosue,
2130 4646 2187 4707 et
2228 4642 2330 4707 in-

378 4723 615 4805 terfecit
668 4743 803 4805 eos,
861 4729 918 4790 et
970 4725 1297 4807 suspendit
1337 4727 1411 4791 iu
1449 4727 1721 4808 quinque
1764 4727 1991 4811 liquis,
2046 4725 2330 4809 fuerunt-

379 4809 1933 4896 quaeaaepensiinuqnis,usqueadvesperm.
2012 4813 2118 4879 27.
2179 4813 2336 4879 Ruit

370 4898 670 4977 praetera
732 4900 997 4977 tempore
1059 4917 1180 4980 quo
1244 4896 1536 4963 mabit
1586 4897 1711 4976 sol,
1765 4900 2088 4983 praecepit
2144 4898 2332 4965 Iosue

382 4985 442 5046 et
468 4981 885 5061 deposuerunt
923 5003 1027 5049 eos
1066 5005 1100 5050 e
1138 4983 1358 5067 ῑίφιίε,
1395 4984 1904 5068 proieceruutque
1944 5004 2045 5052 eos
2084 4985 2156 5050 in
2198 5003 2333 5066 spe*

380 5065 636 5132 laneam
688 5066 762 5133 iu
807 5087 934 5149 qua
973 5089 1040 5135 se
1082 5067 1552 5147 absconderant,
1613 5073 1672 5135 et
1699 5076 2047 5154 posuerunt
2084 5070 2330 5172 lapides

379 5170 902 5338 masam,
732 5152 818 5219 αα
905 5154 1683 5342 Ῠῗιιὲἴάιῖᾧιῳωιιιῗὲξ
1721 5157 1850 5345 ἔξ,
1901 5156 2331 5343 tm&

378 5325 1097 5479 mmmm
1132 5347 1518 5497 3ῗῖιὲξὲ
1547 5328 1777 5480 ma
1808 5328 2329 5497 sse'iwmsffiz

1583 498 2325 567 COMMENTARIUS
2370 498 2472 564 IN
2516 496 2797 568 IOSUE
2841 497 3039 566 OAP.
3085 497 3174 565 X.

4258 499 4388 568 502

2429 686 2997 858 mbilicum
3049 688 3183 773 reyi
3250 686 3529 756 Makeda
3588 688 4107 771 qaeoemadmodum
4157 689 4390 774 fecerat

2606 945 2706 1011 15.
2766 944 3083 1011 Reversus
3155 950 3262 1012 est.
3351 944 3670 1011 Inseritur
3745 946 3853 1015 hio
3939 967 4171 1014 versus
4252 968 4385 1015 non

2431 1051 2551 1099 suo
2600 1031 2762 1098 looo.
2851 1030 3022 1097 Nam
3082 1030 3274 1115 paulo
3331 1044 3481 1115 post
3535 1032 3857 1098 attexitur
3916 1034 4067 1100 finis
4117 1032 4386 1117 proelii:

2431 1116 2669 1184 deinde
2723 1116 3113 1201 supplicium
3158 1115 3242 1183 de
3300 1115 3568 1201 regibus
3626 1127 3959 1202 sumptum
3979 1170 3995 1198 ,
4061 1118 4239 1204 quod
4282 1132 4385 1188 est

2430 1203 2661 1287 proelii
2712 1201 3059 1287 appendix.
3153 1200 3439 1268 Additur
3481 1204 3677 1269 etiam
3739 1212 3897 1272 tuno
3960 1215 4383 1272 castrameta-

2432 1301 2578 1355 tum
2642 1289 2844 1354 fuisse
2921 1287 2994 1353 in
3060 1286 3382 1354 Makeda:
3463 1287 3728 1355 tandem
3801 1291 3874 1355 in
3938 1291 4072 1357 fine
4149 1293 4385 1377 eapitis

2430 1375 2751 1459 repetitur
2806 1372 2980 1457 quod
3036 1373 3145 1441 hio
3203 1372 3497 1459 negleeto
3555 1378 3865 1458 temporis
3922 1376 4156 1443 ordine
4211 1380 4387 1462 posi·

2431 1469 2577 1525 tum
2639 1460 2858 1526 fuerat
2922 1458 3003 1526 de
3079 1458 3295 1526 reditu
3356 1459 3430 1526 in
3495 1459 3739 1546 Gilgal.
3831 1461 4164 1530 Cohaeret
4225 1484 4388 1548 ergo

2431 1566 2582 1614 oum
2634 1544 3080 1628 superioribus
3128 1543 3300 1630 quod
3350 1555 3661 1613 narratur
3717 1547 3797 1614 de
3853 1568 4085 1634 regum
4128 1549 4284 1634 fuga
4320 1559 4389 1617 et

2431 1631 2877 1699 absoonsione.
2964 1630 3030 1697 N
3031 1651 3138 1697 am
3185 1652 3386 1716 quum
3432 1633 3501 1697 in
3562 1633 3777 1699 medio
3879 1654 4096 1720 ugnas
4153 1634 4389 1702 ardore

2432 1719 2817 1785 nunciatum
2859 1726 3065 1796 esset,
3131 1737 3241 1784 eos
3282 1717 3352 1783 in
3399 1719 3715 1802 spelunea
3757 1718 3839 1784 de
3866 1719 4168 1787 itesoere:
4234 1742 4393 1804 pru·

2434 1804 2663 1870 denter
2716 1804 2897 1869 oavit
2936 1802 3132 1870 Iosue
3153 1854 3169 1882 ‚
3243 1823 3325 1868 ne
3368 1803 3426 1868 si
3484 1805 3825 1872 insisteret
3866 1803 3998 1872 illis
4032 1805 4385 1890 oapiendis,

2433 1890 2670 1974 reliqui
2713 1888 3177 1955 dilaberentur.
3266 1887 3553 1956 Tantum
3597 1890 3794 1957 iussit
3834 1889 4086 1958 obstrui
4130 1894 4388 1978 magnis

2430 1975 2759 2060 lapidibus
2812 1993 2888 2040 os
2941 1975 3322 2058 speluncae,
3398 1985 3464 2041 et
3528 1976 3831 2044 oustodes
3897 1980 4230 2064 apposnit,
4310 1984 4419 2045 ut·

2432 2068 2753 2145 tanquam
2837 2081 3099 2128 oaroere
3184 2059 3424 2127 inelusi
3505 2071 3874 2145 opportune
3957 2062 4222 2130 tandem
4303 2061 4390 2130 ad

2431 2158 2710 2213 mortem
2787 2146 3313 2213 extraherentur.
3399 2146 3579 2215 Hino
3660 2156 3878 2214 antem
3951 2168 4035 2233 ap
4083 2161 4225 2215 aret
4288 2150 4390 2216 in-

2476 2240 2697 2299 entem
2746 2231 2947 2298 fuisse
2990 2233 3352 2299 exereitum
3368 2284 3386 2312 ,
3454 2232 3627 2316 quod
3676 2253 3876 2317 quum
3918 2243 4159 2302 aonter
4200 2245 4389 2322 terga
4453 2250 4462 2261 ·

2458 2319 2825 2404 ugientium
2882 2326 3195 2403 urgerent
3232 2317 3605 2398 Israelitae,
3667 2328 3739 2385 et
3779 2319 3878 2386 sol
3919 2319 4060 2404 ipse
4102 2322 4389 2406 spatium

2429 2404 2747 2472 eaedendi
2801 2402 3020 2471 daret:
3101 2403 3246 2470 fieri
3302 2413 3525 2470 tamen
3592 2424 3724 2470 non
3786 2406 4031 2490 potuit,
4097 2408 4258 2492 quin
4318 2428 4390 2477 se

2429 2490 2624 2557 multi
2665 2488 3036 2574 reoiperent
3074 2490 3144 2555 in
3187 2487 3382 2557 urbes
3423 2491 3739 2557 munitas.
3829 2489 4086 2558 Verum
4132 2491 4216 2557 ad
4254 2501 4388 2560 tes-

2428 2575 2700 2641 tandam
2764 2575 2893 2642 Dei
2969 2575 3251 2662 gratiam
3329 2573 3398 2641 id
3483 2577 3648 2642 satis
3738 2575 3977 2656 valuit,
4064 2576 4239 2661 quod
4303 2578 4387 2644 ad

2426 2660 2885 2728 lassitudinem
2965 2681 3169 2747 usque
3232 2662 3459 2729 obvios
3535 2682 3821 2746 quosque
3885 2662 4153 2747 impune
4219 2672 4389 2730 stra-

2430 2757 2706 2827 verunt,
2792 2756 2861 2812 et
2960 2747 3209 2815 reversi
3293 2758 3453 2814 sunt
3545 2748 3928 2816 ineolumes.
4017 2747 4189 2816 Nam
4274 2750 4387 2817 ubi

2430 2832 2672 2902 dieitur
2686 2884 2702 2913 ‚
2782 2832 3115 2900 neminem
3180 2853 3416 2900 ausum
3477 2833 3681 2900 fuisse
3743 2855 4009 2902 movere
4072 2835 4387 2920 linguam,

2428 2928 2700 2987 notatur
2778 2917 2992 3002 quoad
3073 2918 3413 2985 Israelitas
3486 2919 3836 2986 incruenta
3913 2919 4222 2988 victoria:
4312 2940 4389 2988 ao

2431 3007 2488 3073 si
2553 3025 2688 3071 non
2753 3003 2836 3070 ad
2897 3003 3144 3072 bellum
3209 3003 3324 3070 sed
3391 3003 3473 3071 ad
3554 3004 4055 3074 trucidationem
4140 3008 4386 3093 egressi

2436 3101 2676 3159 essent.

2606 3177 2708 3244 18.
2781 3176 2958 3243 Tunc
3001 3175 3172 3242 dixit
3213 3176 3416 3243 Iosue.
3478 3175 3796 3244 Exoroitu
3840 3185 4166 3262 prostrato
4208 3199 4387 3247 nuno

2431 3263 2638 3330 libere
2704 3272 2771 3329 et
2830 3263 3018 3347 quasi
3081 3282 3199 3346 per
3260 3262 3466 3329 otium
3522 3262 3714 3329 Iosue
3903 3262 4046 3330 ‘bus
4108 3285 4388 3348 poenam

2431 3349 2707 3434 infligit:
2781 3350 2849 3413 in
2908 3369 3040 3432 qua
3101 3348 3290 3414 nobis
3357 3368 3614 3433 semper
3670 3284 4219 3416 sufflandum
4284 3361 4389 3418 est

2432 3436 2561 3502 Dei
2621 3431 3022 3500 mandatum.
3112 3432 3378 3518 Alioqui
3445 3434 3724 3501 barbara
3786 3432 4023 3501 fuisset
4080 3437 4388 3505 atrooitas

2430 3529 2500 3587 et
2541 3520 2853 3587 immanis
2895 3519 3200 3606 superbia
3216 3571 3232 3598 ‚
3300 3519 3550 3588 oaloare
3603 3518 3882 3603 pedibus
3924 3520 4093 3587 oolla
4132 3541 4386 3604 regum,

2430 3613 2500 3673 et
2564 3614 2861 3673 mortuos
2925 3606 2997 3672 in
3123 3604 3388 3673 atibulis
3463 3603 3886 3689 suspendere.
3973 3605 4146 3673 Nam
4210 3614 4389 3675 oerte

2432 3713 2641 3776 nuper
2701 3691 3017 3759 divinitus
3072 3627 3338 3758 fuerant
3392 3693 3600 3759 eveoti
3659 3691 3732 3756 in
3789 3711 4041 3758 sacram
4101 3691 4386 3778 dignita·

2428 3787 2600 3857 tem,
2667 3787 2734 3845 et
2774 3778 2845 3843 in
2891 3778 3072 3879 regio
3119 3776 3283 3879 solio
3313 3778 3551 3878 ‚locati
3641 3777 3865 3859 Quare
3924 3777 4258 3880 exsultare
4309 3780 4386 3880 ιιι

2430 3863 3465 4051 ῧὲῗῗιιοῗὲιῗῗιὲωοῒιιῗέἓξι
3492 3863 4388 4050 ζῖῗι“ἓε“ξ“ῑ“ιιῖἓι·ῗ“ἓὲἱιιῖἐ.ῗέ

2430 4057 2579 4104 esre
2629 4044 2889 4120 oportet
2935 4055 3079 4102 ems
3139 4044 3509 4102 sententiae
3526 4083 3543 4114 ‚
3608 4055 3726 4101 nee
3769 4055 4100 4118 inquirere
4142 4037 4243 4103 fas
4284 4046 4387 4104 est

2429 4144 2550 4190 our
2606 4131 2746 4188 tam
2800 4141 3070 4188 severus
3134 4122 3349 4188 fuerit.
3451 4120 3845 4206 Quanquam
3903 4121 4099 4188 simul
4156 4129 4389 4189 tenen·

2433 4210 2589 4275 dum
2650 4217 2752 4274 est
2803 4205 2973 4291 quod
3032 4216 3184 4274 ante
3227 4207 3448 4293 attigi,
3515 4229 3714 4292 quum
3761 4227 3801 4273 a
3858 4206 4130 4274 minimo
4178 4229 4388 4293 usque

2430 4294 2516 4361 ad
2561 4293 2919 4360 maximum
2966 4292 3146 4379 digni
3192 4314 3416 4360 omnes
3460 4303 3681 4360 essent
3734 4293 4036 4373 interitu,
4104 4295 4260 4378 quia
4303 4293 4388 4361 ad

2430 4401 2766 4446 summum
2834 4398 3041 4464 usque
3103 4380 3441 4447 oumulum
3515 4387 3909 4463 pervenerat
3973 4399 4197 4445 eorum
4262 4381 4388 4446 ini·

2431 4466 2681 4550 quitas,
2725 4484 2915 4550 reges
2957 4465 3068 4550 qui
3120 4465 3472 4532 sceleribus
3507 4464 3670 4530 alios
3710 4486 3785 4531 su
3834 4476 4218 4544 oraverant,
4264 4466 4387 4533 du·

2430 4553 2672 4618 riorem
2716 4571 2998 4634 poenam
3039 4551 3241 4618 fuisse
3274 4551 3694 4634 promeritos:
3806 4549 4000 4617 einde
4039 4551 4114 4615 in
4157 4570 4383 4617 eorum

2434 4657 2715 4722 persona
2749 4635 3167 4703 statuendum
3203 4637 3624 4705 inexorabilis
3658 4637 3895 4722 rigoris
3928 4636 4130 4702 fuisse
4165 4657 4385 4702 exem-

2431 4724 2618 4809 plum
2636 4770 2653 4802 ‚
2708 4743 2795 4788 ne
2836 4742 3152 4806 perversa
3192 4722 3575 4790 elementiae
3638 4723 4044 4788 affeotatione
4101 4741 4186 4806 po
4236 4721 4383 4789 ulus

2434 4809 2517 4877 ad
2582 4806 3054 4894 ignosoendum
3119 4820 3293 4875 esset
3354 4810 3759 4894 propensior.
3850 4806 4136 4874 Volebat
4266 4828 4383 4874 eus

2431 4916 2661 4963 omnes
2741 4893 2978 4960 deleri:
3046 4893 3244 4962 huius
3312 4916 3468 4961 vero
3532 4893 3753 4962 iudioii
3845 4893 4382 4977 exsequutionem

2431 4981 2835 5134 ἓέᾞὲιῖἓὲ
2876 4979 4094 5150 ἒῗὲ“ἓῗιῗιι”ῗιῖιιιῗι“ἓιῗιῖιέ“ἷιὲἐὲιῒῗ
4107 4978 4383 5149 ..ggii-2¹}

2431 5152 2689 5220 dandae
2732 5151 2962 5218 veniae
3005 5162 3406 5237 praetextus.
3439 5118 3887 5217 'Detestabilis
3930 5162 4150 5217 autem
4193 5152 4385 5218 mhe-

2430 5237 2731 5315 rioordia,
2800 5257 2967 5320 quae
3029 5237 3160 5304 Dei
3226 5240 3643 5305 autoritatem
3699 5257 3817 5320 pro
3877 5235 4215 5304 hominum
4278 5259 4382 5303 ar·

2429 5327 2631 5393 bitrio
2690 5323 3046 5390 imminuit.
3133 5324 3278 5391 Iam
3323 5323 3436 5390 ubi
3479 5343 3562 5388 ne
3605 5324 3788 5473 reffiio
3842 5320 4104 5405 quidem
4149 5322 4384 5390 honori

2430 5411 2725 5498 paroitur
2739 5460 2756 5491 ‚
2811 5429 2974 5477 ansa
3017 5409 3412 5477 humanitati
3454 5407 3671 5493 praeoi
3719 5409 3853 5474 'tur
3895 5428 4055 5493 erga
4097 5408 4384 5493 plebeios
