5017 6142
657 466 782 533 487

650 651 915 720 videtur
972 670 1195 718 eorum
1252 648 1566 736 dignitas:
1639 668 1871 715 verum
1926 645 2101 711 inter
2155 650 2384 729 gentes
2442 642 2594 710 illas

658 738 790 805 alia
862 738 987 803 fuit
1072 756 1301 821 regum
1376 732 1661 803 conditio
1676 784 1693 816 ,
1779 735 1851 799 in
1935 730 2170 816 quibus
2249 729 2595 814 praecipue

652 822 996 891 ostendere
1037 822 1245 890 voluit
1280 821 1464 887 Deus
1504 827 1905 904 quantopere
1949 817 2385 883 detestaretur
2426 835 2596 899 quae

658 908 911 975 tamdiu
953 907 1347 974 toleraverat
1386 906 1650 973 scelera.
1718 905 1888 970 Nam
1939 923 2136 987 quum
2183 920 2410 968 omnes
2452 900 2593 966 exi·

655 994 750 1061 tio
793 1001 1011 1060 essent
1066 992 1304 1058 addicti
1319 1043 1336 1072 ,
1398 991 1632 1057 merito
1674 991 1746 1056 in
1798 989 1959 1074 ipsis
2014 985 2333 1072 capitibus
2368 1005 2409 1051 a
2449 985 2594 1070 qui-

657 1080 781 1148 bus
835 1080 1141 1146 interitus
1198 1096 1394 1144 causa
1450 1077 1787 1155 manabat,
1855 1074 2140 1141 severior
2197 1078 2264 1138 et
2314 1071 2594 1137 atrocior

659 1166 963 1251 apparuit
1005 1165 1131 1230 Dei
1176 1162 1484 1229 vindicta.
1572 1159 1762 1227 Adde
1805 1160 1973 1243 quod
2029 1158 2276 1224 inflicta
2328 1158 2594 1243 regibus

654 1250 1048 1338 ignominia,
1117 1248 1355 1334 vulgus
1414 1245 1622 1333 magis
1687 1246 2067 1331 probrosum
2125 1241 2440 1322 reddidit,
2506 1262 2593 1308 ne

656 1338 1032 1421 importuna
1072 1331 1517 1401 misericordia
1561 1333 1844 1416 populus
1887 1330 1970 1397 ad
2011 1348 2238 1395 omnes
2281 1327 2592 1395 delendos

656 1422 917 1509 segnior
972 1423 1143 1487 foret
1200 1420 1304 1485 vel
1359 1418 1705 1484 remissior.
1791 1418 1883 1482 Et
1924 1416 2107 1482 Deus
2154 1414 2450 1482 consulto
2491 1434 2590 1480 re-

655 1529 805 1595 gem
849 1507 1075 1575 vivum
1120 1503 1391 1570 tradidit
1431 1504 1502 1569 in
1536 1523 1806 1570 manum
1849 1502 2061 1583 Iosue,
2103 1520 2231 1585 quo
2271 1499 2591 1586 insignior

654 1601 825 1661 esset
870 1604 1061 1676 atque
1105 1590 1187 1657 ad
1236 1590 1608 1674 exemplum
1664 1588 1972 1653 notabilis
2014 1588 2154 1653 eius
2196 1605 2421 1670 poena.
2512 1583 2591 1651 Si

650 1679 1016 1765 promiscue
1048 1697 1201 1744 cum
1239 1676 1387 1742 aliis
1429 1676 1829 1742 occubuisset
1857 1674 1927 1739 in
1972 1671 2296 1751 conflictu,
2340 1672 2421 1738 ab
2468 1671 2591 1736 hac

650 1763 962 1851 peculiari
1004 1762 1276 1829 infamia
1316 1761 1548 1828 fuisset
1579 1772 1936 1845 exemptus.
1998 1757 2192 1824 Nunc
2233 1765 2384 1841 post
2416 1777 2590 1822 mor-

650 1863 787 1918 tem
845 1869 1099 1934 quoque
1126 1862 1131 1869 ·
1158 1849 1229 1912 in
1294 1849 1434 1914 eius
1497 1846 1778 1913 cadaver
1851 1842 2320 1910 animadvertit
2384 1843 2589 1909 Deus.

653 1936 800 2002 Imo
842 1943 1182 2018 postquam
1227 1954 1582 2032 suspensus
1623 1931 1781 2010 fuit,
1827 1930 2164 2015 proiicitur
2207 1928 2289 1994 ad
2334 1937 2592 2012 portam

654 2021 869 2100 urbis,
926 2020 1039 2086 ubi
1080 2040 1116 2085 e
1159 2018 1319 2084 solio
1356 2016 1600 2084 iudicia
1642 2023 2053 2091 exercuerat,
2098 2021 2166 2079 et
2208 2034 2592 2080 monumen-

657 2114 802 2172 tum
880 2105 1153 2189 erigitur
1229 2103 1311 2169 ad
1386 2112 1678 2188 posteros
1757 2099 2182 2170 continuandi
2261 2099 2592 2166 dedecoris

657 2212 872 2260 causa.
946 2189 1269 2256 Inseritur
1311 2196 1531 2255 tamen
1575 2188 1940 2273 sepultura:
1984 2196 2061 2253 ut
2101 2188 2381 2254 sciamus
2423 2184 2591 2250 nihil

655 2277 859 2344 fuisse
910 2280 1168 2360 gestum
1224 2276 1626 2341 tumultuoso
1683 2275 1960 2358 impetu,
2032 2273 2184 2356 quia
2247 2272 2593 2356 diligenter

656 2362 945 2430 servavit
996 2360 1190 2427 Iosue
1244 2360 1414 2445 quod
1457 2361 1677 2428 Moses
1724 2362 1795 2425 in
1854 2359 1997 2444 lege
2054 2358 2592 2443 praescripserat:

658 2447 881 2535 (Dent.
923 2446 1004 2513 21
1023 2497 1040 2529 ,
1095 2445 1208 2534 23)
1249 2467 1484 2532 nempe
1525 2453 1605 2512 ut
1645 2446 1760 2530 qui
1799 2445 1872 2510 in
1930 2443 2239 2529 patibulis
2296 2443 2594 2526 suspensi

656 2541 859 2615 erant,
896 2542 1047 2598 ante
1069 2532 1225 2598 solis
1242 2551 1545 2599 occasum
1572 2532 1979 2610 tollerentur,
2023 2530 2176 2612 quia
2196 2527 2595 2596 exsecrabile

657 2627 758 2686 est
799 2616 1115 2686 eiusmodi
1158 2617 1617 2701 spectaculum.
1706 2618 1798 2682 Et
1838 2623 2015 2684 certe
2062 2635 2264 2699 quum
2307 2625 2596 2681 mortuos

657 2705 779 2771 sub
823 2712 1003 2771 terra
1054 2702 1407 2769 recondere
1462 2703 1826 2768 humanum
1870 2701 1990 2781 sit,
2057 2698 2398 2767 laniandos
2439 2700 2597 2767 feris

702 2788 970 2857 roiicere
1026 2788 1134 2854 vel
1177 2788 1408 2855 avibus
1424 2839 1441 2867 ,
1505 2788 1791 2853 immane
1839 2795 1958 2853 est.
2043 2787 2227 2871 Ergo
2270 2807 2355 2852 ne
2397 2806 2599 2870 popu-

680 2872 760 2942 us'
823 2874 907 2940 ad
972 2872 1339 2940 barbariem
1402 2875 1806 2951 assuefieret‚
1875 2873 2056 2939 Deus
2120 2871 2447 2937 maleficos
2499 2872 2596 2936 ita

656 2959 968 3045 suspendi
1011 2959 1338 3043 permisit,
1382 2980 1467 3024 ne
1508 2959 1655 3042 plus
1688 2978 1823 3023 uno
1868 2958 1972 3024 die
2013 2956 2377 3042 penderent
2417 2956 2593 3023 inse-

655 3046 844 3132 pulti.
933 3044 1082 3128 Quo
1125 3059 1345 3111 autem
1388 3043 1472 3111 ad
1520 3043 1838 3122 officium,
1902 3044 2071 3127 quod
2128 3043 2365 3127 alioqui
2407 3043 2596 3109 facile

653 3133 1027 3217 neglectum
1069 3130 1301 3197 fuisset
1320 3178 1334 3207 ,
1398 3131 1610 3215 magis
1658 3128 2026 3196 attenderet
2063 3129 2343 3213 populus
2359 3180 2375 3208 ‚
2441 3149 2593 3211 pro-

653 3219 922 3283 nunciat
962 3217 1181 3283 Moses
1236 3215 1651 3283 maledictum
1706 3236 1849 3282 esse
1904 3215 2195 3298 quisquis
2235 3213 2479 3298 pendet
2524 3215 2592 3280 in

653 3301 836 3387 ligno
853 3328 874 3369 .-
950 3322 1027 3369 ao
1089 3302 1145 3368 si
1206 3301 1484 3381 diceret,
1566 3310 1812 3368 terram
1888 3300 1999 3366 illo
2060 3302 2288 3367 mortis
2350 3321 2595 3385 genere

657 3387 1086 3539 eorlitaminari
1102 3436 1119 3468 ,
1183 3387 1311 3453 nisi
1359 3388 1584 3454 statim
1641 3408 1678 3453 e
1733 3384 1950 3453 medio
1999 3385 2270 3453 tollatur
2325 3384 2596 3452 offendi-

656 3493 737 3540 cu
767 3495 897 3540 um.

827 3645 932 3711 30.
1004 3643 1177 3710 Tune
1233 3642 1581 3725 aedificavit
1638 3644 1832 3710 Iosue
1888 3644 2088 3710 altare
2142 3643 2407 3711 Iehovae
2457 3642 2595 3709 Deo

656 3732 866 3799 Israel
921 3731 991 3795 in
1051 3731 1249 3795 monte
1304 3727 1505 3795 Ebal:
1588 3729 1692 3796 31.
1767 3730 2293 3811 Quemadmodum
2334 3749 2595 3814 praece·

641 3822 832 3902 perat
864 3815 1078 3882 Moses
1118 3832 1333 3879 servus
1374 3814 1641 3881 Iehovae
1678 3814 1841 3897 filiis
1883 3814 2124 3883 Israel.-
2187 3816 2349 3882 sicut
2389 3816 2594 3898 scrip·

654 3910 790 3970 tum
843 3906 931 3969 est
994 3902 1065 3965 in
1135 3898 1290 3965 libro
1355 3898 1506 3984 leyis
1557 3899 1763 3967 Masis
1819 3900 2007 3980 (Exo.
2063 3901 2176 3981 20,
2236 3900 2339 3967 25.
2403 3900 2594 3967 Deut.

654 3990 759 4057 27.
802 3987 892 4073 5),
939 3987 1139 4053 altare
1194 4004 1271 4051 ex
1325 3984 1645 4068 lapidibus
1684 3987 1972 4071 inteyris,
2027 4006 2217 4069 super
2264 4006 2419 4069 quos
2470 4006 2596 4052 nou

654 4077 1006 4145 levaverant
1041 4072 1317 4155 ferrum.-
1367 4076 1423 4137 et
1463 4070 1933 4137 immolavertmt
1986 4092 2176 4155 simeo·
2229 4072 2390 4137 illud
2427 4070 2594 4137 holo-

654 4164 871 4231 causta
929 4156 1221 4236 Iehovae,
1294 4160 1353 4225 et
1411 4156 1918 4238 sacrificaverunt
1976 4157 2211 4223 hostias
2276 4158 2596 4240 prosperi-

651 4253 868 4314 tatum.
979 4243 1083 4310 32.
1154 4241 1426 4325 Scripsit
1491 4262 1728 4326 quoque
1780 4243 1872 4308 ibi
1924 4243 1997 4309 in
2051 4242 2368 4327 lapidibus
2427 4263 2596 4325 repe-

652 4336 836 4400 titam
926 4329 1114 4413 leyem
1204 4326 1438 4405 MosiS,
1530 4348 1720 4411 quam
1806 4329 2061 4412 scripsit
2141 4348 2350 4396 eoram
2433 4330 2597 4412 filiis

654 4416 881 4487 Israel.
997 4414 1102 4480 33.
1179 4412 1525 4481 Universus
1601 4420 1809 4480 autem
1871 4414 2113 4493 Israel,
2192 4419 2250 4480 et
2323 4417 2597 4483 seniores

653 4507 825 4584 εἰπε,
889 4505 944 4566 et
994 4499 1324 4583 praefecti,
1397 4504 1453 4564 et
1513 4500 1753 4567 iudices
1814 4500 1951 4566 eius
2012 4499 2259 4566 stabant
2330 4499 2474 4567 hinc
2536 4507 2594 4568 et

652 4589 800 4658 inde
861 4587 950 4654 ad
1010 4605 1226 4652 arcam
1286 4604 1493 4652 coram
1567 4585 1982 4654 sacerdotibus
2045 4585 2284 4652 Levitis
2339 4592 2596 4670 portan-

653 4676 818 4743 tibus
866 4691 1084 4739 arcam
1132 4671 1401 4754 foederis
1444 4669 1738 4751 Iekovae,
1794 4676 1925 4736 tam
1971 4673 2340 4756 pere-minus
2401 4694 2595 4756 quam

656 4761 983 4846 indiyena:
1044 4757 1317 4823 dimidia
1369 4775 1535 4837 pars
1599 4758 1738 4822 eius
1794 4762 2009 4824 eontra
2076 4762 2337 4823 montem
2398 4759 2594 4825 Gari-

656 4848 795 4923 zein,
838 4849 897 4913 et
937 4841 1209 4910 dimidia
1238 4861 1406 4924 pars
1457 4841 1597 4907 eius
1639 4846 1851 4907 contra
1902 4847 2162 4910 montem
2201 4838 2398 4910 aaz:
2448 4865 2593 4928 que·

656 4929 1054 5001 madmodum
1112 4931 1518 5010 praeceperat
1590 4925 1803 4993 Moses
1876 4948 2093 4996 servus
2159 4929 2448 5014 Iebovae,
2527 4935 2598 4997 ut

658 5019 1026 5088 benediceret
1067 5013 1303 5097 populo
1365 5010 1574 5077 Israel
1610 5013 1913 5095 primum.
2000 5014 2104 5082 34.
2172 5014 2261 5079 Et
2300 5016 2597 5097 posthaec

655 5107 802 5192 legit
843 5100 1054 5170 omnia
1103 5098 1285 5165 verba
1344 5098 1523 5182 lepis,
1582 5097 2052 5166 benedictionem
2103 5106 2160 5166 et
2217 5101 2593 5169 maledictio-

658 5212 828 5269 παπ,
893 5185 1226 5253 secundum
1280 5184 1352 5250 id
1401 5188 1589 5250 totum
1630 5184 1796 5266 quod
1844 5186 2146 5271 scriptum
2190 5191 2281 5252 est
2319 5188 2389 5252 in
2434 5186 2595 5254 libro

657 5278 827 5363 leqis.
928 5271 1032 5337 35.
1116 5269 1263 5336 Non
1330 5270 1459 5353 fuit
1522 5269 1866 5353 quidquam
1940 5291 2015 5337 ece
2090 5271 2372 5338 omuibus
2436 5294 2595 5357 quae

647 5360 1053 5447 praeceperat
1095 5355 1308 5425 Moses
1358 5355 1521 5439 quod
1559 5376 1683 5423 non
1723 5355 1940 5442 leyerit
1979 5357 2166 5425 Iosue
2205 5376 2412 5425 coram
2450 5362 2592 5426 uni·

1805 455 2550 529 COMMENTARIUS
2593 455 2693 524 IN
2734 452 3016 525 IOSUE
3061 453 3259 525 OAP.
3306 457 3500 524 VIII.

4507 452 4636 519 488

2695 662 2870 710 verso
2911 648 3080 710 coetu
3124 644 3363 726 Israel,
3408 651 3464 711 et
3494 645 3890 727 mulieribus,
3932 642 4334 729 etparvulis,
4376 649 4431 709 et
4461 662 4638 726 pere-

2692 729 2904 814 9rinis
2942 731 3331 798 versantibus
3371 731 3445 798 iu
3484 732 3684 799 medio
3722 733 4021 815 ipsorum.

2867 899 2971 966 30.
3044 901 3221 968 Tunc
3275 902 3641 986 aedificavit.
3729 901 3876 969 Hoc
3917 901 4041 969 sibi
4084 902 4371 987 primum
4415 906 4639 966 extra-

2697 983 3100 1051 ordinarium
3154 988 3541 1055 sacrificium
3596 988 3816 1055 offerri
3868 988 4051 1054 Deus
4108 984 4180 1052 in
4241 997 4417 1052 terra
4460 984 4640 1052 Cha-

2694 1090 2869 1136 naan
2914 1071 3210 1138 voluerat
3223 1122 3240 1151 ,
3306 1094 3436 1157 quo
3494 1082 3733 1142 testata
3772 1075 3962 1141 fieret
4016 1072 4236 1158 populi
4287 1070 4641 1157 gratitudo,

2695 1164 2765 1221 et
2822 1156 3077 1222 solenni
3132 1157 3268 1223 ritu
3326 1168 3502 1225 terra
3558 1161 3874 1245 inciperet
3935 1159 4317 1227 consecrari.
4407 1156 4641 1239 Neque

2695 1241 2871 1307 enim
2931 1250 3086 1308 ante
3145 1242 3350 1309 libere
3393 1254 3461 1311 et
3502 1245 3573 1311 in
3619 1245 3883 1330 proprio
3925 1245 4063 1312 solo
4105 1244 4173 1310 id
4215 1245 4360 1310 fieri
4403 1242 4640 1326 potuit,

2695 1324 2897 1394 donec
2955 1328 3137 1413 regio
3195 1329 3414 1413 aliqua
3470 1351 3678 1398 vacua
3733 1331 4131 1414 contigisset.
4217 1329 4369 1396 Duo
4412 1336 4641 1394 antem

2694 1412 2891 1477 simul
2935 1413 3362 1482 mandaverat
3405 1416 3589 1485 Deus
3632 1415 3857 1504 (Dent.
3915 1416 3999 1482 27
4018 1467 4034 1495 ,
4090 1416 4151 1482 2.
4219 1413 4375 1502 sq.):
4432 1423 4512 1480 ut
4566 1415 4638 1480 in

2695 1506 2918 1564 monte
2972 1499 3140 1565 Ebal
3193 1500 3400 1566 altare
3458 1510 3899 1570 exstruerent:
3967 1501 4203 1568 deinde
4257 1510 4332 1567 ut
4389 1497 4643 1583 lapides

2696 1583 2861 1649 duos
2918 1593 3289 1653 statuerent
3330 1607 3405 1653 ac
3446 1587 3730 1655 linerent
3770 1588 3977 1669 calce,
4038 1589 4109 1653 in
4150 1587 4384 1671 quibus
4424 1586 4642 1671 legem

2696 1669 3137 1737 describerent
3154 1720 3170 1748 ,
3236 1679 3310 1737 ut
3352 1673 3421 1737 in
3481 1675 3764 1741 transitu
3820 1673 4217 1757 quibuslibet
4265 1672 4406 1738 eius
4446 1670 4642 1738 lectio

2696 1765 2870 1821 esset
2933 1755 3248 1841 exposita.
3335 1758 3703 1844 Utrumque
3767 1779 3944 1826 nunc
4015 1759 4295 1844 legimus
4359 1755 4642 1823 fideliter

2692 1840 2895 1907 fuisse
2971 1843 3381 1926 praestitum.
3470 1846 3767 1912 Tertium
3844 1854 4265 1930 praeceptum
4342 1850 4488 1910 erat
4558 1842 4642 1908 de

2694 1926 3049 1995 recitandis
3107 1927 3658 1998 benedictionibus
3700 1940 3764 1998 et
3807 1928 4401 1998 maledictionibus:
4468 1925 4644 2012 quod

2694 2012 2891 2077 etiam
2935 2012 3130 2080 Iosue
3183 2034 3313 2080 non
3370 2016 3623 2083 minore
3664 2015 4008 2102 diligentia
4063 2021 4461 2099 exsequutus
4519 2021 4640 2080 est.

2694 2096 2891 2165 Nunc
2935 2108 3006 2164 ut
3050 2097 3131 2165 ab
3176 2099 3371 2165 altari
3414 2101 3755 2186 incipiam,
3817 2102 4054 2167 dicitur
4109 2101 4469 2169 secundum
4514 2100 4644 2165 Dei

2694 2181 3078 2250 mandatum
3120 2184 3324 2252 fuisse
3363 2188 3792 2272 compositum
3828 2209 3911 2255 ex
3946 2185 4270 2272 lapidibus
4302 2185 4640 2270 impolitis.

2694 2268 2947 2351 Integri
2990 2269 3166 2336 enim
3210 2270 3457 2355 lapides
3500 2293 3696 2357 super
3739 2294 3903 2358 quos
3946 2274 4192 2340 ferrum
4236 2293 4366 2338 non
4409 2291 4643 2338 ascen·

2695 2352 2812 2436 dit,
2854 2366 3178 2423 vocantur
3219 2356 3418 2424 rudes
3461 2360 3769 2443 nulloque
3809 2359 4080 2427 artificio
4123 2358 4403 2424 formati.
4493 2356 4644 2424 Hoc

2696 2439 2778 2506 de
2822 2440 3014 2508 altari
3056 2442 3242 2510 cuius
3282 2463 3461 2510 nunc
3502 2445 3580 2510 fit
3622 2447 3901 2527 mentio,
3945 2444 4311 2528 specialiter
4354 2441 4644 2508 traditur

2697 2526 3194 2595 Deuteronomii
3248 2529 3331 2594 27
3337 2580 3352 2596 .
3432 2528 3685 2597 Verum
3740 2531 3911 2598 idem
3953 2530 4027 2595 in
4083 2550 4320 2617 genere
4367 2527 4449 2595 de
4491 2528 4644 2593 aliis

2698 2613 3000 2680 omnibus
3056 2625 3209 2681 ante
3265 2614 3597 2698 proditum
3655 2617 3883 2684 fuerat.
3969 2617 4054 2682 In
4097 2615 4352 2682 ratione
4393 2616 4644 2680 frustra

2699 2698 3074 2783 allegoriam
3118 2699 3440 2767 fabricant
3480 2701 3869 2785 interpretes
3884 2753 3900 2781 ,
3966 2722 4234 2768 manum
4287 2709 4355 2768 et
4406 2699 4642 2767 indus-

2699 2783 2892 2848 triam
2956 2784 3295 2851 hominum
3351 2786 3712 2869 prohiberi,
3775 2789 3929 2873 quia
3990 2787 4186 2853 simul
4245 2796 4441 2872 atque
4477 2786 4643 2852 affe-

2697 2870 2903 2937 rimus
2944 2878 3171 2937 nostra
3212 2880 3604 2952 commenta,
3649 2873 3925 2940 vitiatur
3967 2873 4096 2940 Dei
4138 2872 4373 2941 cultus.
4461 2870 4647 2938 Vere

2696 2955 2957 3039 quidem
3002 2956 3126 3025 hoc
3171 2960 3241 3022 et
3282 2959 3444 3024 scite
3486 2957 3724 3025 dicitur
3742 3010 3757 3037 ,
3813 2959 3927 3026 sed
3972 2968 4161 3025 extra
4194 2959 4437 3037 locum,
4481 2958 4644 3042 quia

2697 3059 2831 3106 non
2876 3041 3052 3107 aliud
3096 3041 3224 3108 fuit
3265 3044 3409 3110 Deo
3465 3044 3900 3129 propositum,
3965 3065 4159 3130 quam
4218 3055 4443 3112 vetare
4484 3064 4643 3128 per-

2697 3135 2897 3211 petua
2952 3127 3202 3194 altaria.
3291 3128 3552 3198 Scimus
3595 3131 3772 3197 enim
3814 3130 3986 3198 hanc
4025 3131 4229 3197 fuisse
4270 3131 4395 3196 rite
4436 3129 4645 3196 sacri-

2694 3213 2930 3280 ficandi
2989 3213 3233 3298 legem,
3294 3223 3369 3281 ut
3433 3236 3638 3282 unum
3682 3216 3985 3283 omnibus
4026 3225 4203 3283 esset
4245 3216 4451 3282 altare
4493 3224 4642 3281 tum

2698 3298 2782 3364 ad
2821 3296 3176 3366 fovendum
3221 3302 3392 3367 inter
3434 3320 3545 3368 eos
3587 3322 3995 3382 consensum,
4036 3311 4180 3367 tum
4221 3308 4299 3367 ut
4337 3300 4644 3368 omnibus

2697 3385 3080 3469 corruptelis
3122 3384 3377 3452 obviam
3420 3389 3660 3469 iretur,
3723 3408 3810 3453 ne
3850 3407 3980 3472 qua
4019 3388 4362 3472 obreperet
4401 3385 4645 3453 adven·

2700 3472 2848 3537 titia
2891 3472 3270 3556 superstitio
3284 3523 3300 3551 ,
3367 3471 3648 3556 denique
3689 3481 3768 3539 ut
3808 3473 4037 3559 religio
4070 3493 4206 3540 una
4247 3481 4315 3540 et
4356 3473 4644 3556 simplex

2698 3565 3023 3623 maneret.-
3064 3556 3221 3642 quia
3254 3580 3338 3625 ex
3375 3559 3679 3625 altarium
3716 3560 4028 3626 varietate
4062 3560 4367 3644 proclivis
4407 3559 4645 3625 fuisset

2697 3643 2920 3727 lapsus
2962 3641 3045 3708 ad
3102 3642 3508 3711 discordiam.
3595 3642 3705 3711 Ita
3758 3644 4109 3713 distractus
4162 3645 4391 3712 fuisset
4431 3664 4644 3729 popu·

2699 3730 2831 3808 lus,
2899 3737 2965 3795 et
3022 3728 3336 3814 dissipata
3389 3732 3647 3798 sincera
3702 3731 3931 3816 pietas.
4018 3731 4163 3797 Iam
4208 3752 4367 3797 vero
4421 3730 4644 3796 locum

2696 3816 2940 3900 eligere
2983 3834 3112 3879 non
3155 3816 3282 3881 fuit
3314 3816 3382 3881 in
3421 3816 3690 3884 arbitrio
3729 3816 3975 3903 populi:
4022 3817 4135 3884 sed
4173 3815 4357 3883 Deus
4398 3815 4470 3881 id
4512 3815 4643 3881 sibi

2696 3901 2940 3986 passim
2998 3900 3170 3983 apud
3212 3901 3448 3968 Mosen
3500 3903 3823 3969 vendicat.
3911 3903 4091 3988 Ergo
4147 3903 4459 3969 exercitia
4503 3901 4644 3986 pie·

2698 3988 2852 4053 tatis
2895 3987 3237 4072 restringit
3277 3987 3360 4053 ad
3403 4008 3554 4055 eum
3599 3989 3809 4056 locum
3829 4036 3845 4067 ,
3909 3987 4023 4054 ubi
4069 3989 4357 4072 posuerit
4394 4007 4642 4053 memo·

2700 4074 2866 4140 riam
2911 4074 3013 4139 sui
3055 4073 3359 4140 nominis.
3441 4075 3646 4141 Porro
3689 4076 3843 4159 quia
3876 4095 4007 4140 non
4050 4076 4270 4141 statim
4312 4074 4644 4157 patefacta

2699 4160 2824 4225 fuit
2866 4157 2995 4226 Dei
3039 4159 3340 4226 voluntas
3355 4210 3372 4239 ,
3418 4180 3539 4227 nec
3582 4160 3764 4227 locus
3804 4158 4182 4246 designatus
4197 4210 4213 4236 ‚
4260 4181 4343 4226 ne
4385 4159 4643 4225 interea

2700 4244 2916 4311 cultus
2969 4245 3109 4311 eius
3164 4256 3473 4328 cessaret,
3537 4246 3929 4331 permissum
3978 4246 4103 4312 fuit
4143 4246 4254 4311 ubi
4311 4267 4466 4312 arca
4503 4257 4641 4311 sta·

2699 4332 2947 4397 tionem
2993 4329 3295 4415 haberet,
3353 4333 3562 4399 altare
3604 4339 3919 4398 statuere:
3983 4331 4101 4398 sed
4165 4353 4249 4397 ex
4313 4330 4641 4416 indigesta

2697 4416 2986 4502 lapidum
3030 4418 3358 4502 congerie,
3419 4419 3525 4484 vel
3568 4439 3650 4483 ex
3693 4417 4074 4502 cespitibus,
4141 4428 4215 4483 ut
4256 4426 4431 4484 esset
4473 4425 4639 4483 tem·

2698 4502 3027 4588 porarium
3060 4499 3401 4570 duntaxat.
3461 4504 3705 4571 Notent
3738 4504 4028 4581 lectores,
4064 4505 4395 4586 optionem
4417 4501 4639 4569 datam

2697 4589 2899 4656 fuisse
2955 4588 3191 4672 populo
3246 4599 3322 4654 ut
3376 4590 3619 4657 faceret
3672 4610 3756 4656 ex
3814 4589 4143 4675 lapidibus
4205 4589 4453 4674 asperis
4469 4639 4485 4667 ,
4557 4610 4639 4656 ne

2696 4676 2906 4741 forma
2935 4675 3420 4741 venerationem
3455 4677 3733 4755 afferret,
3770 4676 3876 4743 vel
3909 4697 3991 4742 ex
4012 4684 4192 4742 terra
4212 4696 4381 4759 quae
4408 4684 4640 4760 sponte

2700 4761 3030 4827 deflueret.
3116 4760 3202 4825 In
3280 4781 3536 4828 summa
3551 4812 3566 4840 ,
3648 4762 3770 4829 hoc
3849 4761 3932 4828 ad
4010 4759 4638 4828 commendationem

2698 4845 2999 4931 perpetui
3055 4845 3279 4914 altaris
3342 4847 3581 4927 valuit,
3647 4868 3730 4914 ex
3783 4868 3912 4931 quo
3958 4854 4248 4914 montem
4294 4844 4461 4915 Sion
4507 4847 4635 4914 ele-

2698 4933 2798 5017 git
2859 4930 3061 4998 Deus.
3151 4931 3590 5015 Quamobrem
3641 4932 3882 4999 dicitur
3936 4934 4007 4999 in
4050 4933 4319 5000 Psalmo
4374 4932 4549 5021 (122,
4599 4935 4630 4998 1

2697 5016 2850 5104 sq.):
2917 5017 3233 5085 Laetatus
3294 5039 3436 5085 sum
3497 5020 3651 5104 quia
3714 5018 3986 5086 stabunt
4047 5018 4246 5103 pedes
4297 5020 4511 5087 nostri
4564 5021 4632 5085 in

2699 5104 2881 5171 atriis
2938 5104 3069 5170 tuis
3111 5103 3489 5172 Ierusalem.
3600 5105 3787 5189 Quae
3841 5104 3954 5173 alii
4015 5106 4287 5191 pacifica
4350 5114 4629 5182 vertunt.

2698 5210 2820 5342 :3⁰
2836 5188 4492 5360 sam*ffflmmaizztffiffifflwsst
4533 5191 4629 5343 ⁷2¹3

2697 5364 2943 5448 gratias
3007 5363 3290 5448 agendas
3304 5415 3324 5446 ,
3396 5371 3462 5430 et
3525 5383 3764 5432 nomen
3829 5363 4202 5432 hebraicum
4265 5384 4401 5430 non
4463 5362 4628 5430 male
