5017 6142
566 434 691 503 159

561 630 620 689 et
679 642 802 689 non
849 619 1410 703 proficiscebantur.
1538 617 1641 682 20.
1719 616 1979 697 Quando
2042 619 2246 679 autem
2311 611 2499 678 nabes

547 709 783 794 paucis
823 707 1041 774 diebus
1080 710 1216 772 erat
1254 724 1442 786 super
1483 702 1964 781 tabernaculum,
2009 701 2093 766 ad
2127 720 2196 765 os
2212 708 2220 715 ’
2235 697 2496 763 Iehovae

560 795 908 871 affluebant,
933 798 988 858 et
1010 793 1095 858 ad
1117 812 1185 857 os
1206 788 2041 871 lebovaeproficiscebantur.
2090 785 2191 849 21.
2238 783 2496 866 Quando

560 882 759 966 ὁρίων
812 884 947 945 erat
998 877 1192 943 nabes
1243 897 1287 942 a
1328 894 1583 956 vespera
1638 894 1833 955 usque
1876 892 2082 951 mane,
2134 869 2498 936 ascendebat

562 970 769 1034 autem
808 964 1002 1030 nubes
1042 983 1240 1041 mane,
1285 966 1426 1027 tunc
1456 959 2040 1041 proficiscebantur.-
2081 959 2196 1021 aut
2234 956 2293 1020 si
2335 958 2499 1020 nocte

565 1058 621 1117 et
684 1053 803 1131 die,
868 1055 924 1116 et
970 1053 1187 1130 postea
1250 1045 1607 1112 ascendebat
1670 1044 1887 1123 nubes,
1952 1048 2095 1108 tunc
2146 1039 2499 1124 proficisce-

504 1142 507 1145 ’
565 1139 810 1205 bantur.
883 1137 983 1200 22.
1027 1134 1165 1199 Aut
1205 1131 1442 1198 duobus
1481 1130 1717 1210 diebus,
1761 1134 1871 1194 aut
1903 1148 2122 1206 mense,
2166 1131 2275 1191 aut
2316 1144 2500 1204 anne,

565 1223 812 1306 quando
871 1240 1114 1286 moram
1176 1217 1454 1284 trahebat
1514 1215 1703 1281 nubes
1765 1234 1955 1295 super
2018 1212 2498 1289 tabernaculum,

565 1307 867 1375 manendo
908 1326 1097 1387 super
1136 1304 1317 1384 illud,
1361 1304 1432 1368 in
1472 1302 1698 1368 castris
1741 1299 2071 1365 manebant
2103 1297 2229 1379 filii
2274 1294 2498 1375 Israel,

564 1415 674 1459 nec
721 1390 1292 1474 proficiscebantur:
1356 1390 1417 1454 si
1472 1393 1678 1453 autem
1726 1386 1845 1451 illa
1901 1383 2263 1450 ascendedat
2280 1430 2296 1456 ‚
2360 1386 2504 1445 tunc

555 1478 1121 1562 proficiscebantur.
1202 1476 1303 1540 23.
1345 1474 1457 1539 Ad
1491 1494 1559 1538 os
1595 1471 1856 1537 Iehovae
1893 1468 2501 1544 castrametabantur,

566 1570 625 1631 et
667 1565 752 1630 ad
794 1583 861 1629 os
905 1562 1167 1628 Iehovae
1214 1558 1762 1642 proficiscebantur
1783 1582 1802 1620 .·
1846 1557 2187 1622 custodiam
2242 1553 2503 1619 Iebovae

568 1648 893 1716 servabant
935 1649 1021 1714 ad
1062 1668 1131 1713 os
1176 1646 1438 1715 Iebovae
1469 1665 1589 1728 per
1629 1662 1886 1708 manum
1927 1640 2150 1707 Mosis.

1206 1986 1338 2052 EX
1380 1983 1681 2050 EXODI
1724 1984 1875 2050 XL.

740 2161 841 2226 36.
897 2161 1103 2242 Quum
1154 2159 1448 2224 recederet
1500 2155 1689 2222 nubes
1745 2179 1787 2219 a
1842 2154 2233 2220 tabernaculo
2248 2203 2264 2231 ,
2310 2152 2507 2235 profi-

567 2246 946 2313 ciscebantur
992 2245 1119 2327 filii
1177 2243 1383 2310 Israel
1431 2244 1501 2309 in
1543 2243 1780 2308 cunctis
1816 2239 2297 2324 profectionibus
2336 2239 2507 2304 suis.-

567 2334 669 2398 37.
719 2333 892 2414 Quod
924 2332 983 2395 si
1025 2351 1147 2396 non
1188 2330 1488 2394 recederet
1520 2328 1741 2403 nubes,
1796 2346 1923 2392 non
1946 2324 2506 2409 proficiscebantw·

567 2439 762 2501 usque
817 2419 902 2484 ad
944 2417 1108 2483 diem
1151 2436 1276 2497 qua
1327 2413 1648 2480 recedebat.
1736 2412 1837 2477 38.
1891 2411 2055 2493 Quia
2098 2412 2285 2476 nubes
2330 2409 2505 2473 Ieho-

565 2525 677 2570 vae
714 2508 851 2569 erat
889 2522 1079 2585 super
1113 2501 1577 2567 tabernaculum
1610 2499 1881 2564 interdiu
1898 2547 1913 2575 ‚
1955 2497 2125 2581 tynis
2157 2516 2293 2561 vero
2326 2499 2507 2560 noctu

567 2592 639 2655 in
680 2609 769 2668 ec,
824 2608 1032 2655 coram
1084 2586 1280 2653 oculis
1336 2587 1522 2652 totius
1577 2585 1795 2651 domus
1853 2582 2090 2662 Israel,
2148 2583 2219 2648 in
2270 2581 2505 2646 cunctis

556 2672 1043 2757 profectionibus
1086 2691 1315 2739 eorum.

741 2844 840 2908 17.
915 2844 1117 2925 Quum
1171 2841 1506 2908 discederet
1561 2841 1769 2906 nubes.
1856 2837 2158 2904 Antehac
2202 2838 2505 2921 exposuit

566 2926 788 2997 Moses
850 2927 1088 2994 visibili
1148 2927 1459 2992 miraculo
1525 2927 1618 2993 sic
1674 2934 1981 2991 ornatum
2038 2924 2236 2990 fuisse
2287 2924 2501 2989 taber-

566 3016 905 3093 naculum,
965 3023 1038 3079 ut
1092 3014 1275 3079 Deus
1326 3013 1542 3095 palam
1600 3013 1838 3077 faceret
1886 3032 1955 3076 se
1998 3010 2129 3077 illic
2177 3009 2501 3074 habitare:

566 3122 698 3167 non
744 3098 911 3183 quod
957 3098 1185 3166 relicto
1230 3099 1405 3164 coelo
1439 3099 1509 3161 in
1555 3096 1716 3163 illud
1761 3105 2067 3162 terrestre
2111 3094 2504 3161 domicilium

567 3189 943 3271 migrasset:
1002 3206 1230 3251 verum
1290 3192 1363 3250 ut
1415 3184 1821 3268 propinquus
1880 3191 2052 3248 essct
2092 3180 2333 3265 populo
2380 3180 2506 3244 vir-

569 3273 731 3338 tutis
819 3280 885 3338 et
949 3272 1195 3355 gratiae
1281 3270 1678 3353 praeseutia,
1757 3268 2005 3352 quoties
2076 3267 2502 3333 invocaretur.

568 3359 763 3424 Nunc
827 3357 1002 3421 aliud
1069 3357 1454 3423 miraculum
1520 3356 1750 3434 refert,
1809 3352 1980 3438 quod
2036 3353 2216 3418 Deus
2267 3350 2506 3417 nubem

570 3463 833 3509 sursum
870 3442 1164 3523 elevans,
1223 3444 1407 3525 quasi
1451 3442 1600 3505 dato
1644 3442 1848 3524 signo,
1893 3438 2156 3505 iubebat
2199 3437 2508 3522 populum

572 3537 789 3596 castra
832 3548 1121 3605 movere,
1173 3549 1370 3609 quum
1417 3537 1635 3592 autem
1679 3524 2004 3592 residebat
2059 3524 2265 3591 nubes
2308 3542 2509 3605 supra

570 3612 1096 3691 tabernaculum,
1150 3611 1313 3678 illud
1357 3612 1621 3696 signum
1681 3611 1875 3677 dabat
1917 3610 2291 3677 mansionis,
2379 3609 2511 3674 Hic

571 3708 794 3765 tamen
860 3699 1154 3763 exoritur
1231 3699 1550 3780 quaestio:
1631 3697 1783 3780 quia
1846 3697 1979 3762 iam
2046 3704 2197 3762 ante
2263 3695 2509 3761 dictum

571 3785 699 3851 fuit
731 3785 952 3849 statim
989 3784 1069 3849 ab
1104 3804 1372 3867 egressu
1413 3784 1695 3868 Aegypti
1743 3783 1981 3847 nubem
2016 3783 2228 3848 instar
2284 3780 2510 3846 vexilli

570 3873 775 3937 fuisse
830 3869 913 3935 ad
956 3871 1080 3934 iter
1124 3869 1346 3953 populi
1391 3867 1920 3953 gubernandum:
1977 3868 2149 3932 uude
2197 3867 2507 3949 sequitur,

570 3978 706 4022 non
751 3965 907 4022 tunc
947 3957 1233 4039 primum
1280 3955 1418 4020 eius
1461 3953 1821 4020 elevatione
1867 3952 2266 4018 admonitum
2312 3951 2511 4017 fuisse

567 4043 880 4126 populum
927 4050 1002 4106 ut
1045 4062 1206 4106 vasa
1241 4039 1591 4124 colligeret,
1639 4048 1704 4106 et
1739 4041 1923 4122 quasi
1967 4038 2273 4104 indictam
2312 4037 2511 4101 fuisse

567 4127 1050 4211 profectionem.
1141 4126 1505 4209 Responsio
1561 4125 1767 4192 facilis
1822 4133 1953 4190 est:
2015 4127 2194 4207 prius
2248 4123 2511 4207 quidem

569 4213 889 4278 directum
951 4212 1151 4277 fuisse
1215 4210 1526 4294 populum
1593 4218 1853 4293 aspectu
1912 4209 2131 4276 nubis:
2201 4208 2511 4292 quemad-

567 4297 832 4364 modum
903 4297 1222 4363 vidimus:
1289 4295 1403 4361 sed
1469 4297 1575 4362 hic
1640 4317 1883 4361 novum
1950 4296 2193 4379 aliquid
2254 4294 2508 4360 referri:

570 4384 723 4468 quia
787 4404 866 4446 ex
933 4404 1062 4466 quo
1125 4391 1413 4448 erectum
1477 4382 1603 4447 fuit
1683 4382 2207 4461 tabernaculum,
2285 4380 2512 4461 nubes,

567 4490 735 4555 quae
800 4468 868 4531 in
934 4489 1082 4533 aere
1144 4468 1495 4552 pendebat,
1561 4477 1629 4533 et
1691 4468 1981 4550 praeibat
2044 4476 2292 4545 castra,
2359 4476 2512 4531 tunc

568 4553 789 4621 sedem
856 4553 1087 4619 habuit
1147 4555 1215 4618 in
1283 4554 1669 4619 sanctuaria
1762 4553 1950 4617 Nova
2019 4553 2193 4618 enim
2258 4551 2510 4636 gratiae

568 4639 850 4706 accessio
916 4639 1405 4705 commendatur
1470 4640 1539 4704 in
1607 4639 1879 4704 certiore
1941 4647 2006 4704 et
2072 4637 2511 4703 manifestiore

569 4725 881 4812 symb010,
929 4746 1004 4790 ac
1041 4727 1095 4790 si
1133 4726 1316 4790 Deus
1360 4725 1628 4807 propius
1663 4733 1728 4790 et
1764 4723 2148 4790 familiarius
2184 4745 2253 4791 se
2288 4721 2512 4806 populi

571 4811 801 4878 ducem
860 4810 1247 4876 ostenderet.
1337 4811 1487 4877 Etsi
1535 4831 1690 4894 ergo
1748 4809 1957 4875 nubes
2007 4810 2207 4875 totius
2256 4808 2511 4874 itineris

571 4897 884 4965 directrix
949 4897 1074 4962 fuit
1144 4897 1224 4961 ab
1303 4897 1519 4977 initio,
1598 4894 1997 4961 tabernaculi
2077 4908 2292 4961 tamen
2371 4893 2512 4978 glo-

570 4985 768 5063 riam,
834 5002 1037 5065 quum
1097 4982 1250 5047 inde
1316 4981 1636 5066 prodiret,
1703 4982 1910 5065 magis
1970 5003 2045 5048 ac
2101 4981 2308 5066 magis
2359 4979 2514 5044 illu-

567 5070 820 5136 stravit.

743 5155 843 5219 18.
910 5157 1023 5222 Ad
1084 5176 1150 5220 os
1213 5152 1490 5220 Iehovae.
1579 5151 1674 5219 Os
1741 5153 1848 5220 hic
1913 5152 2344 5238 metonymice
2394 5172 2509 5235 pro

570 5260 869 5305 sermone
904 5242 1177 5325 capitur,
1216 5261 1426 5322 neque
1457 5248 1642 5304 tanta
1664 5240 1829 5304 mihi
1867 5238 2007 5304 visa
2029 5247 2130 5304 est
2156 5235 2510 5303 hebraismi

570 5325 889 5410 asperitas
931 5328 1088 5409 quin
1132 5324 1467 5394 commode
1511 5326 1781 5391 retineri
1830 5331 2063 5409 posset.
2154 5322 2511 5404 Quaeritur

1975 423 2376 492 REDITUS
2423 423 2552 491 AD
2598 421 3137 489 HISTORIAM.

4415 419 4541 487 160

2601 618 2818 677 tamen
2856 630 2942 674 an
2975 610 3280 693 loquutus
3325 610 3522 677 fuerit
3557 611 3755 691 Deus,
3802 630 4037 679 necne:
4083 613 4237 697 quia
4279 611 4535 695 saepius

2600 697 2924 780 reperitur
2988 699 3118 762 oris
3183 717 3437 762 nomen.
3526 696 3625 764 Ac
3692 698 4041 764 verisimile
4110 697 4371 781 quidem
4435 708 4536 766 est

2601 782 2828 848 Mosen
2872 781 3073 848 semel
3127 782 3333 848 fuisse
3391 781 3689 849 edoctum
3733 782 3886 867 quid
3932 784 4056 849 sibi
4098 783 4297 850 vellet
4340 783 4536 851 nubis

2600 868 2930 943 transitio,
2997 866 3106 933 vel
3170 867 3538 934 residentia.
3631 869 3778 933 Non
3849 878 4065 934 tamen
4116 869 4339 936 dubito
4399 892 4536 935 ser·

2602 954 2812 1018 monis
2837 952 2938 1018 vel
2974 954 3296 1036 praecepti
3335 974 3568 1019 nomen
3607 955 3793 1038 signo
3830 954 4137 1021 adscribi:
4174 955 4327 1039 quia
4349 954 4535 1020 Deus

2602 1059 2717 1122 per
2783 1049 3055 1103 externa
3118 1040 3307 1123 signa
3373 1038 3604 1117 oculis,
3681 1060 3811 1104 non
3875 1042 4091 1106 minus
4155 1062 4352 1124 quam
4419 1060 4536 1123 per

2605 1145 2822 1191 vocem
2876 1123 3172 1205 auribus,
3229 1124 3534 1208 loquitur.
3623 1125 3728 1189 Ex
3787 1125 3909 1191 hac
3967 1136 4186 1192 tamen
4232 1123 4538 1210 loquendi

2601 1209 2811 1275 forma
2853 1209 3156 1295 colligere
3199 1219 3482 1293 oportet,
3528 1211 3863 1293 signorum
3909 1233 4097 1276 usum
4140 1212 4430 1295 perverti
4473 1220 4539 1277 et

2603 1295 2671 1358 in
2719 1293 2994 1359 nihilum
3038 1295 3246 1379 redigi
3303 1296 3429 1360 nisi
3486 1296 3619 1361 sint
3664 1296 3804 1361 vice
3849 1296 4179 1362 doctrinae
4232 1296 4536 1362 visibilis:

2607 1389 2679 1444 ut
2736 1378 2961 1447 scribit
3033 1382 3463 1464 Augustinus.
3555 1381 3768 1462 Quam
3841 1403 3998 1448 vero
4063 1383 4129 1447 id
4194 1381 4540 1449 observatu

2605 1465 2877 1550 dignum
2935 1466 3017 1531 sit
3076 1466 3356 1531 ostendit
3413 1468 3736 1550 repetitio,
3798 1488 3965 1550 quae
4008 1477 4184 1534 certe
4227 1490 4357 1534 non
4400 1468 4539 1536 exi·

2605 1573 2807 1636 guum
2853 1550 3047 1615 habet
3091 1551 3359 1635 pondus.
3759 1576 3766 1582 ·

2779 1636 2877 1701 19.
2952 1636 3370 1704 Observabant
3402 1637 3530 1719 filii
3573 1636 3795 1702 Israel.
3887 1637 4169 1719 Quidam
4225 1637 4395 1724 (meo
4439 1639 4539 1704 iu-

2608 1722 2800 1809 dicio)
2844 1721 3041 1787 nimis
3076 1722 3206 1787 late
3240 1722 3633 1789 extendunt:
3686 1722 3859 1806 quod
3903 1724 4075 1789 nube
4109 1745 4357 1789 moram
4403 1734 4542 1790 tra·

2609 1807 2837 1887 hente‚
2896 1810 3081 1891 quasi
3135 1830 3253 1892 per
3308 1810 3514 1873 otium
3568 1828 3639 1874 se
3693 1809 4105 1875 exercuerint
4159 1810 4278 1875 filii
4336 1808 4542 1876 Israel

2606 1893 2676 1959 in
2721 1893 2898 1960 cultu
2947 1895 3085 1959 Dei.
3154 1895 3296 1978 Ego
3332 1895 3505 1959 enim
3547 1893 3763 1977 potius
3806 1893 3889 1960 ad
3924 1916 4067 1960 eam
4113 1896 4539 1961 attentionem

2607 1980 2930 2063 restringo
3007 1999 3170 2062 quae
3245 1977 3476 2045 deinde
3551 1980 3845 2064 pluribus
3924 1981 4140 2047 verbis
4215 1980 4540 2047 laudatur.

2609 2064 2896 2131 Servare
2935 2065 3135 2149 igitur
3170 2064 3547 2140 custodiam,
3586 2065 3977 2131 tantundem
4003 2066 4178 2133 valet
4203 2087 4279 2133 ac
4308 2076 4544 2132 nutum

2610 2151 2736 2216 Dei
2796 2171 3049 2216 summo
3107 2151 3319 2216 studio
3377 2161 3441 2216 et
3499 2149 3835 2235 diligentia
3892 2153 4229 2235 respicere.
4321 2151 4545 2233 Quum

2608 2237 2783 2301 enim
2826 2239 3154 2319 quiescere
3190 2244 3490 2320 coeperat
3541 2237 3749 2302 nubes
3792 2237 4004 2321 aliquo
4046 2238 4117 2302 in
4160 2238 4329 2319 loco,
4381 2239 4543 2304 scie-

2605 2323 2720 2387 bat
2781 2322 3040 2404 quidem
3105 2323 3382 2406 populus
3446 2343 3587 2388 esse
3633 2322 3767 2387 illic
3816 2322 4237 2389 manendum:
4303 2344 4543 2390 verum

2608 2409 2665 2472 si
2713 2408 3019 2491 postridie
3062 2429 3189 2473 non
3237 2408 3515 2475 fuissent
3559 2408 3812 2488 attenti,
3857 2417 4110 2492 poterat
4144 2409 4353 2476 nubes
4396 2431 4545 2475 eva-

2608 2515 2902 2573 nescere,
2968 2501 3158 2576 atque
3215 2493 3309 2558 ita
3366 2493 3701 2578 neglectus
3759 2502 3825 2559 et
3878 2495 4193 2561 securitas
4252 2506 4387 2560 tam
4441 2496 4545 2559 in-

2610 2578 3044 2661 comparabile
3086 2579 3216 2645 illis
3262 2578 3501 2645 bonum
3547 2577 3956 2646 ademissent.
4016 2580 4100 2646 In
4134 2582 4309 2647 hunc
4345 2582 4548 2646 finem

2612 2665 2916 2731 continuo
2963 2672 3109 2748 post
3147 2666 3566 2748 exprimitur:
3612 2664 3691 2731 si
3734 2665 3839 2730 die
3880 2687 4042 2745 uno,
4087 2666 4194 2732 vel
4229 2666 4545 2750 pluribus,

2612 2751 2669 2816 si
2704 2771 2928 2816 mense
2951 2751 3251 2833 denique,
3288 2752 3393 2816 vel
3418 2771 3606 2830 anne,
3643 2752 3927 2817 stetisset
3969 2750 4194 2831 nubes,
4235 2752 4546 2835 populum

2612 2836 2812 2902 fuisse
2857 2837 3040 2919 quasi
3086 2836 3390 2903 defixum.
3454 2836 3606 2902 Non
3650 2837 3820 2901 male
3863 2837 4066 2920 igitur
4111 2849 4298 2902 vetus
4343 2839 4545 2903 inter·

2611 2942 2761 3005 pres
2805 2923 3169 3002 transtulit,
3207 2922 3405 2988 fuisse
3447 2924 3514 2987 in
3559 2922 3847 2988 excubiis
3881 2921 4049 2987 filios
4090 2922 4327 2988 Israel:
4394 2921 4547 3007 quia

2609 3007 2712 3073 die
2757 3017 3079 3090 noctuque
3123 3008 3394 3074 sollicite
3433 3007 3896 3090 exspectabant
3931 3007 4189 3091 quando
4232 3009 4372 3075 loco
4409 3028 4546 3074 mo·

2610 3114 2764 3159 vere
2816 3093 3067 3158 iuberet
3125 3094 3323 3159 Deus.
3412 3094 3626 3179 Quem
3679 3115 3943 3159 sensum
3997 3095 4341 3160 confirmat
4392 3093 4547 3159 ulti-

2610 3200 2758 3244 mus
2815 3201 3044 3245 versus
3099 3180 3358 3262 capitis,
3425 3179 3534 3244 ubi
3599 3180 3836 3244 iterum
3891 3179 4182 3257 additur,
4249 3198 4548 3246 servasse

2610 3263 2966 3330 custodiam
3013 3264 3296 3330 Iehovae
3339 3264 3420 3330 ad
3464 3286 3536 3330 os
3580 3265 3802 3347 ipsius,
3847 3285 3963 3347 per
4006 3286 4273 3330 manum
4322 3264 4545 3331 Mosis.

2610 3348 2802 3416 Unde
2839 3358 3131 3434 apparet,
3190 3351 3419 3416 Mosen
3474 3351 3673 3416 fuisse
3717 3350 3845 3415 Dei
3890 3350 4316 3434 interpretem
4364 3360 4435 3415 ut
4478 3371 4548 3416 se

2612 3435 2693 3500 ad
2737 3435 2864 3501 iter
2906 3438 3317 3521 accingerent
3360 3438 3608 3520 quoties
3652 3436 3855 3502 nubes
3897 3457 4159 3502 sursum
4195 3436 4550 3503 ascendens

2610 3521 2739 3587 iter
2781 3523 3204 3588 monstrabat.
3273 3523 3333 3586 N
3338 3544 3409 3588 ee
3454 3521 3722 3588 dubium
3757 3532 3854 3587 est
3895 3522 4050 3604 quin
4095 3524 4548 3605 praecesserit:

2612 3612 2687 3672 ut
2727 3608 2969 3674 scirent
3015 3629 3320 3691 quorsum
3367 3609 3539 3690 ipsos
3585 3607 3869 3684 tendere,
3915 3618 3981 3672 et
4015 3629 4144 3690 qua
4177 3609 4307 3673 iter
4342 3608 4550 3674 facere

2614 3692 2810 3757 vellet
2865 3694 3065 3759 Deus.
3153 3693 3532 3759 Notandum
3595 3701 3932 3776 praeterea
3995 3702 4122 3773 est,
4203 3702 4550 3776 utrumque

2612 3781 2857 3860 pariter
2899 3781 2968 3845 in
3014 3780 3204 3845 laude
3249 3780 3471 3862 populi
3515 3780 3783 3857 censeri,
3829 3778 4000 3862 quod
4044 3779 4369 3862 profectus
4414 3780 4550 3844 fue-

2613 3864 2721 3944 rit,
2767 3872 2832 3930 et
2875 3866 3220 3931 stationem
3263 3886 3452 3931 suam
3495 3865 3863 3931 servaverit
3904 3864 3986 3929 ad
4023 3865 4149 3930 Dei
4185 3865 4550 3947 imperium.

2617 3949 2764 4031 Quo
2832 3949 3182 4016 damnatur
3267 3959 3685 4034 praepostera
3748 3971 3972 4015 eorum
4051 3949 4365 4016 sedulitas
4439 3948 4554 4033 qui

2615 4035 2871 4101 nullum
2932 4036 3274 4121 satagendi
3316 4036 3580 4101 modum
3631 4037 3908 4102 faciunt:
3970 4056 4044 4102 ac
4087 4036 4144 4100 si
4188 4058 4319 4101 non
4363 4035 4556 4100 aliter

2618 4122 2761 4187 Deo
2806 4130 3114 4203 parerent
3156 4143 3351 4204 quam
3391 4122 3866 4187 tumultuando,
3936 4122 4142 4204 Atqui
4179 4142 4310 4186 non
4346 4122 4559 4186 minor

2618 4206 2948 4272 interdum
3002 4209 3210 4273 virtus
3268 4216 3369 4272 est
3412 4208 3776 4290 quiescere,
3833 4207 3945 4272 ubi
3988 4208 4080 4271 ita
4138 4204 4280 4271 Deo
4326 4207 4554 4289 placet.

2788 4292 2889 4358 38.
2965 4294 3125 4375 Quia
3186 4293 3372 4358 nubes
3434 4293 3695 4359 Iehovae
3759 4297 3910 4358 erat.
3999 4290 4392 4359 Distinctius
4441 4314 4556 4357 ex-

2618 4378 2845 4460 primit
2909 4377 3127 4444 Moses
3192 4378 3360 4462 quod
3429 4378 3822 4463 generaliter
3901 4377 3978 4442 de
4043 4379 4213 4443 nube
4279 4377 4556 4457 dixerat,

2619 4472 2817 4530 noctu
2881 4465 3127 4530 scilicet
3191 4466 3569 4548 apparuisse
3626 4466 3881 4549 igneam
3942 4462 4341 4528 columnam:
4407 4463 4559 4546 quia

2617 4550 2688 4614 in
2749 4551 3038 4615 tenebris
3110 4550 3292 4615 nulla
3366 4551 3593 4615 fuisset
3642 4549 3834 4615 nubis
3902 4569 3934 4613 s
3982 4549 4168 4615 ecies.
4275 4548 4560 4615 Additur

2621 4635 2819 4700 etiam
2880 4634 3164 4702 secunda
3224 4635 3603 4720 explicati0,
3662 4633 3830 4718 quod
3889 4635 3913 4698 i
4015 4656 4146 4699 non
4191 4635 4392 4701 semel
4441 4644 4560 4700 aut

2621 4721 2720 4786 bis
2800 4721 3177 4805 contigerit,
3260 4720 3374 4787 sed
3438 4722 3506 4785 in
3574 4721 3826 4787 cunctis
3885 4720 4416 4802 profectionibus:
4484 4729 4561 4786 ut

2622 4828 2945 4890 nusquam
3021 4808 3351 4873 caruerint
3424 4807 3614 4872 nubis
3694 4815 4073 4888 conspectu,
4144 4827 4309 4888 quae
4375 4806 4560 4872 testis

2623 4904 2798 4957 esset
2841 4895 3246 4975 praesentiae
3291 4894 3436 4972 Dei,
3471 4894 3611 4959 sive
3654 4890 3997 4957 residendo
4040 4913 4236 4975 super
4271 4892 4562 4959 taberna-

2626 4978 2845 5043 culum
2906 5000 3014 5043 eos
3071 4980 3403 5061 quiescere
3461 4978 3743 5056 iuberet,
3802 4977 3942 5043 sive
3986 4998 4257 5043 ascensu
4297 4977 4562 5061 signum

2628 5063 2813 5129 daret
2856 5064 3198 5130 movendis
3241 5065 3498 5131 castris:
3562 5063 3671 5128 ille
3714 5072 3930 5127 autem
3978 5063 4329 5145 aequabilis
4374 5073 4561 5129 tenor

2631 5151 2697 5214 in
2759 5158 3123 5233 temporum
3167 5161 3234 5215 et
3276 5151 3583 5215 itinerum
3642 5149 3961 5214 varietate
4018 5170 4151 5213 non
4202 5169 4430 5231 parum
4476 5145 4561 5214 ad

2626 5236 3080 5303 certitudinem
3152 5237 3424 5302 valebat.
3514 5234 3686 5299 Nam
3754 5235 3807 5299 si
3874 5232 4162 5316 quotidie
4195 5233 4370 5298 idem
4437 5235 4560 5300 iter

2621 5342 2884 5388 emensa
2927 5323 3153 5388 fuisset
3196 5322 3421 5402 nubes,
3466 5319 3812 5387 assiduitas
3854 5320 3997 5403 ipsa
4042 5319 4169 5384 Dei
4201 5320 4560 5404 potentiam
