5017 6142
544 445 672 513 567

548 633 881 703 obstaculo
962 636 1301 716 superate,
1386 630 1711 714 intrepide
1784 630 2211 715 respondent,
2294 652 2366 697 se
2428 630 2503 697 in

546 721 760 789 officio
812 726 1189 787 constantes
1224 717 1379 782 fore.
1468 717 1772 800 Denique
1837 739 1968 783 non
2043 715 2329 784 deterret
2393 738 2503 785 eos

546 808 774 887 Iosue,
839 805 1189 889 quominus
1232 803 1379 868 Deo
1434 802 1765 868 serviant:
1830 802 1946 869 sed
2004 811 2262 869 tantum
2306 824 2499 886 quam

546 891 913 959 refractarii
957 889 1095 956 sint
1136 910 1213 955 ac
1250 889 1654 974 immorigeri
1697 889 1991 971 exponit,
2042 896 2118 955 ut
2160 888 2501 975 ingenium

544 987 805 1046 mutare
841 976 1115 1043 discant.
1182 972 1295 1040 Sic
1316 973 1537 1040 Moses
1570 975 1641 1039 in
1676 974 1951 1054 cantico,
1990 996 2190 1062 quum
2234 975 2503 1042 videtur

551 1064 904 1131 divortium
956 1061 1133 1126 inter
1175 1060 1392 1126 Deum
1453 1068 1520 1126 et
1561 1061 1740 1144 ipsos
1793 1060 2006 1128 facere
2026 1109 2044 1140 ‚
2111 1061 2278 1128 nihil
2321 1060 2501 1127 aliud

547 1170 747 1235 quam
792 1168 903 1214 eos
948 1148 1181 1232 pungit
1224 1156 1291 1211 ct
1326 1147 1535 1224 acuit,
1599 1168 1684 1212 ne
1726 1146 1832 1212 sui
1873 1147 2121 1214 similes
2167 1168 2309 1214 esse
2353 1169 2502 1232 per-

550 1243 730 1322 gant.
819 1232 1221 1318 Simpliciter
1277 1231 1540 1316 quidem
1586 1232 2014 1298 ratiocinatur
2055 1232 2249 1300 Iosue
2293 1255 2332 1300 a
2374 1234 2503 1301 Dei

551 1331 826 1388 natura:
892 1319 1007 1385 sed
1052 1317 1401 1402 praecipue
1444 1318 1690 1403 stylum
1734 1317 2005 1403 stringit
2046 1319 2117 1385 in
2160 1340 2504 1403 perversos

547 1428 782 1485 mores,
828 1413 897 1471 et
930 1403 1315 1470 indomitam
1358 1404 1834 1470 contumaciam
1868 1405 2110 1488 populi.
2199 1405 2502 1472 Pronun-

548 1492 681 1560 ciat
724 1492 941 1558 Deum
987 1512 1130 1556 esse
1186 1497 1515 1570 sanctum,
1581 1499 1645 1553 et
1695 1489 1988 1556 zelotem.
2075 1489 2156 1556 Id
2200 1501 2376 1558 certe
2419 1492 2503 1560 ab

548 1579 690 1644 eius
743 1577 925 1645 cultu
978 1575 1280 1643 homines
1344 1574 1615 1641 minime
1680 1576 2092 1659 prohiberet:
2172 1577 2288 1643 sed
2348 1578 2504 1644 hinc

548 1665 874 1748 sequitur,
934 1662 1239 1747 impuris,
1298 1660 1662 1739 sceleratis,
1706 1662 2125 1746 profanisque
2167 1664 2307 1730 eius
2351 1685 2502 1730 con-

547 1749 1015 1834 temptoribus,
1074 1757 1140 1813 et
1207 1745 1443 1831 quibus
1485 1746 1671 1813 nulla
1713 1747 1942 1832 religio
1999 1757 2102 1815 est
2150 1749 2292 1815 eius
2335 1750 2501 1817 iram

547 1856 923 1920 provocare,
967 1832 1135 1899 nihil
1178 1853 1323 1898 esse
1366 1854 1516 1898 cum
1560 1854 1637 1899 eo
1682 1835 1946 1918 negotii,
1999 1835 2153 1918 quia
2194 1835 2504 1919 implaca-

548 1921 747 1987 bilem
791 1919 1095 1987 sentient.
1169 1918 1519 1985 Caeterum
1565 1918 1682 1984 ubi
1726 1918 1966 1986 dicitur
2008 1942 2140 1986 non
2184 1941 2503 2004 parsurus

549 2027 780 2074 eorum
837 2004 1223 2081 sceleribus,
1298 2025 1431 2070 non
1483 2006 1799 2071 statuitur
1862 2005 2188 2090 generalis
2244 2008 2500 2092 regula:

548 2090 665 2160 sed
725 2090 1034 2175 dirigitur
1090 2089 1170 2155 ad
1236 2090 1692 2175 immorigeros
1754 2090 2054 2161 homines
2113 2113 2358 2173 sermo,
2431 2100 2505 2160 ut

548 2198 748 2262 saepe
813 2178 993 2243 alias.
1082 2175 1312 2259 Neque
1378 2178 1576 2242 etiam
1655 2177 1876 2261 agitur
1941 2177 2020 2245 de
2092 2178 2504 2263 quibuslibet,

553 2265 659 2332 vel
727 2261 1115 2348 specialibus
1182 2262 1460 2343 delictis,
1540 2262 1655 2328 sed
1726 2263 1808 2328 de
1862 2284 2083 2331 crassa
2127 2265 2254 2330 Dei
2312 2266 2507 2331 abne-

551 2349 846 2435 gatione,
916 2348 1107 2415 sicuti
1144 2349 1481 2431 proximus
1525 2369 1761 2415 versus
1804 2347 2225 2418 demonstrat.
2312 2350 2504 2417 Ideo·

549 2456 676 2522 que
741 2435 1014 2501 liberius
1079 2433 1433 2519 respondet
1494 2434 1778 2518 populus
1843 2455 1914 2502 sc
1978 2437 2115 2504 fore
2173 2438 2301 2503 Dei
2366 2437 2504 2503 cul-

548 2529 781 2590 torem.

716 2607 821 2673 22.
865 2604 1177 2688 Dixitque
1198 2607 1401 2672 Iosue.
1455 2605 1650 2673 Nunc
1671 2616 1971 2674 tenemus
2004 2608 2078 2673 in
2119 2628 2314 2693 quem
2351 2608 2503 2675 hac-

546 2701 745 2760 tenus
799 2712 1071 2777 scopum
1126 2692 1557 2759 collimaverit
1601 2692 1824 2759 Iosue:
1892 2715 2027 2760 non
2093 2706 2169 2760 ut
2225 2693 2505 2778 populus

548 2786 734 2845 metu
793 2778 1209 2845 exanimatus
1258 2801 1297 2845 a
1350 2777 1665 2864 religione
1709 2778 2071 2847 excideret:
2141 2801 2371 2848 verum
2428 2791 2505 2847 ut

548 2864 838 2932 sanctior
892 2875 1064 2930 esset
1115 2864 1455 2950 obligatio,
1519 2885 1602 2930 ex
1646 2887 1772 2948 quo
1816 2865 1991 2932 ultro
2048 2866 2505 2951 appetiverant

550 2952 691 3017 eius
735 2950 1119 3033 imperium,
1178 2949 1249 3015 in
1293 2951 1434 3017 eius
1476 2950 1674 3017 fidem
1717 2970 1794 3016 ac
1836 2951 2206 3018 clientelam
2251 2973 2321 3019 se
2349 2974 2503 3020 con·

549 3037 871 3117 tulerant,
938 3045 1012 3100 ut
1047 3034 1361 3120 degerent
1403 3037 1524 3102 sub
1567 3037 1707 3103 eius
1746 3038 2121 3120 patrocinio.
2213 3036 2304 3107 Se
2348 3060 2505 3126 ergo

597 3122 816 3206 ropria
902 3122 1302 3188 conscientia
1385 3123 1699 3205 perfidiae
1785 3144 1931 3190 reos
2005 3144 2081 3191 ac
2168 3125 2506 3192 convictos

548 3145 689 3274 {bre
722 3215 1086 3293 agnoscunt
1130 3207 1257 3273 nisi
1300 3206 1497 3274 fidem
1533 3208 2003 3292 praestiterint.
2092 3210 2239 3277 Etsi
2282 3218 2503 3278 autem

551 3313 689 3360 non
738 3294 1042 3360 simulate
1095 3294 1370 3377 professi
1425 3303 1584 3359 sunt
1625 3315 1697 3360 se
1730 3294 1814 3360 ad
1855 3295 1957 3362 sui
2017 3295 2503 3364 damnationem

550 3381 690 3446 fore
747 3386 978 3447 testes:
1054 3399 1253 3463 quam
1306 3379 1547 3446 leviter
1599 3388 1821 3447 tamen
1886 3381 2109 3465 elapsa
2162 3382 2251 3449 sit
2305 3382 2506 3450 huius

551 3464 1005 3550 promissionis
1089 3466 1407 3531 memoria
1481 3474 1663 3550 patet
1747 3487 1831 3532 ex
1921 3466 2090 3534 libro
2174 3468 2503 3537 Indicum.

551 3550 727 3617 Nam
782 3550 1063 3616 mortuis
1113 3550 1478 3617 senioribus
1535 3551 1840 3619 celeriter
1880 3553 1963 3619 ad
2012 3555 2233 3621 varias
2275 3577 2505 3641 super·

552 3636 852 3705 stitiones
938 3634 1234 3703 distracti
1311 3644 1485 3703 sunt.
1585 3635 1735 3718 Quo
1821 3640 2121 3724 exemplo
2198 3639 2506 3709 docemur

552 3742 748 3808 quam
855 3721 1257 3807 multiplices
1353 3721 1650 3789 fallaciae
1745 3736 2065 3810 occupent
2166 3726 2504 3794 hominum

554 3828 824 3889 sensus,
904 3817 972 3875 et
1032 3829 1228 3892 quam
1285 3809 1558 3875 flexuosi
1626 3829 1923 3877 recessus
1995 3812 2378 3897 hypocrisin
2438 3822 2508 3880 st

554 3895 921 3962 vanitatem
965 3894 1319 3975 occultent,
1357 3894 1512 3960 dum
1557 3915 1629 3961 se
1673 3897 1851 3981 ipsos
1896 3917 2071 3965 vana
2112 3897 2353 3966 fiducia
2395 3899 2506 3966 de·

551 3981 610 4048 ci
656 3980 825 4046 iunt.

611 4002 656 4065 P
725 4066 829 4133 23.
902 4065 1092 4133 Nunc
1132 4087 1273 4152 erqo
1313 4067 1571 4150 auferte.
1662 4066 1794 4149 Qui
1829 4069 1974 4136 fieri
2018 4076 2235 4153 potest
2276 4079 2356 4136 ut
2391 4091 2509 4137 nu-

553 4173 675 4303 per
716 4161 857 4218 tam
890 4152 1091 4238 rigidi
1137 4153 1624 4237 superstitionis
1658 4153 1949 4222 vindices
1989 4155 2183 4223 idolis
2226 4154 2402 4241 apud
2435 4177 2508 4223 se

580 4259 773 4305 ocum
826 4237 1167 4304 dederint?
1236 4247 1302 4304 et
1357 4248 1576 4306 tamen
1629 4239 1696 4305 id
1752 4240 1957 4309 verba
2013 4250 2286 4322 sonant,
2350 4251 2429 4309 ut
2469 4265 2507 4310 e

554 4322 773 4392 medio
829 4324 937 4391 sui
992 4327 1297 4391 auferant
1357 4325 1511 4392 deos
1568 4336 1933 4394 extraneos.
2023 4327 2102 4395 Si
2160 4329 2508 4412 recipimus

557 4410 786 4477 domos
850 4431 1079 4477 eorum
1136 4411 1352 4478 adhuc
1418 4412 1619 4478 fuisse
1681 4413 1968 4496 pollutas
2027 4413 2250 4495 idolis,
2323 4417 2508 4499 quasi

555 4497 629 4563 in
681 4497 925 4563 illustri
977 4498 1241 4581 speculo
1305 4518 1574 4565 cernere
1638 4498 1817 4580 licet,
1890 4508 1966 4565 ut
2029 4501 2322 4567 suaviter
2384 4501 2510 4567 sibi

554 4583 767 4650 maior
800 4602 954 4666 pars
991 4583 1331 4649 hominum
1368 4583 1710 4669 indulgeat
1743 4586 1815 4649 in
1845 4584 2044 4664 vitiis,
2088 4606 2254 4670 quae
2286 4587 2510 4654 inexo-

557 4669 752 4736 rabili
794 4670 1147 4735 severitate
1186 4679 1413 4735 contra
1455 4669 1618 4735 alios
1661 4671 2092 4754 persequitur.
2182 4671 2317 4739 Sed
2357 4674 2511 4757 quia

557 4754 922 4822 verisimile
983 4755 1150 4820 mihi
1208 4776 1339 4821 non
1385 4765 1488 4821 est
1521 4764 1666 4839 post
1718 4756 1980 4823 caedem
2024 4757 2260 4825 Achan
2317 4779 2510 4826 ausos

559 4841 761 4907 fuisse
803 4841 1172 4907 manifestis
1215 4841 1577 4927 sacrilegiis
1620 4864 1691 4909 se
1734 4842 2059 4925 polluere,
2105 4844 2383 4911 libenter
2428 4846 2509 4911 ad

559 4948 785 4995 eorum
839 4928 1145 4993 affectum
1200 4927 1441 5006 refero,
1508 4936 1584 4993 ut
1634 4930 1865 5012 procul
1921 4930 2143 4997 omnia
2194 4929 2512 4998 falsorum

560 5013 830 5080 deorum
907 5014 1225 5097 figmenta
1290 5033 1330 5077 a
1392 5034 1462 5080 se
1540 5015 1825 5098 abigant.
1917 5016 2088 5083 Nam
2163 5026 2319 5083 aute
2386 5018 2514 5084 hoc

559 5098 787 5165 eodem
833 5099 1046 5183 capite
1090 5099 1391 5165 hortatus
1433 5108 1554 5178 est,
1597 5109 1674 5164 ut
1708 5102 2044 5168 auferrent
2082 5102 2235 5170 deos
2281 5105 2514 5187 quibus

559 5186 926 5252 servierant
981 5196 1202 5269 patres
1253 5187 1545 5269 ipsorum
1592 5194 1775 5252 trans
1817 5189 2096 5266 flumen,
2157 5197 2225 5254 et
2266 5189 2337 5253 in
2383 5192 2515 5257 Ae·

562 5279 787 5355 gypto.
876 5269 1081 5354 Atqui
1136 5292 1329 5338 nemo
1387 5269 1645 5354 putabit
1700 5272 1872 5338 idola
1916 5272 2286 5341 Chaldaeae
2329 5297 2517 5360 repo-

563 5357 692 5421 sita
755 5356 957 5423 fuisse
1020 5360 1092 5422 in
1158 5379 1387 5424 eorum
1468 5359 1773 5427 sacrariis
1790 5410 1805 5440 ,
1881 5360 1983 5426 vel
2041 5360 2241 5426 etiam
2294 5383 2518 5430 secum

1673 438 2418 511 COMMENTARIUS
2462 442 2567 508 IN
2610 438 2893 507 IOSUE
2937 438 3136 507 OAP.
3175 439 3440 507 XXIV.

4428 440 4553 508 568

2606 637 2972 712 asportasse
3006 648 3090 693 ex
3129 630 3226 694 Ae
3366 635 3432 695 to
3465 627 3833 713 spurcitias,
3876 647 4045 712 quae
4085 628 4337 697 hostilis
4378 631 4555 699 inter

2607 715 2825 780 Deum
2871 721 2941 779 et
2982 713 3158 798 ipsos
3257 714 3466 781 issidii
3518 735 3718 782 causa
3774 715 4007 783 forent.
4094 712 4347 783 Sensus
4394 738 4432 784 e

2605 799 2887 885 simplex
2931 810 3058 881 est,
3102 801 3497 868 renuncient
3538 801 3843 869 omnibus
3885 799 4094 879 idolis,
4139 822 4215 868 ac
4255 824 4327 869 se
4371 822 4411 868 a

2605 896 2758 953 cent
2808 886 2988 953 omni
3032 886 3519 969 profanatione,
3562 908 3690 970 quo
3731 886 3943 953 solum
3987 885 4205 953 Deum
4248 910 4412 972 pure
4453 910 4556 956 co-

2606 972 2767 1038 lant.
2855 972 3027 1037 Nam
3064 981 3128 1037 et
3172 972 3300 1040 huc
3335 973 3548 1039 tendit
3589 971 3931 1056 particula.
3993 972 4072 1040 Ut
4113 974 4413 1042 inclinent
4451 996 4556 1043 cor

2608 1058 2695 1124 ad
2737 1057 3053 1139 lehovam,
3119 1058 3292 1160 quod
3334 1057 3719 1125 tantundem
3763 1058 3942 1126 valet
3982 1068 4179 1145 atque
4219 1061 4289 1127 in
4332 1082 4409 1129 eo
4451 1082 4556 1128 ac-

2607 1144 2959 1227 quiescere,
3001 1144 3110 1210 vel
3144 1152 3238 1210 lta
3280 1144 3559 1213 adiicere
3599 1144 3890 1211 animum
3935 1145 4019 1212 ad
4060 1145 4202 1215 eius
4243 1168 4535 1215 amorem

2608 1238 2683 1296 ut
2725 1250 2802 1296 eo
2844 1229 2983 1297 solo
3026 1228 3451 1312 oblectentur,
3496 1251 3573 1298 ac
3613 1231 3905 1299 contenti
3949 1230 4101 1299 sint.

2780 1401 2885 1468 25.
2956 1399 3280 1469 Percussit
3338 1403 3550 1486 itaque
3605 1405 3798 1470 Iosue
3856 1404 4083 1487 foedus
4137 1424 4278 1472 cum
4319 1405 4559 1488 populo

2605 1488 2680 1553 in
2718 1487 2824 1554 die
2864 1485 3015 1554 illa.-
3049 1492 3108 1553 et
3137 1491 3465 1570 proposuit
3508 1490 3568 1555 ei
3594 1494 4002 1573 praeceptum
4043 1496 4100 1557 et
4140 1490 4451 1557 iudicium
4483 1492 4559 1577 in

2610 1572 2876 1640 Sechem.
2965 1573 3068 1638 26.
3128 1573 3401 1655 Scripsit
3441 1576 3628 1659 Iosue
3666 1574 3855 1643 verba
3896 1577 4023 1643 ista
4063 1577 4135 1642 in
4192 1574 4347 1642 libro
4400 1576 4558 1662 legis

2605 1659 2765 1726 Dei.-
2827 1660 2971 1726 tulit
3023 1679 3259 1742 quoque
3310 1661 3585 1743 lapidem
3634 1681 3965 1747 maynum,
4025 1662 4360 1744 doluitque
4413 1683 4557 1729 eum

2605 1745 2697 1810 ibi
2738 1745 2946 1813 subter
2986 1765 3310 1828 quercum,
3374 1767 3537 1829 quae
3577 1753 3714 1814 erat
3753 1748 3823 1812 in
3865 1751 4227 1815 sanctuario
4269 1747 4556 1814 Iehovae.

2608 1831 2711 1896 27.
2760 1830 3070 1914 Dixitque
3094 1832 3283 1898 Iosue
3321 1834 3409 1899 ad
3449 1834 3815 1899 universum
3843 1835 4190 1916 populum.-
4230 1832 4340 1899 En
4385 1834 4558 1917 lapis

2605 1918 2724 1983 iste
2758 1918 2875 1983 erit
2913 1917 3090 1983 nobis
3130 1920 3204 1983 in
3243 1920 3697 1985 testimonium.-
3756 1921 3895 2003 ipse
3932 1922 4100 1987 enim
4142 1920 4392 1988 audivit
4432 1940 4560 1985 om-

2605 2003 2722 2069 nia
2762 2003 2944 2069 verba
2989 2002 3255 2070 Iehovae
3295 2025 3455 2088 quae
3492 2004 3785 2087 loquutus
3820 2011 3912 2072 est
3941 2005 4277 2084 nobiscum,
4320 2006 4559 2088 eritque

2609 2093 2820 2154 contra
2860 2108 2971 2155 vos
3011 2089 3083 2155 in
3124 2091 3557 2171 testimonium,
3598 2112 3678 2157 ne
3713 2092 3874 2175 forte
3912 2092 4308 2160 mentiamini
4349 2096 4563 2157 contra

2609 2173 2822 2242 Deum
2905 2180 3193 2243 vestrum.
3324 2177 3426 2243 28.
3498 2177 3887 2260 Remisitque
3965 2178 4155 2246 Iosue
4227 2177 4562 2261 pwulum,

2609 2260 2931 2343 quemlibet
2987 2262 3057 2328 in
3111 2261 3549 2328 haereditatem
3579 2282 3785 2329 suam.
3873 2263 3978 2330 29.
4023 2264 4154 2331 His
4185 2270 4393 2331 auum
4432 2283 4563 2348 qes-

2610 2348 2725 2425 tis,
2811 2353 3095 2415 mortuus
3157 2353 3248 2415 est
3309 2349 3499 2415 Iosue
3547 2349 3733 2431 filius
3797 2348 3954 2415 Nun
4013 2371 4234 2417 servus
4294 2349 4564 2417 Iehovae

2609 2437 2852 2500 centum
2902 2438 2961 2499 et
3013 2434 3215 2501 decem
3265 2454 3597 2502 annorum.
3686 2434 3790 2502 30.
3863 2434 4372 2520 Sepelieruntque
4419 2454 4564 2502 eum

2609 2521 2683 2585 in
2716 2522 2976 2587 termino
3015 2520 3418 2587 haereditatis
3450 2521 3589 2586 eius
3628 2520 3702 2586 in
3737 2520 4235 2599 Thimnatserah,
4273 2542 4440 2606 quae
4471 2525 4565 2587 est

2609 2607 2682 2672 in
2734 2612 2934 2672 monte
2976 2605 3294 2688 Ephraim
3347 2608 3433 2674 ad
3487 2606 3845 2690 aquilonem
3891 2608 4090 2675 Gaas.
4178 2607 4284 2675 31.
4353 2606 4563 2673 Servi-

2604 2693 2814 2775 vitque
2856 2691 3067 2758 Israel
3108 2692 3371 2759 Iehovae
3411 2696 3647 2760 cunctis
3684 2693 3900 2759 diebus
3940 2693 4162 2772 Iosue,
4203 2695 4564 2776 cunctisque

2605 2779 2825 2845 diebus
2863 2779 3183 2845 seniorum
3222 2780 3337 2862 qui
3376 2779 3492 2845 eliu
3538 2782 3831 2845 vixerunt
3857 2784 4006 2863 post
4042 2778 4265 2861 Iosue,
4330 2780 4563 2862 quique

2607 2870 2903 2931 noverant
2955 2884 3133 2930 omne
3184 2885 3343 2948 opus
3384 2863 3649 2932 Iehovae
3689 2865 3854 2948 quod
3890 2870 4120 2949 fecerat
4154 2867 4288 2949 ipsi
4329 2864 4560 2931 Israel.

2610 2950 2712 3016 32.
2789 2951 2953 3017 Ossa
3006 2955 3216 3016 autem
3266 2949 3498 3033 Ioseph
3549 2970 3712 3034 quae
3767 2950 4117 3018 detulerant
4167 2952 4295 3031 filii
4348 2949 4562 3018 Israel

2609 3057 2688 3104 ea:
2741 3037 3020 3120 Aeqypto
3038 3085 3055 3117 ,
3129 3036 3505 3119 sepelierunt
3567 3039 3638 3103 in
3698 3034 3974 3118 Sechem,
4039 3039 4111 3104 in
4162 3041 4354 3121 parte
4416 3036 4562 3122 αρν-ἰ

2609 3143 2799 3206 quam
2841 3123 3224 3205 acquisierat
3259 3122 3447 3189 Iacob
3489 3144 3532 3188 a
3569 3122 3730 3205 filiis
3773 3122 4019 3189 Hamor
4047 3125 4265 3207 patris
4309 3121 4562 3189 Sechem

2607 3213 2844 3275 centum
2884 3208 3179 3288 nummis,
3222 3213 3278 3275 et
3314 3208 3574 3289 fuerunt
3606 3209 3769 3292 filiis
3801 3206 4033 3295 Ioseph
4069 3210 4141 3275 in
4169 3210 4564 3293 possessione

2608 3315 2748 3360 sua.
2838 3292 2942 3360 33.
3013 3293 3214 3362 Porro
3267 3291 3552 3362 Eleazar
3601 3294 3784 3377 filius
3817 3294 4084 3362 Ahar-on
4126 3300 4411 3362 mortuus
4451 3299 4559 3374 est,

2608 3386 2665 3446 et
2705 3380 3079 3463 sepelierunt
3130 3400 3267 3448 eum
3308 3382 3380 3448 in
3428 3381 3691 3448 Gibeath
3736 3379 4006 3449 Phinees
4041 3380 4172 3464 filii
4212 3382 4383 3461 eius,
4449 3381 4563 3465 qui

2607 3467 2796 3534 datus
2833 3466 2962 3549 fuit
2994 3466 3097 3534 illi
3127 3468 3201 3533 in
3235 3472 3434 3535 monte
3473 3467 3809 3552 Ephraim.

2782 3637 2886 3704 25.
2955 3637 3274 3706 Percussit
3311 3638 3537 3722 itaque.
3625 3639 3759 3706 Hic
3800 3639 3982 3707 locus
4022 3659 4217 3723 quem
4251 3639 4321 3705 in
4359 3640 4559 3706 finem

2610 3723 2899 3792 indictus
2953 3723 3156 3790 fuerit
3211 3732 3577 3792 conventus
3627 3725 4065 3805 demonstrat,
4144 3732 4221 3792 ut
4273 3726 4561 3810 populus

2610 3811 2858 3878 scilicet
2899 3818 3214 3876 renovato
3252 3808 3511 3878 foedere
3553 3809 3700 3878 Deo
3743 3818 3917 3878 esset
3957 3808 4305 3892 addictior,
4371 3833 4562 3880 sanc-

2611 3898 2872 3980 tiusque
2934 3895 3306 3963 obstrictus.
3394 3896 3499 3963 Ita
3544 3917 3626 3962 ue
3690 3898 3760 3963 in
3826 3897 3950 3964 hac
4005 3896 4306 3981 pactione
4366 3897 4561 3965 Iosue

2611 3990 2924 4066 tanquam
2998 3981 3454 4049 internuncius
3580 3983 3640 4050 ei
3691 3982 3853 4062 fuit,
3931 3991 4159 4067 utpote
4230 3983 4344 4068 qui
4416 3985 4564 4052 eius

2611 4070 2877 4135 nomine
2935 4067 3129 4135 fidem
3186 4076 3254 4134 et
3306 4069 3744 4136 obedientiam
3797 4069 4148 4154 stipulatus
4205 4078 4308 4136 est
4361 4090 4403 4136 a
4447 4091 4563 4154 po-

2612 4155 2783 4238 pulo.
2871 4153 2980 4220 Ita
3042 4154 3402 4222 secundum
3463 4155 3831 4222 membrum
3887 4156 4221 4241 exegetica
4277 4155 4565 4237 additur,

2613 4241 3030 4325 proposuisse
3084 4240 3217 4306 illis
3273 4248 3696 4325 praeceptum
3729 4250 3797 4308 et
3850 4241 4184 4309 iudicium.
4273 4240 4568 4311 Sensum

2614 4328 2788 4393 enim
2834 4327 3202 4411 depravant
3243 4347 3319 4394 ac
3374 4336 3767 4411 pervertunt
3810 4329 3922 4412 qui
3963 4327 4085 4395 has
4131 4349 4323 4396 voces
4363 4350 4567 4415 expo-

2614 4421 2787 4481 nunt
2821 4413 2902 4480 de
2938 4433 3110 4481 novo
3154 4412 3369 4496 aliquo
3414 4433 3715 4480 sermone
3764 4412 3991 4480 Iosue:
4044 4435 4248 4498 quum
4291 4412 4375 4482 de
4418 4416 4569 4502 lege

2615 4500 2814 4566 Mosis
2876 4499 3136 4583 proprie
3193 4500 3397 4584 accipi
3454 4499 3759 4580 debeant,
3825 4521 3902 4567 ac
3955 4500 4012 4566 si
4067 4499 4315 4567 dictum
4373 4512 4568 4582 esset,

2614 4585 2810 4653 Iosuc
2851 4586 3021 4651 nihil
3055 4584 3231 4651 aliud
3276 4585 3616 4671 pepigisse,
3663 4604 3856 4670 quam
3891 4595 3969 4652 ut
4001 4595 4348 4652 manerent
4389 4589 4570 4654 firmi

2615 4674 2686 4739 in
2742 4672 2887 4757 lege
2944 4670 3304 4753 servanda,
3368 4693 3493 4739 nec
3550 4672 3681 4738 alia
3724 4673 3936 4756 capita
3983 4671 4266 4739 foederis
4311 4674 4571 4758 prolata

2615 4758 2819 4824 fuisse
2877 4759 2947 4823 in
3004 4757 3326 4824 medium:
3399 4758 3515 4825 sed
3581 4766 3835 4825 tantum
3892 4758 3965 4823 in
4022 4780 4102 4824 ea
4153 4779 4352 4843 quam
4411 4769 4571 4827 ante

2618 4844 2904 4930 amplexi
2949 4852 3017 4909 et
3068 4845 3342 4928 professi
3398 4855 3586 4910 erant
3635 4843 3937 4912 doctrina
3977 4846 4177 4913 fuisse
4220 4847 4570 4913 confirma-

2619 4939 2740 4998 tos.
2830 4929 3042 4997 Sicuti
3087 4931 3284 4997 etiam
3329 4930 3725 5012 Malachiae,
3783 4942 3859 4998 ut
3902 4952 4011 4999 eos
4067 4932 4401 4999 contineat
4444 4934 4569 5000 sub

2617 5017 2772 5104 iugo
2795 5017 2943 5097 Dei,
2986 5038 3117 5082 non
3162 5016 3341 5082 aliud
3385 5017 3658 5102 flagitat,
3703 5038 3902 5101 quam
3947 5029 4026 5083 ut
4064 5037 4392 5086 memores
4435 5020 4572 5086 sint

2620 5104 2784 5189 legis
2826 5125 2945 5187 per
2990 5103 3222 5169 Mosen
3269 5102 3549 5170 traditae
3620 5104 3820 5171 Mala.
3858 5104 3924 5185 4,
3962 5103 4050 5190 4).

2792 5189 2897 5255 26.
2959 5188 3226 5271 Scripsit
3289 5188 3499 5257 Iosue.
3653 5189 4068 5257 uthenticum
4144 5190 4313 5258 illud
4382 5190 4569 5258 volu-

2620 5297 2777 5343 men
2827 5275 3123 5359 intellige
3179 5276 3354 5360 quod
3408 5276 3893 5343 custodiebatur
3933 5277 4119 5343 iuxta
4177 5298 4398 5345 arcam
4440 5277 4571 5343 foe-

2620 5363 2827 5432 deris:
2895 5383 2970 5429 ac
3012 5362 3071 5428 si
3113 5362 3405 5445 publicas
3463 5362 3718 5430 tabulas
3761 5361 3845 5429 ad
3891 5372 4276 5448 perpetuam
4319 5382 4566 5432 memo·
