5017 6142
500 461 625 529 165

492 646 666 714 male
709 645 1005 713 conscius
1039 654 1198 725 erat,
1243 645 1531 711 clausam
1568 644 1772 712 fuisse
1806 644 2071 710 ianuam
2106 643 2424 728 precibus.

495 733 676 799 Hinc
721 733 794 797 fit
847 740 923 795 nt
978 729 1058 796 ad
1103 731 1334 797 Mosen
1389 730 1601 815 magis
1657 750 1849 814 quam
1905 729 1990 795 ad
2034 731 2251 796 Deum
2297 731 2426 795 cla-

494 823 698 884 ment.
785 816 979 884 Unde
1022 816 1326 900 colligere
1365 815 1535 895 licet,
1584 816 1987 900 poenitentia
2029 824 2095 882 et
2138 816 2267 882 fide
2309 837 2426 880 va-

494 924 649 970 cuos
692 902 1109 968 exhorruisse
1153 901 1280 968 Dei
1323 911 1758 984 conspectum.
1848 901 2033 967 Haeo
2075 911 2176 967 est
2216 900 2427 966 malae

494 989 931 1057 conscientiae
976 1007 1255 1066 merces,
1315 987 1387 1051 in
1430 986 1861 1070 trepidatione
1903 995 2209 1070 expetere
2254 986 2430 1070 quie-

494 1082 646 1153 tem,
692 1081 760 1139 et
802 1082 1018 1140 tamen
1058 1072 1271 1138 Deum
1315 1073 1574 1157 fugere,
1621 1075 1731 1156 qui
1774 1072 1951 1138 solus
1993 1071 2428 1155 perturbatio—

493 1181 649 1226 nem
693 1168 759 1224 et
798 1170 1043 1224 metum
1104 1157 1330 1227 sedare
1396 1168 1621 1240 potest.
1710 1156 1902 1238 Quod
1959 1169 2175 1223 autem
2221 1159 2427 1225 inter-

494 1246 786 1313 cessione
827 1245 1035 1310 Mosis
1080 1245 1374 1327 placatur
1416 1242 1618 1325 Deus,
1653 1244 1806 1310 hinc
1850 1243 2218 1328 colligimus
2261 1252 2420 1307 tem-

493 1330 781 1414 poralem
827 1350 1104 1413 poenam
1146 1350 1339 1413 saepe
1382 1329 1602 1412 impiis
1647 1328 1916 1405 remitti,
1961 1330 2261 1413 quamvis
2296 1327 2425 1393 Dei

492 1415 731 1482 iudicio
774 1415 1034 1481 obnoxii
1078 1421 1401 1481 maneant.
1492 1413 1721 1499 Ignem
1767 1415 1893 1480 Dei
1938 1414 2134 1480 fuisse
2176 1413 2426 1480 demer-

495 1523 642 1568 sum
698 1522 975 1566 narrans
1020 1499 1169 1586 (hoc
1222 1501 1396 1566 enim
1457 1500 1714 1583 proprie
1772 1500 2095 1584 significat
2150 1499 2423 1565 verbum

493 1586 664 1679 ypv)
710 1587 1165 1652 exstinctionis
1200 1584 1464 1651 modum
1503 1585 1804 1670 designat
1837 1587 1904 1652 in
1942 1607 2067 1668 quo
2102 1606 2172 1651 se
2208 1584 2422 1669 palam

495 1671 852 1739 ostenderit
895 1672 1021 1737 Dei
1066 1670 1541 1749 misericordia,
1585 1674 1751 1736 sicut
1795 1671 1967 1755 ignis
2012 1671 2137 1736 Dei
2183 1691 2266 1735 ex
2308 1692 2421 1754 op-

492 1759 705 1843 posito
756 1767 1047 1838 vocatur,
1102 1778 1290 1840 quem
1340 1779 1378 1822 a
1421 1758 1562 1822 Deo
1617 1777 1959 1823 accensum
2020 1758 2218 1822 fuisse
2274 1775 2423 1820 con-

494 1843 742 1924 stabat,
797 1862 880 1908 ne
936 1843 1081 1926 quis
1137 1843 1477 1908 fortuitum
1535 1865 1677 1909 esse
1720 1841 2095 1909 incendium
2150 1848 2425 1926 putaret.

492 1930 752 1995 Nomen
793 1930 989 1994 etiam
1026 1928 1166 1995 loeo
1206 1929 1599 2011 impositum,
1641 1927 1811 2011 quod
1848 1927 1930 1994 ad
1965 1936 2255 2011 posteros
2291 1937 2426 1993 tam

493 2016 790 2082 criminis
824 2036 1015 2098 quam
1054 2034 1301 2098 poenae
1335 2022 1834 2080 monumentum
1874 2013 2058 2080 foret.
2126 2012 2426 2079 Taberah

492 2102 670 2167 enim
715 2110 817 2167 est
858 2101 1148 2167 incensio
1194 2100 1294 2167 vel
1332 2100 1710 2166 combustio.
2103 2117 2129 2140 ·

1007 2440 1140 2507 EX
1181 2437 1513 2506 EODEM
1555 2438 1910 2506 CAPITE.

660 2615 721 2680 4.
765 2611 855 2679 Et
907 2611 1167 2679 collectio
1207 2631 1366 2694 quae
1407 2617 1541 2677 erat
1582 2612 1652 2678 in
1694 2610 1893 2677 medio
1935 2612 2100 2688 eius,
2143 2611 2426 2692 concupi-

487 2705 707 2769 verunt
739 2698 1246 2779 concupiscentia,
1291 2702 1347 2762 et
1380 2697 1593 2763 aversi
1626 2700 1801 2761 sunt:
1842 2698 1997 2778 quin
2032 2696 2219 2762 etiam
2245 2698 2425 2776 fleve—

486 2791 636 2853 runt
672 2785 797 2869 filii
844 2783 1083 2862 Israel,
1130 2783 1422 2849 dieentes:
1485 2783 1640 2863 Quis
1666 2787 1880 2863 pascet
1920 2803 2034 2849 uos
2073 2781 2420 2848 carnibus?

401 2909 407 2913 ·
487 2872 549 2940 5.
598 2871 1024 2938 Recordemur
1053 2869 1335 2949 piscimn
1374 2888 1527 2951 quos
1566 2868 2020 2934 comedebam
2055 2869 2123 2933 in
2147 2868 2423 2952 Aegypto

482 2960 703 3044 qratia,
746 2973 1150 3034 cucumer-uon,
1195 2959 1252 3018 et
1281 2973 1611 3039 peponum,
1656 2959 1713 3019 et
1743 2973 2107 3034 porrorum,
2153 2959 2209 3019 et
2248 2974 2424 3034 cepa-

486 3064 633 3110 rum
694 3047 750 3108 et
803 3041 1111 3111 alliorum.
1217 3039 1278 3105 6.
1335 3042 1428 3105 At
1481 3060 1645 3105 nuuc
1699 3039 1915 3105 anima
1944 3024 2179 3105 *nostra
2231 3040 2419 3105 arida

484 3134 605 3207 est,
670 3148 775 3197 nec
837 3127 1179 3209 quidquam
1249 3130 1339 3190 eet
1396 3126 1524 3189 nisi
1578 3144 1729 3189 man
1779 3125 1852 3189 in
1908 3124 2102 3190 oculis
2166 3125 2417 3191 nostris,

489 3216 551 3282 7.
611 3213 775 3280 Man
825 3217 1032 3279 autem
1083 3212 1244 3276 sicut
1297 3211 1619 3277 coriandri
1673 3229 1877 3276 semen
1932 3216 2093 3290 erat,
2151 3215 2207 3276 et
2260 3210 2421 3276 color

486 3302 625 3369 eius
689 3301 850 3365 sicut
913 3298 1077 3363 color
1132 3296 1358 3363 bdellii.
1449 3296 1507 3362 8.
1575 3294 2027 3376 Diffundebant
2086 3303 2292 3361 autem
2353 3315 2420 3362 ee

473 3386 775 3471 populus,
820 3388 875 3450 et
916 3380 1300 3466 colliqebant,
1347 3386 1402 3447 ct
1442 3381 1742 3447 molebant
1782 3382 1853 3446 in
1891 3381 2073 3457 mola,
2119 3387 2231 3447 aut
2271 3385 2418 3447 tere-

485 3474 635 3539 bant
673 3473 743 3536 in
784 3468 1110 3547 mortaria,
1166 3466 1606 3549 coquebantque
1662 3467 1734 3531 in
1785 3466 1908 3532 olla
1926 3517 1941 3545 ‚
1994 3466 2420 3549 faciebantque

486 3578 570 3623 ea:
602 3576 670 3622 eo
690 3555 1028 3637 placentae,
1064 3573 1334 3635 quarum
1366 3572 1558 3633 sapor
1588 3557 1722 3617 erat
1751 3553 1912 3618 sicut
1942 3572 2136 3633 sapor
2162 3554 2420 3620 recentis

478 3643 623 3710 olei.
716 3642 775 3709 9.
849 3641 1052 3722 Quum
1113 3658 1251 3704 vero
1313 3638 1712 3704 descenderat
1770 3657 1874 3703 ros
1936 3658 2125 3719 super
2194 3642 2418 3718 castra,

480 3726 878 3796 descendebat
929 3723 1094 3791 Man
1158 3744 1347 3807 super
1406 3725 1630 3806 ipsum.
1723 3722 1823 3787 10.
1887 3724 2160 3789 Audiuit
2212 3725 2423 3805 itaque

488 3814 703 3880 Moses
759 3811 1070 3893 populum
1124 3811 1367 3890 flentem
1416 3829 1540 3891 per
1599 3808 1923 3888 familiae.-
1976 3829 2272 3891 quemque
2330 3810 2421 3875 ad

483 3900 713 3967 ostium
752 3896 1135 3963 tabernaculi
1173 3895 1313 3961 sui:
1353 3895 1517 3961 unde
1558 3894 1767 3959 iratus
1807 3899 1896 3959 est
1931 3895 2117 3975 furor
2160 3894 2421 3962 Iehovae

480 3984 695 4064 valde,
760 3984 893 4065 ipsi
956 4002 1191 4065 quoque
1256 3978 1428 4046 Moci
1491 3980 1825 4063 displicuit.
1936 3981 2036 4046 11.
2103 3978 2193 4046 Et
2253 3981 2420 4046 discit

485 4070 703 4137 Moses
759 4069 843 4136 ad
890 4068 1207 4133 Iehovam:
1278 4065 1358 4133 Ut
1412 4067 1566 4148 quid
1621 4065 1989 4148 malefecisti
2038 4086 2210 4132 servo
2261 4066 2416 4132 tuo?

482 4163 549 4223 et
589 4175 783 4238 quare
827 4174 953 4220 non
993 4153 1203 4218 inveni
1240 4153 1513 4235 qratiam
1555 4152 1627 4215 in
1667 4151 1860 4217 oculis
1899 4152 2051 4230 tuis,
2111 4157 2179 4215 ut
2220 4154 2418 4237 impo-

483 4261 668 4309 neres
709 4260 867 4305 onus
909 4239 1188 4304 universi
1215 4236 1439 4319 populi
1478 4237 1672 4303 huius
1711 4256 1899 4320 super
1937 4238 2083 4302 me?
2169 4237 2267 4303 12.
2312 4239 2423 4303 An

478 4348 595 4412 eqo
659 4325 901 4408 concepi
962 4324 1327 4390 universum
1378 4323 1684 4404 populum
1745 4324 1986 4388 istum?
2060 4329 2115 4389 et
2165 4345 2249 4390 an
2314 4343 2420 4406 eqo

480 4586 566 4653 dc
606 4604 734 4666 qua
775 4582 1013 4647 iurasti
1043 4579 1337 4663 patribus
1390 4580 1576 4645 eius?
1668 4579 1768 4645 13.
1837 4580 2010 4648 Unde
2063 4580 2223 4646 mibi
2277 4600 2422 4646 caro

480 4675 556 4735 ut
596 4671 738 4736 dem
780 4669 1063 4732 universo
1093 4665 1326 4749 populo
1368 4665 1515 4731 huic
1528 4665 1564 4730 ,9
1633 4664 1826 4731 Flent
1880 4667 2046 4730 enim
2088 4666 2421 4733 adversum

476 4776 601 4835 me,
638 4753 922 4820 dicendo.-
954 4751 1065 4818 Da
1101 4751 1275 4817 nobis
1306 4771 1544 4827 carnee,
1581 4756 1653 4815 ut
1671 4752 2074 4817 emedamus.
2140 4752 2238 4818 14.
2275 4752 2421 4819 Non

470 4860 727 4925 possem
758 4859 861 4922 eqo
893 4838 1069 4903 solus
1105 4837 1272 4919 ferre
1305 4839 1668 4902 universum
1697 4836 2002 4920 populum
2034 4836 2225 4903 hunc.-
2271 4839 2422 4920 quia

481 4947 692 5007 supra
731 4927 899 4991 vires
930 4943 1100 4989 meas
1135 4928 1239 4989 est.
1311 4923 1413 4987 15.
1465 4922 1640 5004 Quod
1680 4923 1740 4986 si
1780 4923 1874 4987 ita
1914 4926 1983 4987 tu
2017 4921 2213 5004 facies
2245 4924 2419 5000 mihi,

478 5012 688 5078 occide
750 5030 849 5076 me
913 5029 1140 5091 quaeso
1202 5010 1524 5075 occidendo
1542 5057 1556 5086 ,
1623 5007 1683 5072 si
1745 5009 1955 5073 inveni
2012 5009 2286 5091 qratiam
2352 5012 2424 5076 in

483 5097 688 5164 oculis
727 5097 875 5172 tuis,
917 5100 975 5159 et
1014 5115 1092 5159 ne
1132 5096 1377 5161 videam
1419 5095 1657 5161 malum
1696 5113 1917 5158 meum.

660 5267 723 5333 4.
781 5263 867 5331 Et
922 5266 1185 5333 collectio
1242 5286 1404 5347 quae
1455 5271 1589 5331 erat
1651 5266 1722 5330 in
1785 5264 1999 5330 medio.
2104 5264 2424 5332 Refertur

482 5373 740 5421 novum
798 5372 1100 5419 murmur
1158 5351 1400 5436 populi.
1503 5351 1696 5418 Hanc
1755 5351 1928 5415 enim
1986 5350 2327 5417 historiam
2384 5375 2424 5418 a

1873 456 2277 528 REDITUS
2322 457 2450 525 AD
2494 455 3037 526 HISTORIAM.

4337 463 4464 530 166

2574 646 2829 711 roxima
2874 645 3138 711 differre
3181 667 3263 710 ex
3307 645 3533 712 multis
3570 646 4080 714 circumstantiis
4108 647 4455 734 colligitur.

2529 666 2944 814 Quanquam,
2988 738 3065 796 ut
3109 730 3354 797 malum
3398 753 3480 796 ex
3516 730 3691 797 malo
3735 732 4055 808 nascitur,
4101 734 4456 801 verisimile

2529 825 2628 882 est
2647 867 2662 894 ‚
2720 824 3059 900 postquam
3116 816 3562 899 impatientiae
3616 817 3836 883 morbo
3890 819 4184 885 laborare
4225 840 4456 905 coepe-

2529 908 2710 982 rant,
2763 902 3048 986 maligue
3104 902 3507 986 excogitasse
3564 923 3729 985 quae
3769 903 4058 970 taedium
4104 914 4169 970 et
4209 926 4460 972 moero-

2530 1008 2668 1053 rem
2729 1000 3059 1072 augerent.
3147 985 3571 1070 Prodigiosus
3624 995 3844 1054 tamen
3903 990 4031 1055 fuit
4083 991 4192 1057 hic
4247 992 4446 1072 furor,

2529 1093 2729 1156 quum
2773 1095 2983 1156 nuper
3025 1085 3160 1138 tam
3203 1094 3426 1141 severe
3469 1074 3768 1158 castigati
3811 1084 4062 1155 essent,
4126 1084 4194 1142 et
4243 1075 4458 1145 adhuc

2529 1179 2733 1241 paene
2799 1159 3077 1224 fumaret
3139 1177 3292 1242 pars
3364 1167 3760 1236 castrorum,
3839 1160 4113 1226 vixdum
4193 1162 4449 1245 placato

2530 1244 2704 1320 Deo,
2770 1244 3266 1327 concupiscendi
3306 1243 3636 1310 licentiam
3697 1245 3816 1311 sibi
3873 1246 4261 1328 sumpsisse,
4322 1270 4453 1332 qna

2529 1329 2853 1395 duriorem
2909 1330 3264 1396 vindictam
3321 1338 3742 1395 accerserent.
3830 1330 4025 1396 Certe
4081 1353 4281 1415 quum
4337 1356 4457 1400 sua

2525 1415 2942 1496 improbitate
2995 1416 3236 1480 iterum
3292 1427 3732 1497 provocarunt
3770 1416 3985 1482 Deum
4004 1468 4021 1496 ,
4081 1417 4298 1484 adhuc
4352 1420 4456 1484 in-

2526 1500 2740 1565 cendii
2783 1501 3060 1585 vestigia
3096 1507 3247 1565 ante
3285 1500 3500 1565 oculos
3538 1498 3794 1565 residua
3838 1511 4040 1567 erant.
4106 1502 4299 1569 Unde
4341 1525 4457 1587 ap-

2525 1594 2712 1670 paret
2775 1595 3181 1670 quantopere
3249 1586 3576 1652 excaecati
3644 1586 3887 1651 fuerint
3950 1588 4274 1653 obstinata
4335 1610 4457 1657 sua

2526 1671 2797 1738 malitia.
2866 1671 3094 1737 Prima
3128 1671 3388 1755 quidem
3435 1671 3621 1737 initia
3665 1673 4019 1737 murmuris
4061 1672 4263 1740 fuisse
4299 1673 4457 1742 dicit

2527 1756 2608 1821 ab
2651 1756 2927 1835 exteris,
2993 1758 3097 1822 vel
3142 1757 3508 1839 promiscua
3548 1757 3966 1823 multitudine
4002 1780 4166 1842 quae
4200 1780 4269 1824 se
4305 1760 4457 1826 mis·

2529 1849 2753 1908 cuerat
2792 1843 2945 1908 filiis
2966 1841 3205 1908 Israel:
3255 1840 3796 1925 quemadmodum
3841 1842 3993 1909 alibi
4039 1845 4250 1911 visum
4295 1846 4456 1910 fuit:

2529 1929 2641 1993 sed
2697 1926 2879 1993 addit
2934 1936 3148 1993 totum
3209 1948 3461 2010 quoque
3517 1928 3830 2012 populum
3890 1929 3970 1994 ad
4027 1930 4454 1996 imitationem

2525 2014 2766 2097 impiae
2832 2014 3271 2097 querimoniae
3337 2021 3617 2081 tractum
3679 2034 3837 2079 esse.
3949 2014 4096 2094 Quo
4159 2017 4459 2101 exemplo

2528 2099 2834 2165 docemur
2888 2098 3232 2184 fugiendos
3291 2118 3432 2164 esse
3488 2099 3813 2182 improbos
3869 2107 3936 2164 et
3992 2100 4325 2181 scelestos,
4370 2124 4457 2166 ne

2527 2185 2716 2251 malis
2781 2185 3103 2268 exemplis
3168 2204 3288 2249 nos
3352 2194 3799 2266 corrumpant:
3876 2185 4069 2250 sicuti
4148 2186 4452 2253 vitiorum

2525 2271 2825 2356 contagio
2865 2270 3056 2336 facile
3091 2271 3311 2353 serpit.
3380 2268 3591 2335 Simul
3641 2277 3858 2334 tamen
3905 2290 4245 2336 monemur
4286 2272 4452 2338 nihil

2528 2357 2610 2422 ad
2656 2356 3135 2422 excusationem
3181 2355 3402 2421 valere
3444 2354 3500 2419 si
3546 2354 3655 2419 alii
3711 2353 3896 2421 nobis
3952 2357 4084 2420 sint
4142 2361 4451 2440 peccandi

2527 2450 2817 2507 autores:
2889 2442 3040 2525 quia
3112 2440 3281 2507 nihil
3339 2440 3673 2506 Israelitas
3729 2440 3927 2521 iuvit,
4000 2442 4271 2507 aliorum
4329 2444 4453 2509 im-

2529 2527 2727 2612 pulsu
2795 2526 3135 2594 cecidisse:
3201 2526 3504 2609 quoniam
3570 2526 3832 2609 propria
3893 2526 4069 2610 ipsos
4133 2528 4457 2611 cupiditas

2528 2613 2913 2697 praecipites
2971 2614 3123 2697 egit.
3225 2611 3451 2678 Primo
3508 2611 3709 2696 igitur
3762 2610 4123 2677 cavendnm
4188 2625 4313 2693 est,
4370 2635 4456 2681 ne

2526 2720 2768 2783 pravae
2810 2698 3201 2781 cupiditates
3247 2719 3362 2762 nos
3406 2696 3782 2762 sollicitent:
3828 2706 3892 2761 et
3932 2697 4230 2762 fraenum
4268 2699 4456 2765 nobis

2523 2782 2974 2850 iniiciendum:
3043 2782 3275 2849 deinde
3340 2803 3423 2847 ne
3479 2783 3732 2866 profani
3792 2782 3918 2847 Dei
3975 2791 4454 2866 contemptores

2524 2869 2736 2935 oleum
2805 2869 3048 2935 addant
3113 2868 3387 2934 camino.
3489 2867 3845 2947 Quaeritur
3917 2867 4025 2934 hic
4087 2889 4173 2934 an
4226 2890 4456 2936 carnes

2526 2964 2832 3039 appetere
2866 2955 3051 3020 nefas
3094 2955 3211 3019 sit:
3270 2953 3437 3037 quod
3474 2954 3530 3018 si
3566 2954 3910 3033 asseritur,
3949 2975 4174 3019 omnes
4210 2955 4457 3038 pariter

2527 3043 2856 3126 appetitus
2913 3038 3262 3106 damnandi
3330 3048 3539 3104 erunt.
3624 3038 4050 3122 Respondeo:
4118 3040 4263 3106 Non
4307 3041 4452 3107 ideo

2524 3126 2950 3193 excanduisse
2991 3126 3208 3191 Deum
3252 3123 3421 3208 quod
3466 3123 3760 3188 carnium
3805 3124 4198 3191 desiderium
4243 3126 4453 3192 Israe-

2523 3214 2674 3278 litas
2718 3211 3103 3296 pupugerit:
3162 3211 3273 3276 sed
3334 3209 3617 3292 primum
3664 3209 3989 3293 displicuit
4032 3214 4455 3293 contumacia,

2525 3298 2695 3382 quod
2751 3298 2935 3363 velut
2989 3297 3196 3361 invito
3257 3296 3418 3374 Deo,
3473 3294 3586 3377 qui
3643 3315 3750 3360 eos
3805 3294 4063 3361 volebat
4118 3295 4258 3362 solo
4301 3317 4459 3365 man

2524 3392 2863 3450 contentos
2906 3403 3066 3458 esse,
3110 3401 3372 3448 carnem
3418 3379 3610 3445 edere
3652 3382 4173 3464 concupiverint:
4223 3382 4456 3449 deinde

2525 3469 2943 3553 intemperies
2997 3489 3072 3534 ac
3129 3467 3455 3532 violentus
3511 3466 3755 3546 fervor,
3810 3488 3939 3549 qua
3992 3468 4244 3533 ratione
4301 3468 4462 3536 dicit

2524 3556 2742 3621 Moses
2825 3553 3273 3636 concupivisse
3358 3552 3945 3635 concupiscentiam
3972 3601 3987 3628 ,
4078 3554 4457 3638 significans

2522 3640 2751 3706 fraena
2816 3639 2940 3705 sibi
3004 3638 3260 3704 laxasse
3285 3688 3301 3719 ,
3376 3658 3461 3702 ne
3538 3658 3727 3720 quem
3791 3645 4090 3703 tenerent
4164 3639 4453 3705 modum.

2523 3726 2766 3806 Tertio,
2810 3723 3225 3809 ingratitndO,
3268 3743 3430 3807 quae
3465 3722 3572 3789 hic
3607 3720 4087 3807 perstringitur,
4124 3723 4237 3790 sed
4274 3745 4457 3809 aper·

2523 3814 2652 3878 tius
2696 3810 3046 3877 damnatur
3086 3809 3158 3875 in
3202 3810 3496 3889 Psalmo,
3557 3808 3669 3873 ubi
3726 3809 4075 3893 exprobrat
4132 3811 4453 3893 propheta

2521 3897 2741 3964 Deum
2784 3896 3064 3963 nubibus
3117 3895 3461 3960 mandasse
3512 3892 3817 3977 desuper,
3878 3904 3943 3958 et
3998 3894 4228 3960 ianuas
4292 3895 4457 3961 coeli

2522 3984 2888 4067 aperuisse,
2950 3991 3024 4047 ut
3079 3982 3404 4047 frumento
3449 3979 3705 4045 coelesti
3751 3990 3818 4044 et
3861 4001 4028 4062 pane
4072 3980 4453 4062 angelorum

2522 4070 2695 4153 ipsos
2738 4076 3069 4152 pasceret:
3115 4075 3180 4131 et
3219 4076 3437 4132 tamen
3482 4087 3565 4130 ne
3604 4066 3699 4131 sic
3743 4066 4000 4148 quidem
4046 4067 4243 4132 fuisse
4286 4066 4462 4134 cohi-

2523 4155 2692 4220 bitos
2736 4155 2892 4236 quin
2955 4161 3175 4236 spreto
3232 4160 3365 4217 tam
3428 4150 3742 4235 singulari
3793 4151 4135 4230 beneficio,
4187 4172 4329 4217 sese
4371 4153 4456 4218 ad

2521 4240 2819 4306 illicitam
2879 4238 3445 4321 intemperantiam
3504 4238 3897 4320 proiicerent
3953 4236 4089 4323 (ΡΒ.
4147 4237 4262 4315 78,
4319 4239 4452 4326 23).

2523 4326 2699 4392 Nota
2734 4335 2834 4390 est
2869 4323 3335 4389 moderationis
3377 4322 3623 4407 regula,
3669 4331 3736 4386 et
3771 4321 4019 4387 sobriae
4058 4324 4455 4408 frugalisque

2523 4413 2717 4490 vitae,
2763 4431 2956 4494 quam
2992 4408 3375 4491 praescribit
3407 4407 3689 4474 Paulus:
3739 4416 3812 4472 ut
3849 4408 4128 4473 sciamus
4171 4413 4456 4476 saturari

2524 4505 2591 4561 et
2627 4498 2892 4574 esurire,
2929 4494 3260 4560 abundare
3294 4502 3361 4558 et
3394 4495 3737 4577 penuriam
3773 4493 3909 4577 pati
3933 4493 4200 4579 (Philip.
4224 4495 4284 4575 4,
4327 4496 4449 4583 12).

2525 4583 2698 4648 Nota
2752 4582 2951 4647 etiam
3010 4581 3150 4646 eius
3207 4579 3562 4646 admonitio
3620 4590 3752 4658 est,
3814 4600 3897 4643 ne
3954 4581 4170 4644 carnis
4228 4602 4453 4646 curam

2526 4688 2798 4752 agamus
2854 4667 2933 4731 ad
3001 4665 3551 4748 concupiscentias
3605 4663 3820 4750 (Rom.
3878 4664 3977 4744 13,
4038 4662 4163 4751 14).
4257 4666 4454 4732 Oohi·

2523 4753 2735 4821 benda
2792 4753 2997 4836 igitur
3055 4753 3266 4817 omnis
3319 4751 3619 4829 lascivia,
3688 4772 3770 4815 ne
3830 4749 4006 4816 aliud
4066 4760 4452 4833 appetamus

2525 4858 2719 4924 quam
2762 4839 2944 4903 licet:
3007 4836 3240 4902 deinde
3285 4858 3366 4901 ne
3409 4837 3732 4919 appetitus
3773 4838 3981 4901 nostri
4026 4836 4294 4900 modum
4338 4858 4448 4901 ex-

2525 4925 2780 4990 cedant.
2860 4924 3089 5005 Itaque
3134 4922 3287 4987 alibi
3331 4921 3452 4986 hoc
3496 4922 3870 5004 exemplum
3918 4941 4449 5000 commemorans,

2525 5009 2886 5075 timendum
2944 5029 3084 5073 esse
3139 5009 3262 5073 Dei
3320 5007 3630 5073 iudicium
3694 5006 4033 5072 admonet:
4103 5027 4184 5069 ne
4241 5007 4448 5073 simus

2524 5095 3050 5179 concupiscentes
3094 5114 3313 5158 rerum
3359 5093 3676 5159 malarum
3716 5091 3801 5179 (1.
3849 5092 3994 5157 Cor.
4045 5089 4144 5167 10,
4190 5091 4231 5155 6
4274 5111 4288 5155 :
4332 5092 4455 5161 hac

2525 5190 2682 5247 nota
2722 5180 3133 5246 turbulentos
3178 5188 3244 5243 et
3286 5181 3606 5245 effraenes
3650 5180 3974 5262 appetitus
4018 5196 4056 5239 a
4100 5195 4206 5239 mo
4254 5180 4457 5247 eratis

2527 5277 2593 5332 et
2637 5277 2810 5332 recte
2856 5265 3230 5349 compositis
3289 5264 3717 5349 distinguens.
3807 5261 4228 5343 Quaerendo:
4288 5261 4458 5345 Quis

2530 5352 2708 5418 dabit
2771 5350 3047 5419 carnes?
3117 5349 3376 5415 aliunde
3429 5358 3740 5433 exoptant
3795 5368 3989 5430 quam
4051 5368 4090 5411 a
4144 5348 4287 5415 Deo
4347 5354 4462 5435 qui

3949 5447 4049 5502 11*
