5017 6142
435 440 562 507 453

435 627 744 697 Manasse
804 630 1038 695 armati
1101 633 1242 696 ante
1305 628 1474 711 filios
1539 629 1793 696 Israel:
1876 627 2389 712 quemadmodum

432 714 721 795 loquutus
794 714 1005 798 fuerat
1079 715 1166 781 ad
1240 735 1342 781 eos
1417 714 1649 782 Moses.
1762 714 1863 782 13.
1950 714 2389 799 Quadrayinta

433 800 645 867 mdlia
697 806 1085 868 armatorum
1127 802 1511 868 transierunt
1551 821 1758 868 coram
1800 799 2031 867 IeIzova
2073 801 2161 866 ad
2203 820 2386 882 proe-

433 886 592 952 lium
634 887 721 952 ad
761 887 1136 969 caumestria
1179 886 1439 955 Iericho.
1518 887 1618 953 14.
1677 885 1778 953 Eo
1817 888 1921 953 die
1961 885 2391 970 magnificavit

434 972 667 1039 Iehova
710 972 971 1038 Iosuam
1013 974 1084 1039 in
1124 973 1321 1039 oeulis
1362 974 1549 1040 totius
1592 973 1893 1040 Israelis.-
1955 976 2012 1038 et
2048 973 2388 1037 timuerunt

433 1078 578 1124 eum
630 1058 1148 1142 quemadmodum
1199 1061 1542 1126 timuerant
1584 1058 1809 1126 Mosen
1842 1057 2128 1125 omnibus
2170 1058 2391 1124 diebus

433 1145 599 1210 vitae
653 1145 806 1209 eius.
900 1143 1001 1210 15.
1072 1144 1400 1229 Loquutus
1454 1149 1549 1211 est
1599 1149 1808 1211 autem
1857 1143 2090 1210 Iehova
2145 1145 2231 1209 ad
2275 1144 2386 1209 Io-

434 1250 647 1308 suam,
713 1230 1002 1296 dicendo.-
1082 1232 1181 1297 16.
1251 1230 1555 1312 Praecipe
1607 1229 2024 1315 sacerdotibus
2076 1230 2387 1311 portanti-

435 1314 554 1381 bus
595 1333 810 1381 aream
852 1316 1189 1383 testimonii
1231 1322 1303 1383 nt
1343 1317 1679 1383 ascendant
1711 1337 1743 1381 e
1777 1316 2070 1382 Iordane.
2142 1315 2244 1380 17.
2298 1314 2389 1381 Et

421 1401 745 1483 praecepit
799 1400 988 1467 Iosue
1042 1403 1491 1482 sacerdotibus,
1557 1401 1846 1468 dicendo:
1926 1401 2258 1468 Ascendite
2308 1422 2386 1467 ex

436 1486 727 1553 Iordane.
818 1486 917 1552 18.
989 1486 1191 1555 Porro
1277 1508 1470 1572 quum
1546 1489 1969 1555 ascendissent
2039 1486 2385 1553 sacerdotes

420 1576 748 1656 portantes
809 1592 1025 1638 arcam
1084 1574 1360 1657 foederis
1423 1573 1691 1640 Iehovae
1746 1594 1780 1640 e
1831 1573 2034 1640 medio
2088 1572 2380 1652 Iordane,

433 1664 495 1724 et
568 1659 909 1726 translatae
975 1666 1173 1726 essent
1224 1660 1486 1743 plantae
1537 1661 1776 1743 pedum
1863 1660 2249 1726 sacerdotum
2313 1658 2384 1723 in

430 1746 685 1821 siccum,
723 1763 1010 1811 reversae
1050 1750 1197 1812 sunt
1236 1766 1439 1829 aquae
1483 1746 1786 1813 Iordanis
1820 1746 1905 1812 ad
1938 1746 2136 1812 locum
2177 1762 2381 1825 suum,

431 1835 496 1930 et·
522 1832 841 1931 fluxerunt
889 1831 1052 1898 sicut
1106 1831 1244 1898 heri
1259 1883 1275 1912 ,
1337 1837 1395 1898 et
1434 1832 1896 1898 nudiustertius
1936 1851 2132 1913 super
2172 1849 2381 1898 omnes

430 1937 618 1999 rapas
657 1938 813 1984 etus.

607 2089 706 2156 10.
784 2089 1143 2157 Sacerdotes
1205 2094 1432 2156 autem.
1521 2089 1650 2156 Ubi
1709 2087 1857 2154 aliis
1921 2087 2382 2154 festinantibus

428 2174 733 2242 iubemur
776 2176 1181 2260 consistere,
1236 2175 1485 2243 seimus
1528 2195 1722 2258 quam
1770 2172 1959 2263 facile
2001 2173 2071 2238 in
2116 2172 2239 2240 hac
2282 2193 2381 2238 re-

428 2281 615 2327 mora
660 2261 932 2346 obrepat
977 2260 1292 2342 taedium,
1337 2263 1491 2345 quia
1535 2260 1816 2326 deterior
1852 2258 2112 2326 videtur
2154 2266 2381 2325 nostra

427 2347 734 2414 conditio.
821 2347 1062 2415 Merito
1126 2348 1347 2431 itaque
1424 2345 1732 2412 laudatur
1794 2343 2205 2412 sacerdotum
2267 2365 2381 2428 pa-

429 2432 681 2514 tientia,
760 2432 934 2519 quod
1012 2441 1149 2499 toto
1226 2454 1311 2517 po
1359 2433 1469 2498 1110
1545 2430 1631 2498 ad
1708 2430 1919 2515 ripam
1997 2430 2376 2497 ulteriorem

426 2519 730 2587 celeriter
771 2526 1093 2599 currente,
1141 2518 1266 2587 8011
1308 2542 1378 2584 m
1424 2538 1544 2584 sua
1584 2517 1861 2585 statione
1904 2516 2160 2601 placide
2200 2517 2380 2600 quie-

426 2605 668 2672 verint.
756 2606 1025 2673 Poterat
1067 2605 1240 2671 enim
1287 2604 1603 2671 dubitatio
1644 2603 1994 2687 obrepere,
2051 2624 2136 2668 ne
2180 2622 2220 2668 a
2265 2621 2377 2668 ua-

426 2712 577 2759 rum
625 2692 826 2758 moles
869 2712 1035 2775 quae
1077 2712 1304 2758 eorum
1348 2690 1669 2776 capitibus
1711 2688 2115 2769 imminebat,
2164 2710 2242 2755 su
2289 2689 2379 2754 ito

428 2776 697 2844 defluxu
755 2798 862 2845 eos
920 2778 1311 2845 absorberet.
1399 2776 1724 2844 Pietatem
1784 2795 1941 2859 ergo
1998 2795 2185 2841 suam
2244 2795 2377 2841 non

429 2864 647 2930 minus
714 2864 933 2931 testati
990 2872 1150 2929 sunt
1204 2863 1340 2930 illic
1396 2861 1756 2943 menende,
1832 2881 2030 2945 quam
2090 2861 2247 2926 dum
2302 2860 2374 2925 in

428 2949 778 3017 adversum
852 2949 1129 3015 fluvium
1213 2947 1483 3015 tendere
1546 2949 1688 3015 81181
1754 2955 1928 3014 sunt.
2017 2946 2124 3012 Ita
2186 2946 2374 3012 initio

427 3037 736 3121 apparuit
778 3056 1005 3102 eorum
1047 3033 1528 3119 promptitudo,
1570 3034 1944 3100 constantia
1987 3030 2223 3098 deinde
2266 3053 2373 3099 ac-

426 3123 656 3202 cessit,
738 3142 904 3206 quae
980 3121 1199 3205 palam
1276 3120 1520 3186 faceret
1596 3140 1729 3186 non
1793 3119 2047 3202 impetu
2113 3127 2372 3183 tantum

426 3207 820 3291 obsequutos
864 3227 1007 3274 esse
1049 3206 1212 3273 Deo.
1286 3207 1588 3273 Firmum
1633 3205 1810 3271 enim
1854 3203 2025 3287 quod
2066 3203 2376 3270 laudatur

426 3314 543 3378 pro
630 3294 830 3359 sitnm
879 3294 1142 3359 nonnisi
1199 3314 1283 3359 ex
1327 3291 1486 3359 viva
1541 3290 1760 3358 radice
1815 3309 2082 3356 manare
2227 3291 2369 3355 tuit.

423 3379 539 3445 Mo
586 3381 786 3446 estiao
845 3379 997 3458 fuit,
1063 3378 1235 3463 quod
1279 3378 1445 3444 nihil
1490 3384 1836 3443 tentarunt
1872 3375 2128 3442 incensi
2174 3386 2370 3455 erate,

423 3464 538 3532 sed
582 3465 663 3531 ad
708 3466 837 3531 Dei
880 3485 1280 3543 sermonem,
1325 3475 1640 3547 tanquam
1683 3462 1768 3528 ad
1794 3482 2144 3541 normam,
2204 3481 2375 3528 eom-

422 3552 637 3635 posita
694 3552 823 3618 fuit
883 3559 1024 3617 tota
1086 3552 1271 3617 actio.
1359 3550 1510 3616 Etsi
1575 3557 1793 3615 autem
1861 3547 2193 3631 probabile
2250 3558 2370 3629 est,

422 3657 594 3704 novo
635 3637 896 3705 oraculo
939 3637 1239 3705 edoctum
1297 3637 1500 3702 fuisse
1543 3634 1735 3701 Iosue
1779 3633 1936 3717 quid
1980 3634 2153 3700 factu
2199 3643 2373 3700 esset

420 3744 614 3807 opus,
703 3722 941 3790 dieitur
1018 3731 1242 3788 tamen
1318 3730 1633 3806 sequutus
1708 3719 1879 3804 quod
1949 3729 2372 3804 praeceperat

415 3808 664 3876 Moses.
752 3809 943 3892 Quod
989 3830 1111 3893 ego
1151 3811 1246 3876 sic
1288 3809 1699 3892 interpretor,
1747 3806 1976 3872 Mosen
2023 3805 2371 3891 diligenter

414 3893 802 3975 mandasse,
883 3906 958 3961 ut
1015 3917 1101 3961 ex
1157 3916 1270 3961 ore
1328 3893 1458 3960 Dei
1511 3893 1856 3977 penderet:
1936 3892 2150 3976 ipsum
2211 3911 2367 3958 vero

414 3981 623 4048 fuisse
665 3981 931 4065 penitus
974 3980 1393 4065 morigerum,
1437 3987 1629 4063 atque
1663 3978 1809 4045 ideo
1843 3999 2104 4062 semper
2147 3977 2367 4043 obser-

414 4087 614 4134 vasse
694 4067 848 4151 quid
927 4068 1069 4133 Deo
1153 4067 1456 4151 placeret.
1556 4064 1861 4148 Denique
1942 4074 2364 4149 praeceptum

415 4152 628 4219 Mosis
672 4154 859 4221 cuius
900 4154 979 4219 fit
1019 4153 1297 4233 mentio,
1349 4152 1654 4237 generale
1695 4152 1852 4216 fuit:
1918 4150 2105 4216 Deus
2147 4158 2365 4217 autem

413 4247 614 4323 prout
669 4239 918 4307 ferebat
960 4260 1066 4305 res
1108 4248 1293 4318 nata,
1361 4238 1552 4304 Iosue
1595 4236 1966 4320 specialiter
2008 4235 2365 4302 admonuit.

597 4326 695 4391 12.
767 4326 1183 4393 Transierunt
1258 4344 1494 4407 quoque
1552 4323 1677 4404 filii
1745 4321 1981 4389 Ruben.
2069 4322 2360 4407 Expedi·

413 4409 667 4478 tionem
712 4411 991 4478 duarum
1051 4410 1343 4477 tribuum
1388 4416 1456 4476 et
1498 4409 1806 4475 dimidiae
1861 4418 2365 4475 commemorat:

415 4497 726 4580 quoniam
782 4520 914 4564 non
967 4518 1089 4563 sua
1142 4497 1453 4580 privatim
1513 4515 1710 4562 causa
1756 4494 2027 4579 profecti
2081 4502 2238 4561 sunt
2281 4492 2365 4560 ad

413 4582 786 4650 obeundam
839 4583 1175 4648 militiam:
1260 4582 1373 4648 sed
1429 4589 1506 4648 ut
1560 4581 1829 4660 fratres,
1894 4600 2170 4664 quorum
2230 4579 2364 4645 vir-

415 4676 564 4733 tute
606 4679 793 4753 parta
835 4669 969 4735 illis
1012 4667 1232 4735 fuerat
1288 4668 1642 4751 possessio,
1704 4667 1776 4732 in
1820 4674 1999 4732 terra
2041 4666 2364 4734 Chanaan

412 4755 796 4840 occupanda
857 4754 1148 4822 vicissim
1216 4753 1622 4820 adiuvarent.
1709 4751 1905 4820 Hanc
1968 4752 2182 4853 legem
2245 4752 2365 4818 im-

412 4849 722 4925 posuerat
784 4841 1035 4921 Moses,
1110 4861 1309 4925 seque
1363 4839 1784 4907 iureiurando
1854 4839 2365 4922 obstrinxerant,

411 4925 657 5012 reliqui
693 4927 917 5012 populi
953 4948 1024 4994 se
1055 4926 1196 4992 fore
1230 4925 1520 5005 comites,
1565 4924 1770 4993 donec
1813 4926 2096 5009 quietam
2142 4922 2362 4993 sedem

411 5011 634 5098 adepti
698 5033 925 5079 omnes
984 5012 1218 5080 forent.
1306 5011 1490 5078 Idem
1567 5032 1800 5078 rursus
1874 5012 2149 5096 polliciti
2225 5011 2363 5078 fue-

409 5110 603 5179 runt,
683 5121 880 5184 quum
945 5098 1272 5166 movenda
1335 5104 1557 5165 essent
1598 5106 1843 5165 castra:
1912 5097 2087 5164 sicut
2148 5101 2361 5182 capite

408 5186 627 5271 primo
691 5184 997 5253 vidimus.
1082 5185 1334 5251 Verum
1398 5205 1481 5249 cx
1542 5183 1666 5249 hac
1739 5184 2117 5252 narratione
2178 5185 2357 5252 colli·-

410 5272 661 5356 gimnn,
716 5272 975 5338 nonnisi
1017 5279 1272 5355 partem
1316 5269 1516 5337 fuisse
1561 5268 1898 5337 delectam.
1984 5271 2355 5337 Numeran-

409 5367 526 5424 tur
599 5358 776 5425 enim
853 5356 1176 5425 duntaxat-
1249 5355 1684 5442 quadraginta
1746 5355 1952 5421 millia
2030 5357 2356 5422 virorum.-

1631 437 2374 507 COMMENTARIUS
2418 440 2520 506 IN
2564 439 2846 508 IOSUE
2892 384 3090 508 CAP.
3137 440 3260 509 IV.

4318 439 4452 507 454

2494 649 2730 713 nempe
2794 629 2989 696 tertia
3058 649 3209 713 pars
3272 639 3386 698 aut
3465 630 3728 698 circiter
3799 649 4026 696 eorum
4091 629 4202 715 qui
4268 631 4446 697 censi

2491 715 2687 798 paulo
2752 723 2906 780 ante
2968 717 3247 783 fuerant.
3337 717 3546 783 Porro
3611 717 3766 800 quia
3828 714 4069 799 ubique
4136 713 4449 782 dicuntur

2495 801 2655 867 satis
2739 800 2971 867 fecisse
3053 802 3188 870 suis
3265 802 3606 886 promissis
3622 852 3639 882 ,
3737 800 4096 885 probabilis
4187 801 4448 868 elicitur

2491 889 2871 955 coniectura
2887 938 2902 968 ,
2965 887 3170 955 Mosis
3234 889 3576 955 consilium
3653 909 3787 953 non
3854 887 4086 968 fuisse,
4149 887 4444 972 praecise

2492 972 2791 1059 exigere,
2871 982 2945 1039 ut
3009 994 3240 1041 omnes
3307 976 3419 1059 qui
3484 974 3751 1040 nomina
3814 972 4133 1040 dederant
4196 972 4445 1040 relictis

2491 1058 2805 1126 uxoribus
2860 1067 2929 1125 et
2992 1059 3247 1140 liberis,
3314 1059 3674 1127 militarent
3735 1059 3810 1125 in
3866 1067 4047 1125 terra
4100 1058 4443 1139 Chanaan,

2493 1142 2699 1212 donec
2755 1166 3025 1229 prorsus
3084 1145 3475 1212 debellatum
3520 1146 3706 1212 foret.
3794 1144 3887 1211 Et
3936 1153 4136 1225 certe,
4202 1144 4443 1211 durum

2491 1250 2569 1297 80
2610 1230 2874 1298 crudele
2916 1232 3165 1312 fuisset,
3209 1231 3537 1298 imbellem
3574 1231 3837 1296 turbam
3877 1230 4103 1296 multis
4137 1230 4443 1317 gentibus

2488 1316 2747 1383 infestis
2789 1316 3257 1385 circumdatam
3302 1316 3545 1401 absque
3579 1316 3875 1384 custodia
3908 1316 4230 1383 deserere.
4302 1316 4443 1382 Nec

2489 1423 2650 1470 vero
2713 1402 3000 1470 hostium
3064 1403 3378 1488 reliquiae
3423 1424 3463 1469 a
3512 1403 3742 1469 vicinis
3805 1404 4109 1487 gentibus
4175 1402 4442 1469 adiutae

2488 1489 2559 1553 in
2605 1496 2791 1555 tanta
2833 1489 3172 1556 occasione
3214 1489 3326 1556 diu
3370 1497 3750 1567 cessassent,
3818 1488 3976 1574 quin
4019 1487 4330 1554 mulieres
4372 1496 4443 1553 et

2486 1593 2724 1659 pueros
2787 1573 3207 1653 trucidando,
3286 1595 3357 1640 88
3436 1574 3923 1642 ulciscerentur.
4027 1573 4442 1641 Praesidium

2489 1681 2649 1747 ergo
2690 1661 2764 1725 in
2806 1661 3077 1746 regione
3119 1659 3410 1727 nondum
3457 1661 3617 1727 satis
3659 1666 3890 1743 pacata
3943 1680 4211 1726 manere
4253 1678 4441 1744 opor-

2484 1747 2648 1827 tuit,
2710 1746 2880 1830 quod
2961 1745 3044 1813 ad
3110 1745 3548 1829 prohibendae
3624 1746 4031 1813 incursiones
4091 1742 4437 1812 sufficeret.

2484 1832 2625 1899 Nec
2670 1853 2823 1900 vero
2861 1832 3022 1899 adeo
3067 1831 3320 1917 rigidus
3362 1832 3491 1897 fuit
3527 1831 3743 1899 Moses
3786 1832 3943 1915 quin
3987 1832 4245 1898 miseris
4287 1850 4440 1898 con-

2484 1919 2750 1984 suleret.
2818 1917 3000 2000 Quin
3045 1918 3242 1984 etiam
3285 1937 3406 2002 pro
3446 1937 3569 1983 sua
3610 1915 3960 2000 prudentia
4000 1923 4066 1982 et
4109 1918 4437 1999 aequitate

2484 2023 2823 2087 nunquam
2899 2003 3225 2088 praesidio
3306 2002 3621 2069 nudasset
3698 2024 3893 2087 quam
3959 2022 4171 2086 nuper
4235 2003 4435 2069 armis

2484 2098 2964 2174 occupaverant
3022 2089 3357 2155 ditionem.
3445 2086 3637 2154 Adde
3679 2087 3850 2171 quod
3894 2108 4248 2156 concursus
4290 2096 4436 2154 tan-

2484 2187 2593 2242 tae
2658 2174 3104 2241 multitudinis
3166 2173 3634 2258 impedimento
3685 2174 3915 2240 fuisset
3969 2177 4181 2259 magis
4238 2193 4434 2257 quam

2483 2261 2863 2328 adiumento
2896 2261 2965 2326 in
3011 2259 3404 2345 acquirenda
3436 2268 3615 2326 terra
3638 2259 3976 2327 Obanaan.
4033 2260 4182 2326 Hac
4214 2262 4435 2344 itaque

2483 2347 2934 2414 moderatione
2977 2354 3329 2414 contentus
3368 2345 3497 2413 fuit
3537 2345 3783 2425 Moses,
3828 2366 3912 2411 ne
3952 2345 4326 2413 Rubenitae
4367 2353 4437 2412 et

2484 2431 2770 2500 Gaditae
2824 2433 3135 2500 fratribus
3177 2433 3248 2498 in
3309 2430 3594 2518 gerendo
3652 2430 3821 2498 bello
3879 2432 4238 2515 occupatis,
4304 2431 4433 2516 ipsi

2483 2519 2733 2586 resides
2787 2528 2855 2587 et
2908 2518 3097 2586 otiosi
3151 2524 3511 2603 proventus
3566 2538 3719 2585 suos
3777 2515 3954 2582 domi
3996 2517 4433 2598 comederent,

2482 2626 2560 2671 ac
2624 2626 2735 2672 eos
2801 2605 3232 2672 destituerent
3291 2625 3411 2671 8110
3469 2603 3743 2683 auxilio,
3810 2601 4046 2686 quibus
4101 2612 4432 2687 acceptam

2482 2691 2659 2759 ferre
2737 2691 3067 2758 debebant
3139 2711 3335 2775 quam
3418 2690 3591 2755 nacti
3669 2698 3858 2756 erant
3936 2687 4430 2757 haereditatem.

2481 2780 2707 2862 Atque
2767 2777 2838 2843 in
2903 2798 2981 2843 eo
3042 2786 3382 2861 perspecta
3445 2776 3569 2842 fuit
3647 2774 4087 2859 qnadraginta
4149 2774 4432 2841 millium

2480 2864 2841 2943 sinceritas,
2878 2862 3049 2946 quod
3085 2862 3436 2930 tribulibus
3470 2862 3605 2928 suis
3636 2860 3893 2946 quietis,
3938 2880 4157 2940 onera,
4202 2860 4433 2928 moles-

2480 2950 2639 3030 tias,
2701 2959 2768 3015 et
2828 2949 3121 3034 pericula
3175 2948 3449 3015 militiae
3492 2968 3626 3014 non
3684 2946 4069 3015 detrectant.
4157 2946 4432 3031 Promp-

2477 3042 2622 3101 tum
2689 3043 2834 3101 erat
2908 3035 3194 3115 causari,
3282 3034 3405 3102 sibi
3470 3054 3602 3099 non
3683 3035 3904 3099 minus
3976 3033 4220 3099 iustam
4284 3052 4429 3100 8888

2479 3120 2842 3188 vacationis
2885 3141 3167 3189 causam.
3245 3118 3441 3203 Quod
3484 3121 3688 3206 igitur
3730 3117 3984 3185 delectu
4028 3117 4250 3185 habito
4293 3118 4430 3185 ala-

2476 3208 2675 3275 criter
2715 3215 2999 3292 pergunt
3033 3228 3159 3291 quo
3201 3205 3528 3287 iubentur,
3573 3225 3787 3287 neque
3828 3201 4142 3269 fratribus
4183 3204 4428 3270 immu-

2476 3294 2753 3359 nitatem
2816 3291 3150 3369 invident-,
3237 3292 3392 3358 inde
3456 3300 3729 3375 apparet
3791 3290 3996 3356 fuisse
4062 3299 4294 3375 sponte
4359 3298 4430 3356 et

2475 3378 2836 3446 liberaliter
2879 3377 2962 3445 ad
3016 3378 3302 3445 officium
3347 3387 3626 3462 paratos.
3716 3374 4110 3459 Quanquam
4154 3374 4424 3441 dubium

2476 3487 2610 3532 non
2655 3473 2773 3545 est,
2822 3471 3082 3548 accepto
3125 3466 3304 3545 flore,
3347 3483 3575 3529 ansam
3620 3461 4045 3546 querimoniis
4089 3468 4159 3528 et
4199 3461 4426 3530 litibus

2473 3551 2680 3618 fuisse
2722 3551 3102 3636 praecisam.
3200 3549 3429 3634 Neque
3472 3551 3647 3614 enim
3704 3546 4097 3615 contendere
4145 3568 4425 3632 aequum

2474 3636 2640 3717 fuit,
2684 3638 2844 3720 quin
2889 3637 3157 3703 senibus
3200 3642 3269 3702 et
3310 3634 3632 3713 emeritis,
3692 3633 3800 3700 vel
3845 3633 4092 3700 teneris
4132 3641 4201 3701 et
4243 3632 4424 3700 debi-

2473 3722 2648 3790 libus
2690 3735 3057 3808 parcerent:
3126 3721 3257 3788 nisi
3300 3722 3467 3787 forte
3513 3720 3809 3788 divinare
3849 3720 4173 3805 quispiam
4217 3720 4423 3800 malit,

2473 3830 2607 3875 non
2651 3808 2911 3887 iudicio,
2955 3806 3071 3875 sed
3105 3814 3283 3874 sorte
3318 3807 3757 3892 conscriptum
3802 3807 4003 3873 fuisse
4041 3806 4419 3872 exereitum.

2471 3895 2644 3962 Mihi
2700 3905 2923 3961 tamen
2965 3894 3184 3978 potius
3227 3893 3520 3972 videtur,
3574 3901 3652 3958 nt
3693 3893 3966 3978 quisque
4010 3897 4155 3956 erat
4193 3892 4423 3958 robus-

2471 3981 2766 4049 tissimus
2824 3988 2892 4048 et
2955 3980 3038 4047 ad
3094 3980 3396 4046 ferendos
3453 3979 3707 4046 labores
3774 3979 4061 4044 maxime
4124 3976 4417 4058 idoneus,

2468 4088 2707 4134 nomen
2753 4066 3028 4134 dedisse.

2645 4153 2743 4220 14.
2812 4153 2912 4220 Eo
2952 4153 3058 4220 die
3107 4151 3548 4238 maynificavit.
3635 4149 3787 4215 Non
3830 4147 3959 4213 fuit
4000 4146 4108 4216 hic
4152 4148 4419 4232 quidem

2468 4242 2814 4324 praecipue
2904 4238 3204 4305 miraculi
3292 4237 3445 4304 finis
3462 4288 3477 4316 ,
3571 4243 3649 4301 ut
3725 4234 3918 4301 Iosue
3985 4235 4275 4318 potentia
4352 4243 4421 4302 et

2468 4327 2819 4392 autoritate
2872 4331 3262 4408 praestaret:
3331 4322 3445 4389 sed
3502 4341 3705 4407 quum
3765 4320 4063 4404 publicae
4107 4321 4418 4387 utilitatis

2466 4431 2864 4497 magnopere
2900 4410 3192 4490 referret,
3227 4409 3422 4476 Iosue
3457 4407 3802 4492 imperium
3841 4405 4138 4486 stabiliri,
4183 4409 4416 4473 merito

2466 4504 2782 4581 tanquam
2864 4495 3330 4563 beneficentiae
3406 4493 3534 4561 Dei
3607 4491 3909 4559 cumulus
3980 4491 4049 4557 id
4128 4492 4411 4576 ponitur,

2466 4583 2667 4650 fuisse
2711 4583 2892 4668 quasi
2935 4583 3138 4649 sacris
3180 4579 3548 4666 insignibus
3604 4588 3910 4645 ornatum
3928 4627 3945 4658 ,
4002 4597 4168 4662 quae
4209 4598 4412 4644 vene·

2467 4670 2794 4735 rationem
2859 4666 3034 4752 apud
3100 4666 3415 4752 populum
3481 4672 3821 4750 parerent,
3897 4685 3983 4729 ne
4045 4663 4192 4747 quis
4258 4684 4410 4730 eum

2463 4765 2881 4824 contemnere
2946 4752 3236 4820 auderet.
3326 4753 3471 4819 Nisi
3531 4751 3706 4818 enim
3763 4770 3803 4814 a
3867 4749 4075 4834 capite
4139 4756 4413 4835 regatur

2465 4841 2834 4926 promiscua
2874 4838 3247 4919 multitudo,
3295 4845 3526 4923 sponte
3569 4837 3725 4903 dissi
3776 4842 3941 4901 atur.
4005 4832 4192 4901 Deus
4232 4855 4410 4919 erge,

2467 4936 2543 4993 ut
2585 4925 2810 5011 populi
2855 4927 2957 4991 sui
3000 4926 3195 4993 saluti
3249 4926 3675 5010 prospiceret,
3731 4858 4005 4988 {usuam
4059 4921 4411 5006 insignivit

2465 5014 2712 5081 eximia
2751 5018 2936 5091 nota,
2991 5031 3157 5095 quae
3200 5012 3342 5078 eius
3381 5010 3791 5078 vocationem
3834 5013 4171 5072 assereret.
4257 5007 4411 5074 Dis-

2463 5099 2748 5168 cendum
2805 5107 3022 5165 autem
3079 5104 3180 5164 est
3219 5119 3305 5164 ex
3348 5097 3473 5164 hoc
3522 5096 3691 5174 1000,
3757 5112 3869 5159 808
3911 5112 4138 5159 omnes
4181 5114 4223 5157 a
4261 5092 4408 5161 Deo

2462 5186 2653 5254 nobis
2709 5183 3154 5252 commendari
3194 5204 3313 5268 per
3366 5202 3639 5266 quorum
3698 5198 3967 5245 manum
4010 5177 4408 5246 excellenter

2461 5275 2781 5341 virtutem
2817 5291 3005 5337 suam
3041 5270 3305 5356 profert,
3340 5280 3416 5335 ut
3449 5268 3695 5333 iustum
3731 5263 3903 5348 apud
3934 5284 4051 5331 nos
4088 5264 4400 5331 honorem

2459 5380 2535 5426 ac
2559 5359 2989 5427 reverentiam
3021 5356 3377 5423 obtineant.
3421 5353 3629 5420 Porro
3652 5352 3709 5420 si
3729 5350 3874 5436 quis
3910 5349 4190 5431 obiiciat,
4231 5351 4405 5436 quod

3894 5450 3997 5507 29·
