5017 6142
472 448 591 517 157

472 658 666 721 super
708 636 1039 704 exercitum
1079 635 1278 703 tribus
1306 635 1585 720 filiorum
1630 633 1973 716 Nephthazi
2026 640 2164 700 erat
2203 633 2418 701 Abira

472 725 653 809 filius
697 721 909 788 Euan.
996 722 1095 788 28.
1143 722 1317 788 Istae
1357 727 1503 787 sunt
1545 721 1949 803 profectiones
1998 719 2276 800 filiorum
2319 720 2420 787 Is-

475 809 611 878 rael
643 828 762 890 per
804 808 1107 874 exereitus
1146 828 1328 874 suos:
1370 829 1443 875 ac
1484 809 1577 872 ita
1610 806 1873 889 profecti
1914 810 2072 870 sunt.

654 977 754 1043 11.
824 978 981 1044 Fuit
1042 983 1245 1045 atatem
1310 998 1473 1045 anno
1528 977 1807 1044 seeundo.
1897 975 2141 1042 Narrat
2203 976 2421 1042 Moses

523 1064 695 1129 rima
737 1073 952 1130 castra
987 1086 1026 1130 a
1061 1076 1283 1129 monte
1326 1063 1514 1131 Sinai
1557 1064 1768 1129 locata
1808 1063 2005 1129 fuisse
2047 1061 2119 1126 in
2166 1060 2421 1127 deserto

542 1169 735 1216 aran:
789 1149 960 1232 quod
1003 1149 1128 1215 etsi
1174 1171 1302 1215 non
1349 1149 1572 1233 procul
1616 1148 1796 1215 illinc
1841 1145 2148 1226 distabat,
2189 1169 2422 1231 nempe

478 1236 716 1301 itinere
758 1234 961 1299 tridui
1014 1234 1116 1321 (ut
1174 1236 1371 1319 paulo
1413 1245 1560 1319 post
1605 1232 2003 1319 videbimus)
2058 1233 2419 1299 molestiam

478 1332 704 1385 tamen
768 1340 844 1385 ac
900 1321 1184 1387 taedium
1248 1321 1547 1406 fatigatio
1602 1320 1841 1403 populo
1907 1319 2143 1385 attulit.
2231 1317 2422 1399 Quod

477 1407 607 1473 Dei
650 1404 958 1471 mandato
1002 1406 1289 1489 expediti
1332 1406 1577 1472 fuerint
1619 1405 1701 1471 ad
1736 1404 2157 1489 pergendum,
2200 1424 2424 1473 eorum

478 1490 790 1574 obsequio
844 1491 992 1556 laus
1038 1492 1376 1558 tribuitur:
1434 1491 1549 1557 sed
1608 1511 1762 1555 mox
1805 1489 2077 1556 cadente
2120 1509 2421 1573 perseve-

479 1575 669 1644 randi
736 1575 953 1643 studio
972 1628 987 1656 ,
1056 1599 1127 1643 se
1191 1577 1476 1661 prodidit
1538 1577 1770 1643 levitas
1833 1583 1900 1641 et
1960 1575 2420 1643 inconstantia.

480 1662 830 1729 Caeterum
894 1663 1067 1746 quod
1126 1664 1281 1730 dicit
1328 1663 1649 1747 profectos
1702 1682 1843 1728 esse
1897 1681 2016 1744 per
2073 1682 2225 1727 suas
2272 1681 2422 1745 pro-

479 1747 824 1827 fectiones,
889 1750 1171 1815 refertur
1235 1748 1318 1815 ad
1382 1747 1993 1834 peregrinationem.
2082 1745 2422 1829 Quantum

478 1831 562 1899 ad
620 1855 847 1901 vocem
894 1842 1176 1917 spectat,
1240 1836 1459 1901 nescio
1515 1856 1633 1901 cur
1679 1833 2126 1918 Hieronymus
2175 1840 2422 1897 turmas

480 1918 877 1999 reddiderit,
935 1941 1136 2003 quum
1201 1920 1389 1986 radix
1452 1922 1541 1986 sit
1603 1918 1880 1987 verbum
1924 1930 2040 1992 νῦ)
2086 1917 2256 2001 quod
2315 1916 2422 1983 hic

481 2003 758 2070 subinde
836 2006 1123 2089 ponitur.
1211 2007 1316 2071 Ex
1395 2018 1708 2090 perpetuo
1778 2011 1997 2070 tamen
2063 2004 2421 2086 scripturae

480 2110 609 2155 usu
665 2100 934 2173 apparet
1008 2110 1128 2175 pro
1197 2091 1588 2158 stationibus
1655 2090 1763 2156 vel
1827 2089 2133 2171 auspiciis
2198 2087 2420 2170 accipi.

482 2174 737 2241 Gallice
781 2176 1056 2243 dicimus
1101 2177 1415 2261 Ioumees,
1464 2176 1568 2242 vel
1616 2176 1840 2242 Gistes.

656 2261 757 2325 14.
836 2262 1148 2328 Veoeillum
1191 2268 1550 2329 castrorum.
1639 2260 2053 2327 Describitur
2093 2259 2237 2344 ipsa
2280 2277 2424 2342 pro-

482 2345 828 2431 grediendi
870 2348 1089 2414 series.
1143 2348 1244 2414 Ac
1279 2357 1454 2413 totus
1488 2347 1748 2431 quidem
1792 2345 2091 2431 populus,
2135 2343 2423 2427 exceptis

480 2433 769 2509 Levitis,
817 2434 888 2497 in
942 2442 1225 2516 quatuor
1267 2434 1594 2499 exercitus
1653 2441 1764 2498 aut
1813 2442 2030 2514 partes
2076 2430 2420 2497 dividitur:

480 2518 637 2602 quia
690 2517 896 2584 tribus
952 2527 1233 2601 quatuor
1285 2527 1474 2585 erant
1532 2518 1677 2584 aliis
1741 2519 2134 2602 praefectae,
2197 2517 2293 2581 ita
2348 2524 2423 2580 ut

481 2603 761 2687 singulis
828 2603 1019 2669 binae
1074 2604 1436 2671 subessent.
1522 2603 1704 2669 Talis
1769 2612 1990 2669 autem
2052 2602 2181 2666 fuit
2232 2601 2418 2678 ratio,

481 2699 561 2755 ιιι
590 2689 844 2773 quoties
872 2688 1108 2755 alicubi
1143 2690 1385 2756 stativa
1420 2689 1763 2767 habebant,
1800 2710 1840 2754 a
1876 2696 2155 2772 quatuor
2189 2686 2419 2751 mundi

480 2774 695 2859 plagis
747 2776 1185 2841 sanctuarium
1230 2785 1297 2841 et
1352 2796 1570 2841 arcam
1613 2774 1888 2841 foederis
1943 2771 2421 2840 circumdarent

484 2871 767 2943 quatuor
810 2859 1086 2926 vexilla:
1127 2863 1198 2926 in
1232 2862 1467 2927 itinere
1503 2871 1719 2927 autem
1763 2859 2040 2944 singulis
2081 2857 2421 2924 ordinibus

481 2945 795 3030 permixti
871 2956 1093 3013 essent
1169 2947 1441 3013 Levitae
1510 2947 2004 3012 tabernaculum
2069 2952 2418 3028 gestantes,

483 3039 678 3116 prout
719 3051 914 3096 suum
951 3032 1314 3117 quibusque
1370 3053 1536 3098 onus
1579 3041 1721 3098 erat
1761 3032 2157 3115 impositum.
2245 3027 2422 3095 Arca

482 3136 645 3182 vero
688 3123 895 3181 totum
940 3120 1297 3185 exercitum
1344 3119 1661 3197 anteibat,
1710 3137 1903 3200 quam
1947 3116 2239 3181 humeris
2283 3113 2422 3180 suis

482 3201 829 3287 gestabant
871 3202 1176 3271 Levitae:
1222 3223 1349 3286 quo
1384 3205 1630 3269 maiore
1676 3202 1911 3268 fiducia
1944 3202 2162 3267 Deum
2200 3208 2422 3283 aperte

482 3290 611 3354 iter
652 3295 1127 3355 monstrantem
1158 3308 1385 3354 omnes
1426 3296 1866 3372 sequerentur.
1915 3287 2214 3352 Primum
2257 3284 2421 3351 ordi-

484 3393 641 3440 nem
697 3372 884 3437 duxit
936 3374 1204 3440 Naason
1249 3397 1329 3440 ex
1375 3376 1549 3440 tribu
1591 3374 1791 3440 Iuda:
1850 3370 2211 3440 secundum
2253 3370 2423 3436 ordi-

482 3478 639 3525 nem
692 3458 919 3525 Elisur
958 3480 1040 3524 ex
1100 3460 1275 3526 tribu
1331 3459 1599 3526 Ruben:
1667 3460 1930 3525 tertium
1988 3456 2283 3522 Elisama
2338 3476 2424 3522 ex

482 3543 665 3611 tribu
708 3543 1057 3629 Ephraim:
1099 3551 1406 3629 quartum
1450 3545 1734 3611 Ahiezer
1769 3566 1851 3609 ex
1896 3542 2071 3609 tribu
2105 3541 2278 3607 Dan.
2339 3542 2423 3606 In

770 3649 888 3695 ura
926 3627 1132 3695 Iudae
1175 3652 1308 3696 non
1355 3630 1626 3696 dubium
1671 3630 1829 3713 quin
1865 3628 2052 3694 Deus
2094 3629 2423 3712 specimen

482 3714 745 3800 aliquod
788 3714 1064 3780 ediderit
1107 3715 1402 3782 vaticinii
1445 3716 1658 3783 Iacob.
1729 3715 1956 3798 Neque
1992 3715 2166 3779 enim
2211 3713 2422 3798 gradu

484 3822 605 3868 suo
681 3814 909 3885 sponte
973 3802 1323 3867 cessissent
1396 3800 1768 3867 Rubenitae
1832 3822 1917 3866 ex
1987 3799 2421 3883 primogenito

484 3886 635 3966 orti,
681 3886 810 3951 nisi
851 3885 978 3952 Dei
1013 3888 1293 3967 oraculo,
1338 3887 1512 3970 quod
1547 3907 1664 3971 per
1698 3907 1771 3953 os
1802 3885 1996 3952 Iacob
2041 3885 2421 3969 protulerat,

483 3973 591 4039 ius
637 3970 801 4037 illud
846 3972 1234 4039 translatum
1293 3973 1524 4040 fuisset
1564 3974 1636 4038 in
1694 3972 1939 4037 tribum
1997 3970 2183 4037 Iuda.
2268 3971 2419 4035 Non

485 4057 659 4142 quod
703 4078 901 4140 penes
959 4078 1104 4123 eam
1156 4058 1503 4142 imperium
1552 4058 1752 4124 fuerit
1790 4068 1856 4124 et
1898 4058 2080 4141 regia
2135 4063 2423 4140 potestas

487 4153 643 4209 ante
702 4142 1060 4210 Davidem:
1116 4142 1228 4209 sed
1287 4143 1439 4227 quia
1494 4143 1677 4210 Deus
1720 4145 1786 4209 in
1832 4144 2106 4209 obscura
2148 4142 2424 4227 caligine

489 4226 841 4295 scintillam
884 4228 1170 4312 aliquam
1214 4230 1466 4313 fulgere
1510 4230 1733 4307 voluit,
1769 4250 1933 4313 quae
1968 4248 2151 4311 spem
2195 4228 2423 4293 salutis

486 4314 844 4399 promissae
896 4314 966 4379 in
1023 4314 1315 4380 omnium
1382 4314 1683 4381 cordibus
1749 4317 2032 4381 foveret:
2098 4321 2295 4396 atque
2352 4322 2424 4378 ut

488 4399 752 4465 tandem
805 4399 982 4465 illius
1033 4399 1240 4466 tribus
1297 4399 1580 4485 dignitas
1638 4400 1720 4467 ad
1764 4400 2142 4483 obsequium
2199 4419 2425 4467 omnes

486 4485 739 4551 facilius
801 4484 1168 4551 adduceret.
1256 4485 1340 4549 In
1405 4506 1532 4570 quo
1595 4494 1816 4551 tamen
1872 4485 2173 4569 apparuit
2228 4505 2423 4568 quam

486 4591 799 4655 perverso
838 4582 904 4636 et
944 4570 1202 4637 indocili
1248 4581 1418 4636 esset
1464 4572 1729 4656 ingenio
1776 4572 1979 4638 maior
2021 4591 2202 4655 pars,
2262 4591 2426 4654 quae

484 4656 907 4741 pertinaciter
937 4654 1258 4723 Davidem
1294 4657 1643 4724 reiiciendo
1687 4678 1836 4724 cum
1871 4657 2131 4723 coelesti
2169 4656 2425 4723 decreto

486 4743 735 4807 luctata
776 4755 894 4808 est.
950 4741 1327 4808 Secundum
1370 4743 1585 4809 locum
1628 4744 1899 4809 retinuit
1937 4741 2176 4808 Ruben
2219 4740 2302 4806 ad
2336 4742 2427 4807 le-

486 4826 779 4893 vandam
814 4828 1259 4912 ignominiam.
1333 4826 1524 4910 Quod
1559 4829 1757 4894 etiam
1786 4828 2063 4911 posteris
2105 4828 2428 4911 Ephraim

489 4912 783 4979 subiecta
822 4914 951 4978 fuit
997 4912 1203 4980 tribus
1261 4913 1599 4993 Manasse‚
1646 4914 1768 4979 hac
1809 4914 1880 4978 in
1923 4922 2109 4997 parte
2157 4913 2427 4996 comple-

487 5008 633 5063 tum
680 4999 804 5063 fuit
847 4998 1134 5065 eiusdem
1178 5000 1585 5084 patriarchae
1630 4999 2030 5066 vaticinium.
2116 4999 2255 5065 Nec
2300 4998 2430 5063 alia

488 5085 754 5150 videtur
810 5085 1009 5151 fuisse
1064 5085 1232 5151 ratio
1286 5107 1402 5152 cur
1444 5085 1643 5151 tribui
1686 5085 1840 5150 Dan
1884 5093 2185 5168 quartum
2222 5084 2429 5149 vexil-

491 5169 633 5236 lum
679 5169 977 5250 daretur,
1035 5171 1167 5236 nisi
1208 5173 1361 5254 quia
1401 5169 1597 5237 Iacob
1640 5173 2218 5254 pronunciaverat,
2279 5170 2430 5235 Dan

490 5254 805 5321 iudicabit
861 5255 1173 5339 populum
1212 5275 1431 5322 suum:
1492 5277 1618 5340 qua
1660 5277 1819 5323 voce
1862 5263 2088 5322 notata
2130 5254 2260 5320 fuit
2294 5255 2428 5339 pri-

490 5350 711 5411 matus
768 5342 1170 5409 excellentia.
1258 5343 1396 5409 Etsi
1454 5348 1671 5408 autem
1727 5341 1870 5407 fieri
1928 5347 2137 5426 potest
2194 5348 2271 5406 ut
2312 5362 2429 5424 pro

1909 445 2313 514 REDI'I‘US
2352 448 2477 513 AD
2523 445 3062 553 HISTORIAM.

4329 442 4454 509 158

2516 636 2702 719 copia
2743 645 2809 702 et
2830 636 3268 721 ‘multitudine
3311 636 3657 703 hominum
3701 634 3988 701 delectae
4031 632 4277 699 fuerint
4321 634 4454 718 sig-

2518 722 2764 788 niferae
2809 732 3086 806 quatuor
3126 724 3338 789 tribus
3355 774 3370 804 ,
3416 724 3547 788 nisi
3603 730 3821 787 tamen
3864 728 4040 787 certo
4074 738 4455 803 persuasum

2520 808 2748 873 fuisset
2790 808 2942 874 filiis
2983 807 3221 874 Ruben
3256 821 3322 874 et
3360 809 3687 887 Manassc‚
3728 806 3853 872 Dei
3897 806 4203 872 mandato
4244 805 4314 869 in
4350 826 4454 870 or-

2520 893 2742 959 dinem
2800 915 2870 959 se
2927 895 3098 978 cogi,
3154 915 3491 978 nunquam
3544 895 3691 959 illos
3733 913 3927 976 passa
3960 892 4189 956 fuisset
4230 910 4452 956 aemu-

2521 979 2679 1044 latio
2744 978 2892 1044 aliis
2954 999 3026 1044 se
3089 979 3340 1063 placide
3402 979 3719 1046 subiicere
3735 1029 3751 1057 ,
3809 977 4042 1062 quibus
4099 974 4454 1043 secundum

2521 1084 2934 1130 communem
3000 1077 3274 1132 naturae
3309 1086 3558 1131 morem
3623 1063 3871 1147 priores
3928 1069 4135 1128 erant.
4225 1060 4454 1127 Laude

2520 1151 2725 1234 igitur
2769 1150 2970 1235 digna
3011 1151 3134 1216 fuit
3175 1151 3555 1230 moderatio,
3597 1149 3767 1233 quod
3811 1170 4013 1232 quum
4057 1148 4240 1213 nulla
4281 1155 4457 1213 esset

2521 1235 2604 1301 ad
2648 1235 3006 1319 cogendum
3048 1244 3352 1319 potestas,
3396 1234 3770 1302 voluntaria
3812 1233 4120 1299 subiectio
4162 1233 4453 1316 singulos

2520 1321 2698 1386 intra
2753 1331 2960 1387 metas
3015 1323 3355 1388 continuit.
3443 1321 3543 1386 Ac
3601 1320 3862 1386 tandem
3917 1317 4185 1384 tradidit
4234 1319 4457 1385 Moses

2523 1427 2655 1472 non
2691 1407 2890 1473 semel
2926 1416 3183 1472 tantum
3219 1409 3314 1473 ita
3348 1408 3547 1473 fuisse
3589 1425 3978 1491 progressos,
4024 1404 4136 1470 sed
4179 1403 4454 1471 eandem

2521 1492 2734 1578 legem
2812 1502 2879 1558 et
2942 1493 3235 1577 regulam
3314 1494 3384 1558 in
3451 1501 3582 1557 toto
3644 1492 4185 1576 peregrinationis
4262 1510 4457 1556 cursu

2523 1599 2852 1655 servasse,
2911 1586 2978 1643 et
3020 1579 3115 1643 ita
3155 1599 3412 1663 semper
3455 1578 3767 1661 disposita
3809 1578 4007 1642 fuisse
4051 1597 4275 1642 eorum
4317 1595 4458 1641 cas·

2521 1672 2645 1744 tra,
2689 1672 2763 1728 ut
2807 1663 2991 1729 nulla
3033 1665 3362 1730 contentio
3405 1662 3665 1729 ordines
3710 1662 4022 1728 turbaret.

3101 2005 3231 2071 EX
3274 2004 3545 2072 DEUT.
3593 2004 3789 2071 CAP.
3833 2005 3888 2070 I.

2694 2177 2752 2241 6.
2799 2175 3025 2242 Iehova
3068 2175 3249 2241 Deus
3290 2180 3491 2242 noster
3531 2175 3815 2258 loquutus
3870 2180 3960 2241 est
3998 2175 4172 2240 nobis
4212 2176 4282 2240 in
4323 2174 4461 2241 Ho-

2520 2262 2641 2341 reb,
2699 2262 2981 2328 dicendo:
3039 2260 3154 2327 Sat
3207 2261 3377 2328 vobis
3426 2266 3516 2328 est
3564 2261 3875 2327 habitasse
3937 2262 4008 2326 in
4061 2265 4257 2326 monte
4319 2262 4456 2327 ista.

2524 2350 2581 2414 7.
2639 2347 2846 2413 Verite
2910 2367 3045 2428 vos,
3114 2353 3169 2413 et
3222 2347 3729 2430 proficiscimini,
3801 2353 3858 2412 et
3908 2347 3992 2412 ite
4050 2346 4135 2412 ad
4198 2351 4464 2412 montem

2524 2432 3073 2511 Amorrhaeormn,
3110 2439 3168 2499 et
3200 2434 3286 2500 ad
3318 2452 3524 2499 omnes
3544 2434 3779 2499 vicinos
3811 2435 3963 2513 eius,
4006 2433 4077 2498 in
4108 2431 4458 2512 somine,

2522 2521 2594 2585 in
2634 2524 2849 2599 monte,
2905 2523 2961 2583 et
2990 2519 3261 2601 planitie
3275 2569 3290 2599 ,
3349 2523 3404 2585 et
3444 2518 3735 2584 meridie.-
3793 2524 3850 2584 et
3889 2520 3959 2584 in
4000 2518 4198 2584 littore
4238 2520 4457 2597 maris,

2523 2610 2758 2671 terram
2805 2603 3158 2671 Gbenanaei
3198 2626 3242 2671 a
3286 2604 3573 2670 Lebanon
3629 2624 3824 2685 usque
3880 2606 3965 2670 ad
4006 2604 4237 2683 flumen
4288 2624 4460 2685 may-

2525 2711 2678 2756 num
2693 2741 2710 2771 ,
2745 2690 2978 2771 flumen
3021 2689 3406 2772 Euphraten.
3495 2690 3551 2756 8.
3618 2689 3802 2768 Vide,
3861 2690 4005 2755 dedi
4046 2707 4252 2753 coram
4292 2688 4461 2753 vobis

2524 2782 2777 2856 terram,
2847 2777 2859 2790 '
2940 2776 3264 2856 reamini,
3310 2780 3366 2840 et
3408 2776 3717 2858 possidete
3765 2780 3999 2842 terram
4051 2772 4230 2839 illam
4271 2793 4461 2854 quam

2524 2863 2764 2928 iwravit
2828 2797 3057 2926 fflova
3109 2860 3406 2943 patribus
3457 2862 3708 2939 vestris,
3765 2860 4117 2939 Abraham,
4174 2857 4362 2924 Isaac
4404 2862 4464 2923 et

2529 2948 2728 3027 Iacob,
2774 2967 2839 3013 se
2879 2948 3175 3013 datarum
3217 2949 3326 3026 εἰς,
3372 2952 3428 3013 et
3468 2948 3697 3045 semim·
3741 2968 3954 3013 eorum
3983 2949 4130 3028 post
4169 2945 4359 3028 ipsos,

2695 3119 2755 3183 6.
2797 3114 3052 3183 'Iehova
3092 3117 3273 3183 Deus
3310 3122 3530 3184 noster.
3582 3118 3727 3185 Hac
3762 3115 4043 3185 secunda
4087 3114 4465 3180 narratione

2526 3204 2765 3271 clarius
2828 3203 3138 3287 exprimit
3203 3204 3452 3278 Moses,
3517 3202 3738 3269 Deum
3796 3224 3927 3268 non
3997 3201 4192 3265 modo
4255 3200 4461 3266 oculis

2527 3292 2789 3375 signum
2846 3289 3258 3372 profectionis
3308 3288 3595 3368 dedisse,
3655 3309 3854 3372 quum
3910 3286 4150 3352 nubem
4195 3306 4460 3353 sursum

2527 3375 2853 3443 attolleret
2867 3426 2882 3455 ,
2942 3374 3055 3440 sed
3112 3373 3331 3441 verbis
3397 3394 3651 3458 quoque
3715 3372 4057 3439 mandasse
4109 3381 4182 3437 ut
4237 3371 4461 3437 relicto

2525 3470 2748 3527 monte
2811 3459 3022 3537 Sinai,
3084 3459 3361 3543 populus
3426 3459 3508 3524 ad
3573 3459 3898 3542 reliquum
3954 3459 4081 3524 iter
4142 3479 4460 3542 peragen-

2525 3548 2681 3612 dum
2717 3568 2788 3612 se
2824 3546 3205 3629 accingeret.
3293 3545 3475 3611 Dicit
3515 3545 3717 3631 igitur
3752 3545 3966 3625 Deus,
4010 3544 4168 3610 satis
4210 3553 4461 3626 tempo-

2525 3633 2616 3698 ris
2660 3633 2860 3698 fuisse
2903 3639 3361 3714 consumptum
3409 3631 3480 3696 in
3522 3651 3654 3696 uno
3699 3631 3865 3696 loco:
3921 3631 4072 3713 quia
4115 3638 4464 3712 antequam

2522 3719 2707 3784 illinc
2741 3718 3117 3802 migrarent,
3154 3717 3491 3799 praeteriit
3525 3737 3696 3781 unus
3730 3716 3987 3799 integer
4022 3736 4254 3780 annus.
4313 3712 4461 3779 Etsi

2523 3813 2743 3871 autem
2800 3803 3103 3869 undecim
3159 3802 3413 3868 dierum
3471 3809 3613 3867 erat
3675 3802 3802 3866 iter
3867 3808 4217 3882 antequam
4280 3801 4464 3865 veni-

2523 3897 2672 3956 rent
2713 3888 2817 3954 'ad
2870 3886 3079 3954 Gades
3143 3887 3437 3965 Barnea,
3504 3908 3589 3951 ne
3651 3885 3806 3971 quid
3872 3894 4093 3951 tamen
4151 3883 4463 3968 populum

2524 3981 2848 4053 moretur,
2903 3974 3015 4058 qui
3056 3981 3287 4056 sponte
3332 3973 3609 4039 nimium
3666 3980 3807 4038 erat
3863 3972 4077 4056 piger,
4134 3970 4466 4055 proposita

2522 4061 2838 4127 facilitate
2879 4059 3182 4126 stimulos
3226 4058 3442 4139 addit,
3499 4066 3757 4124 tantum
3816 4057 4012 4142 pedes
4061 4056 4142 4123 ad
4186 4076 4464 4141 pergen-

2524 4146 2680 4212 dum
2755 4144 3111 4212 movendos
3187 4166 3329 4211 esse
3410 4143 3664 4224 dicens,
3729 4153 3805 4209 ut
3870 4143 4088 4226 quiete
4145 4144 4466 4227 promissa

2523 4234 2847 4298 fruantur.

3020 4572 3144 4638 Ex
3197 4571 3548 4639 NUMER.
3594 4570 3794 4637 OAP.
3840 4569 3966 4635 IX.

2702 4746 2799 4809 17.
2853 4744 3059 4826 Quum
3100 4743 3435 4809 discederet
3476 4741 3664 4807 nubes
3708 4764 3752 4809 a
3794 4742 4196 4822 tabernaculo,
4242 4746 4462 4821 postea

2518 4828 3070 4913 proficiscebantur
3099 4829 3225 4911 filii
3269 4828 3507 4893 Israel.-
3544 4834 3726 4910 atque
3758 4831 3826 4894 in
3870 4829 3994 4894 loeo
4034 4828 4144 4893 ubi
4181 4827 4463 4892 manebat

2528 4915 2738 4996 nabes,
2779 4915 2912 4981 illic
2952 4914 3544 4981 castrametabantur
3594 4914 3721 4995 filii
3777 4914 4002 4980 Israel.
4093 4914 4192 4977 18.
4237 4912 4350 4976 Ad
4392 4931 4462 4977 os

2532 5000 2792 5066 Iebovae
2819 5000 3379 5082 proficiscebantur
3416 4999 3543 5080 filii
3586 4999 3824 5080 Israel,
3868 5004 3925 5065 et
3963 5000 4049 5064 ad
4088 5018 4156 5062 os
4202 4996 4463 5063 Iehovae

2530 5087 3152 5153 castrametabantur.-
3203 5086 3437 5153 cunctis
3490 5085 3704 5151 diebus
3745 5086 3968 5167 quibus
4019 5083 4222 5148 stabat
4274 5084 4463 5149 nubes

2530 5192 2730 5254 supra
2794 5171 3252 5238 taber-moutam
3267 5222 3282 5252 ,
3358 5172 3705 5237 manebant.
3822 5171 3917 5234 19.
3992 5168 4195 5250 Quum
4259 5174 4462 5235 autem

2529 5278 2770 5323 moram
2845 5258 3118 5323 trahebat
3192 5257 3382 5323 nubes
3457 5278 3655 5340 supra
3726 5254 4183 5321 tabernaculum
4247 5255 4462 5321 diebus

2530 5344 2765 5424 multis,
2808 5349 2951 5411 tune
2984 5343 3384 5411 observabant
3411 5342 3536 5424 filii
3570 5341 3778 5408 Israel
3809 5341 4152 5407 custodiam
4182 5340 4463 5422 Iehovae,
