<?xml version="1.0" encoding="UTF-8"?>
<!DOCTYPE html PUBLIC "-//W3C//DTD XHTML 1.0 Transitional//EN"
    "http://www.w3.org/TR/xhtml1/DTD/xhtml1-transitional.dtd">
<html xmlns="http://www.w3.org/1999/xhtml" xml:lang="en" lang="en">
 <head>
  <title>
</title>
<meta http-equiv="Content-Type" content="text/html;charset=utf-8" />
  <meta name='ocr-system' content='tesseract 3.04.00' />
  <meta name='ocr-capabilities' content='ocr_page ocr_carea ocr_par ocr_line ocrx_word'/>
</head>
<body>
  <div class='ocr_page' id='page_1' title='image "./ioanniscalvinio06unkngoog_0235.png"; bbox 0 0 5017 6142; ppageno 0'>
   <div class='ocr_carea' id='block_1_1' title="bbox 401 438 528 503">
    <p class='ocr_par' dir='ltr' id='par_1_1' title="bbox 401 438 528 503">
     <span class='ocr_line' id='line_1_1' title="bbox 401 438 528 503; baseline 0 0"><span class='ocrx_word' id='word_1_1' title='bbox 401 438 528 503; x_wconf 83' lang='lat'><strong>445</strong></span> 
     </span>
    </p>
   </div>
   <div class='ocr_carea' id='block_1_2' title="bbox 391 626 2350 3631">
    <p class='ocr_par' dir='ltr' id='par_1_2' title="bbox 394 626 2350 1726">
     <span class='ocr_line' id='line_1_2' title="bbox 401 626 2349 712; baseline 0 -19"><span class='ocrx_word' id='word_1_2' title='bbox 401 635 475 693; x_wconf 91' lang='lat' dir='ltr'><strong>ut</strong></span> <span class='ocrx_word' id='word_1_3' title='bbox 527 646 866 693; x_wconf 89' lang='lat' dir='ltr'><strong>murorum</strong></span> <span class='ocrx_word' id='word_1_4' title='bbox 909 626 1205 694; x_wconf 86' lang='lat' dir='ltr'><strong>custodia</strong></span> <span class='ocrx_word' id='word_1_5' title='bbox 1244 627 1458 696; x_wconf 83' lang='lat' dir='ltr'><strong>securi</strong></span> <span class='ocrx_word' id='word_1_6' title='bbox 1506 627 1644 695; x_wconf 90' lang='lat' dir='ltr'><strong>sint</strong></span> <span class='ocrx_word' id='word_1_7' title='bbox 1686 628 1879 695; x_wconf 86' lang='lat' dir='ltr'><strong>cives.</strong></span> <span class='ocrx_word' id='word_1_8' title='bbox 1968 626 2105 709; x_wconf 80' lang='lat' dir='ltr'><strong>Qui</strong></span> <span class='ocrx_word' id='word_1_9' title='bbox 2145 627 2349 712; x_wconf 84' lang='lat' dir='ltr'><strong>igitur</strong></span> 
     </span>
     <span class='ocr_line' id='line_1_3' title="bbox 402 713 2347 797; baseline -0.001 -19"><span class='ocrx_word' id='word_1_10' title='bbox 402 733 524 780; x_wconf 91' lang='lat' dir='ltr'><strong>nec</strong></span> <span class='ocrx_word' id='word_1_11' title='bbox 558 720 966 797; x_wconf 86' lang='lat' dir='ltr'><strong>contemptu,</strong></span> <span class='ocrx_word' id='word_1_12' title='bbox 1024 733 1145 779; x_wconf 88' lang='lat' dir='ltr'><strong>neo</strong></span> <span class='ocrx_word' id='word_1_13' title='bbox 1184 713 1554 797; x_wconf 78' lang='lat' dir='ltr'>protervia,</span> <span class='ocrx_word' id='word_1_14' title='bbox 1594 735 1716 780; x_wconf 91' lang='lat' dir='ltr'><strong>nec</strong></span> <span class='ocrx_word' id='word_1_15' title='bbox 1757 714 2023 793; x_wconf 88' lang='lat' dir='ltr'><strong>fraude,</strong></span> <span class='ocrx_word' id='word_1_16' title='bbox 2079 734 2202 779; x_wconf 92' lang='lat' dir='ltr'><strong>nec</strong></span> <span class='ocrx_word' id='word_1_17' title='bbox 2245 720 2347 777; x_wconf 90' lang='lat' dir='ltr'><strong>tu-</strong></span> 
     </span>
     <span class='ocr_line' id='line_1_4' title="bbox 400 798 2348 877; baseline 0 -12"><span class='ocrx_word' id='word_1_18' title='bbox 400 798 727 866; x_wconf 88' lang='lat' dir='ltr'><strong>multuose</strong></span> <span class='ocrx_word' id='word_1_19' title='bbox 743 847 761 877; x_wconf 93' lang='lat'><strong>,</strong></span> <span class='ocrx_word' id='word_1_20' title='bbox 805 798 922 866; x_wconf 88' lang='lat' dir='ltr'><strong>sed</strong></span> <span class='ocrx_word' id='word_1_21' title='bbox 965 801 1351 866; x_wconf 88' lang='lat' dir='ltr'><strong>necessitate</strong></span> <span class='ocrx_word' id='word_1_22' title='bbox 1397 810 1656 866; x_wconf 85' lang='lat' dir='ltr'><strong>coactus</strong></span> <span class='ocrx_word' id='word_1_23' title='bbox 1700 820 1923 866; x_wconf 87' lang='lat' dir='ltr'><strong>muros</strong></span> <span class='ocrx_word' id='word_1_24' title='bbox 1976 809 2348 865; x_wconf 83' lang='lat' dir='ltr'><strong>transscen-</strong></span> 
     </span>
     <span class='ocr_line' id='line_1_5' title="bbox 401 883 2347 969; baseline -0.001 -19"><span class='ocrx_word' id='word_1_25' title='bbox 401 883 601 965; x_wconf 90' lang='lat' dir='ltr'><strong>derit,</strong></span> <span class='ocrx_word' id='word_1_26' title='bbox 657 905 1003 968; x_wconf 76' lang='lat' dir='ltr'>perperam</span> <span class='ocrx_word' id='word_1_27' title='bbox 1045 884 1193 951; x_wconf 88' lang='lat' dir='ltr'><strong>ideo</strong></span> <span class='ocrx_word' id='word_1_28' title='bbox 1250 886 1553 952; x_wconf 77' lang='lat' dir='ltr'><strong>trahetur</strong></span> <span class='ocrx_word' id='word_1_29' title='bbox 1593 888 1662 951; x_wconf 90' lang='lat' dir='ltr'><strong>in</strong></span> <span class='ocrx_word' id='word_1_30' title='bbox 1704 887 1940 969; x_wconf 88' lang='lat' dir='ltr'><strong>capitis</strong></span> <span class='ocrx_word' id='word_1_31' title='bbox 1977 884 2347 951; x_wconf 73' lang='lat' dir='ltr'><strong>discrimen.</strong></span> 
     </span>
     <span class='ocr_line' id='line_1_6' title="bbox 402 969 2346 1056; baseline -0.001 -19"><span class='ocrx_word' id='word_1_32' title='bbox 402 969 479 1037; x_wconf 86' lang='lat' dir='ltr'><strong>Si</strong></span> <span class='ocrx_word' id='word_1_33' title='bbox 521 970 669 1055; x_wconf 86' lang='lat' dir='ltr'><strong>quis</strong></span> <span class='ocrx_word' id='word_1_34' title='bbox 711 971 1012 1056; x_wconf 83' lang='lat' dir='ltr'><strong>excipiat,</strong></span> <span class='ocrx_word' id='word_1_35' title='bbox 1059 971 1217 1037; x_wconf 88' lang='lat' dir='ltr'><strong>mali</strong></span> <span class='ocrx_word' id='word_1_36' title='bbox 1258 992 1401 1038; x_wconf 89' lang='lat' dir='ltr'><strong>esse</strong></span> <span class='ocrx_word' id='word_1_37' title='bbox 1444 970 1728 1055; x_wconf 85' lang='lat' dir='ltr'><strong>exempli</strong></span> <span class='ocrx_word' id='word_1_38' title='bbox 1772 992 1932 1051; x_wconf 89' lang='lat' dir='ltr'><strong>rem,</strong></span> <span class='ocrx_word' id='word_1_39' title='bbox 1972 970 2041 1036; x_wconf 93' lang='lat' dir='ltr'><strong>id</strong></span> <span class='ocrx_word' id='word_1_40' title='bbox 2085 969 2346 1055; x_wconf 89' lang='lat' dir='ltr'><strong>quidem</strong></span> 
     </span>
     <span class='ocr_line' id='line_1_7' title="bbox 399 1055 2349 1141; baseline -0.001 -19"><span class='ocrx_word' id='word_1_41' title='bbox 399 1057 637 1123; x_wconf 83' lang='lat' dir='ltr'><strong>fateor:</strong></span> <span class='ocrx_word' id='word_1_42' title='bbox 697 1058 812 1124; x_wconf 90' lang='lat' dir='ltr'><strong>sed</strong></span> <span class='ocrx_word' id='word_1_43' title='bbox 869 1057 979 1123; x_wconf 90' lang='lat' dir='ltr'><strong>ubi</strong></span> <span class='ocrx_word' id='word_1_44' title='bbox 1025 1057 1231 1122; x_wconf 83' lang='lat' dir='ltr'><strong>vitam</strong></span> <span class='ocrx_word' id='word_1_45' title='bbox 1289 1057 1541 1141; x_wconf 90' lang='lat' dir='ltr'><strong>eripere</strong></span> <span class='ocrx_word' id='word_1_46' title='bbox 1590 1057 1671 1122; x_wconf 89' lang='lat' dir='ltr'><strong>ab</strong></span> <span class='ocrx_word' id='word_1_47' title='bbox 1728 1056 1977 1124; x_wconf 81' lang='lat' dir='ltr'><strong>iniusta</strong></span> <span class='ocrx_word' id='word_1_48' title='bbox 2032 1055 2349 1121; x_wconf 82' lang='lat' dir='ltr'><strong>violentia</strong></span> 
     </span>
     <span class='ocr_line' id='line_1_8' title="bbox 398 1141 2347 1227; baseline -0.001 -18"><span class='ocrx_word' id='word_1_49' title='bbox 398 1156 515 1209; x_wconf 89' lang='lat' dir='ltr'><strong>aut</strong></span> <span class='ocrx_word' id='word_1_50' title='bbox 572 1142 912 1209; x_wconf 80' lang='lat' dir='ltr'><strong>latrocinio</strong></span> <span class='ocrx_word' id='word_1_51' title='bbox 966 1143 1369 1227; x_wconf 87' lang='lat' dir='ltr'><strong>propositum</strong></span> <span class='ocrx_word' id='word_1_52' title='bbox 1421 1154 1552 1218; x_wconf 88' lang='lat' dir='ltr'><strong>est,</strong></span> <span class='ocrx_word' id='word_1_53' title='bbox 1611 1141 1803 1209; x_wconf 91' lang='lat' dir='ltr'><strong>modo</strong></span> <span class='ocrx_word' id='word_1_54' title='bbox 1848 1142 2089 1225; x_wconf 84' lang='lat' dir='ltr'><strong>absque</strong></span> <span class='ocrx_word' id='word_1_55' title='bbox 2143 1142 2347 1208; x_wconf 85' lang='lat' dir='ltr'><strong>offen·</strong></span> 
     </span>
     <span class='ocr_line' id='line_1_9' title="bbox 399 1227 2345 1313; baseline -0.001 -19"><span class='ocrx_word' id='word_1_56' title='bbox 399 1229 584 1295; x_wconf 88' lang='lat' dir='ltr'><strong>sione</strong></span> <span class='ocrx_word' id='word_1_57' title='bbox 619 1229 1002 1313; x_wconf 89' lang='lat' dir='ltr'><strong>cuiusquam</strong></span> <span class='ocrx_word' id='word_1_58' title='bbox 1039 1237 1155 1295; x_wconf 90' lang='lat' dir='ltr'><strong>aut</strong></span> <span class='ocrx_word' id='word_1_59' title='bbox 1190 1249 1361 1295; x_wconf 84' lang='lat' dir='ltr'><strong>noxa</strong></span> <span class='ocrx_word' id='word_1_60' title='bbox 1393 1227 1461 1293; x_wconf 89' lang='lat' dir='ltr'><strong>id</strong></span> <span class='ocrx_word' id='word_1_61' title='bbox 1494 1231 1631 1308; x_wconf 88' lang='lat' dir='ltr'><strong>fiat,</strong></span> <span class='ocrx_word' id='word_1_62' title='bbox 1665 1229 2019 1295; x_wconf 88' lang='lat' dir='ltr'><strong>necessitas</strong></span> <span class='ocrx_word' id='word_1_63' title='bbox 2055 1232 2345 1294; x_wconf 83' lang='lat' dir='ltr'><strong>excusat.</strong></span> 
     </span>
     <span class='ocr_line' id='line_1_10' title="bbox 398 1313 2347 1398; baseline -0.003 -16"><span class='ocrx_word' id='word_1_64' title='bbox 398 1315 515 1382; x_wconf 86' lang='lat' dir='ltr'><strong>Sic</strong></span> <span class='ocrx_word' id='word_1_65' title='bbox 558 1314 767 1381; x_wconf 88' lang='lat' dir='ltr'><strong>Paulo</strong></span> <span class='ocrx_word' id='word_1_66' title='bbox 831 1314 1001 1398; x_wconf 88' lang='lat' dir='ltr'><strong>quod</strong></span> <span class='ocrx_word' id='word_1_67' title='bbox 1060 1335 1178 1397; x_wconf 89' lang='lat' dir='ltr'><strong>per</strong></span> <span class='ocrx_word' id='word_1_68' title='bbox 1243 1326 1537 1398; x_wconf 87' lang='lat' dir='ltr'><strong>sportam</strong></span> <span class='ocrx_word' id='word_1_69' title='bbox 1604 1313 1929 1381; x_wconf 87' lang='lat' dir='ltr'><strong>demissus</strong></span> <span class='ocrx_word' id='word_1_70' title='bbox 1991 1320 2093 1380; x_wconf 90' lang='lat' dir='ltr'><strong>est</strong></span> <span class='ocrx_word' id='word_1_71' title='bbox 2143 1334 2347 1397; x_wconf 85' lang='lat' dir='ltr'><strong>quum</strong></span> 
     </span>
     <span class='ocr_line' id='line_1_11' title="bbox 398 1398 2348 1485; baseline -0.003 -17"><span class='ocrx_word' id='word_1_72' title='bbox 398 1400 709 1469; x_wconf 81' lang='lat' dir='ltr'><strong>Damasci</strong></span> <span class='ocrx_word' id='word_1_73' title='bbox 774 1400 1253 1485; x_wconf 75' lang='lat' dir='ltr'>periclitaretur</span> <span class='ocrx_word' id='word_1_74' title='bbox 1268 1452 1284 1482; x_wconf 90' lang='lat'><strong>,</strong></span> <span class='ocrx_word' id='word_1_75' title='bbox 1371 1400 1530 1467; x_wconf 81' lang='lat' dir='ltr'><strong>vitio</strong></span> <span class='ocrx_word' id='word_1_76' title='bbox 1604 1400 1877 1466; x_wconf 89' lang='lat' dir='ltr'><strong>minime</strong></span> <span class='ocrx_word' id='word_1_77' title='bbox 1956 1398 2348 1466; x_wconf 78' lang='lat' dir='ltr'><strong>vertendum</strong></span> 
     </span>
     <span class='ocr_line' id='line_1_12' title="bbox 398 1484 2350 1573; baseline -0.001 -20"><span class='ocrx_word' id='word_1_78' title='bbox 398 1488 526 1553; x_wconf 87' lang='lat' dir='ltr'><strong>fuit</strong></span> <span class='ocrx_word' id='word_1_79' title='bbox 579 1484 753 1571; x_wconf 87' lang='lat' dir='ltr'><strong>(Act.</strong></span> <span class='ocrx_word' id='word_1_80' title='bbox 813 1487 883 1566; x_wconf 83' lang='lat'><strong>9,</strong></span> <span class='ocrx_word' id='word_1_81' title='bbox 940 1485 1086 1573; x_wconf 84' lang='lat'>25):</span> <span class='ocrx_word' id='word_1_82' title='bbox 1150 1486 1306 1570; x_wconf 85' lang='lat' dir='ltr'><strong>quia</strong></span> <span class='ocrx_word' id='word_1_83' title='bbox 1362 1487 1498 1552; x_wconf 82' lang='lat' dir='ltr'><strong>vim</strong></span> <span class='ocrx_word' id='word_1_84' title='bbox 1543 1496 1609 1552; x_wconf 90' lang='lat' dir='ltr'><strong>et</strong></span> <span class='ocrx_word' id='word_1_85' title='bbox 1654 1486 2108 1553; x_wconf 73' lang='lat' dir='ltr'>crudelitatem</span> <span class='ocrx_word' id='word_1_86' title='bbox 2152 1484 2350 1551; x_wconf 89' lang='lat' dir='ltr'><strong>scele-</strong></span> 
     </span>
     <span class='ocr_line' id='line_1_13' title="bbox 397 1572 2350 1657; baseline 0 -19"><span class='ocrx_word' id='word_1_87' title='bbox 397 1583 695 1639; x_wconf 86' lang='lat' dir='ltr'><strong>ratorum</strong></span> <span class='ocrx_word' id='word_1_88' title='bbox 751 1572 996 1656; x_wconf 84' lang='lat' dir='ltr'><strong>absque</strong></span> <span class='ocrx_word' id='word_1_89' title='bbox 1055 1572 1341 1638; x_wconf 82' lang='lat' dir='ltr'><strong>tumultu</strong></span> <span class='ocrx_word' id='word_1_90' title='bbox 1398 1573 1653 1657; x_wconf 86' lang='lat' dir='ltr'><strong>fugere,</strong></span> <span class='ocrx_word' id='word_1_91' title='bbox 1719 1572 2038 1638; x_wconf 83' lang='lat' dir='ltr'><strong>divinitus</strong></span> <span class='ocrx_word' id='word_1_92' title='bbox 2082 1572 2350 1654; x_wconf 89' lang='lat' dir='ltr'><strong>permis-</strong></span> 
     </span>
     <span class='ocr_line' id='line_1_14' title="bbox 394 1668 710 1726; baseline -0.006 0"><span class='ocrx_word' id='word_1_93' title='bbox 394 1680 548 1726; x_wconf 88' lang='lat' dir='ltr'><strong>sum</strong></span> <span class='ocrx_word' id='word_1_94' title='bbox 591 1668 710 1724; x_wconf 87' lang='lat' dir='ltr'><strong>est.</strong></span> 
     </span>
    </p>

    <p class='ocr_par' dir='ltr' id='par_1_3' title="bbox 391 1742 2347 2856">
     <span class='ocr_line' id='line_1_15' title="bbox 568 1742 2345 1820; baseline -0.002 -10"><span class='ocrx_word' id='word_1_95' title='bbox 568 1744 673 1810; x_wconf 84' lang='lat'><strong>24.</strong></span> <span class='ocrx_word' id='word_1_96' title='bbox 732 1744 1138 1810; x_wconf 74' lang='lat' dir='ltr'><strong>Nunoiarnnt</strong></span> <span class='ocrx_word' id='word_1_97' title='bbox 1172 1742 1364 1809; x_wconf 70' lang='lat' dir='ltr'><strong>Iosue</strong></span> <span class='ocrx_word' id='word_1_98' title='bbox 1403 1742 1677 1809; x_wconf 77' lang='lat' dir='ltr'><strong>dicendo.</strong></span> <span class='ocrx_word' id='word_1_99' title='bbox 1754 1743 1969 1809; x_wconf 85' lang='lat' dir='ltr'><strong>Docet</strong></span> <span class='ocrx_word' id='word_1_100' title='bbox 2003 1742 2111 1808; x_wconf 87' lang='lat' dir='ltr'><strong>hic</strong></span> <span class='ocrx_word' id='word_1_101' title='bbox 2145 1742 2345 1820; x_wconf 89' lang='lat' dir='ltr'><strong>locus,</strong></span> 
     </span>
     <span class='ocr_line' id='line_1_16' title="bbox 394 1827 2345 1914; baseline -0.002 -17"><span class='ocrx_word' id='word_1_102' title='bbox 394 1830 589 1897; x_wconf 88' lang='lat' dir='ltr'><strong>Iosue</strong></span> <span class='ocrx_word' id='word_1_103' title='bbox 635 1831 708 1895; x_wconf 88' lang='lat' dir='ltr'><strong>in</strong></span> <span class='ocrx_word' id='word_1_104' title='bbox 751 1828 1073 1914; x_wconf 80' lang='lat' dir='ltr'>eligendis</span> <span class='ocrx_word' id='word_1_105' title='bbox 1128 1827 1643 1913; x_wconf 74' lang='lat' dir='ltr'><strong>speculatoribus</strong></span> <span class='ocrx_word' id='word_1_106' title='bbox 1696 1849 1830 1893; x_wconf 90' lang='lat' dir='ltr'><strong>non</strong></span> <span class='ocrx_word' id='word_1_107' title='bbox 1871 1828 2072 1894; x_wconf 78' lang='lat' dir='ltr'><strong>fuisse</strong></span> <span class='ocrx_word' id='word_1_108' title='bbox 2114 1827 2345 1910; x_wconf 87' lang='lat' dir='ltr'><strong>decep-</strong></span> 
     </span>
     <span class='ocr_line' id='line_1_17' title="bbox 399 1913 2345 2000; baseline -0.002 -18"><span class='ocrx_word' id='word_1_109' title='bbox 399 1927 540 1982; x_wconf 89' lang='lat' dir='ltr'><strong>tum</strong></span> <span class='ocrx_word' id='word_1_110' title='bbox 556 1967 573 1998; x_wconf 94' lang='lat'><strong>,</strong></span> <span class='ocrx_word' id='word_1_111' title='bbox 633 1917 789 2000; x_wconf 90' lang='lat' dir='ltr'><strong>quia</strong></span> <span class='ocrx_word' id='word_1_112' title='bbox 829 1937 915 1980; x_wconf 80' lang='lat' dir='ltr'><strong>ex</strong></span> <span class='ocrx_word' id='word_1_113' title='bbox 958 1934 1257 1981; x_wconf 81' lang='lat' dir='ltr'>sermone</span> <span class='ocrx_word' id='word_1_114' title='bbox 1315 1913 1612 1982; x_wconf 88' lang='lat' dir='ltr'><strong>cordatos</strong></span> <span class='ocrx_word' id='word_1_115' title='bbox 1656 1923 1724 1980; x_wconf 89' lang='lat' dir='ltr'><strong>et</strong></span> <span class='ocrx_word' id='word_1_116' title='bbox 1766 1934 1917 1979; x_wconf 88' lang='lat' dir='ltr'><strong>rara</strong></span> <span class='ocrx_word' id='word_1_117' title='bbox 1963 1913 2345 1998; x_wconf 84' lang='lat' dir='ltr'><strong>integritate</strong></span> 
     </span>
     <span class='ocr_line' id='line_1_18' title="bbox 392 2000 2345 2088; baseline -0.002 -20"><span class='ocrx_word' id='word_1_118' title='bbox 392 2001 729 2088; x_wconf 85' lang='lat' dir='ltr'><strong>praeditos</strong></span> <span class='ocrx_word' id='word_1_119' title='bbox 770 2002 968 2067; x_wconf 85' lang='lat' dir='ltr'><strong>fuisse</strong></span> <span class='ocrx_word' id='word_1_120' title='bbox 1006 2008 1298 2084; x_wconf 89' lang='lat' dir='ltr'><strong>apparet.</strong></span> <span class='ocrx_word' id='word_1_121' title='bbox 1387 2000 1522 2067; x_wconf 82' lang='lat' dir='ltr'><strong>Alii</strong></span> <span class='ocrx_word' id='word_1_122' title='bbox 1565 2000 1732 2065; x_wconf 89' lang='lat' dir='ltr'><strong>forte</strong></span> <span class='ocrx_word' id='word_1_123' title='bbox 1776 2000 2066 2067; x_wconf 90' lang='lat' dir='ltr'><strong>nondum</strong></span> <span class='ocrx_word' id='word_1_124' title='bbox 2110 2020 2151 2065; x_wconf 97' lang='lat' dir='ltr'><strong>a</strong></span> <span class='ocrx_word' id='word_1_125' title='bbox 2194 2017 2345 2064; x_wconf 91' lang='lat' dir='ltr'><strong>con·</strong></span> 
     </span>
     <span class='ocr_line' id='line_1_19' title="bbox 393 2085 2344 2171; baseline -0.004 -16"><span class='ocrx_word' id='word_1_126' title='bbox 393 2098 583 2171; x_wconf 84' lang='lat' dir='ltr'><strong>cepto</strong></span> <span class='ocrx_word' id='word_1_127' title='bbox 641 2087 842 2153; x_wconf 91' lang='lat' dir='ltr'><strong>semel</strong></span> <span class='ocrx_word' id='word_1_128' title='bbox 886 2107 1128 2171; x_wconf 86' lang='lat' dir='ltr'><strong>pavore</strong></span> <span class='ocrx_word' id='word_1_129' title='bbox 1184 2087 1461 2153; x_wconf 90' lang='lat' dir='ltr'><strong>recreati</strong></span> <span class='ocrx_word' id='word_1_130' title='bbox 1506 2093 1645 2151; x_wconf 86' lang='lat' dir='ltr'><strong>tota</strong></span> <span class='ocrx_word' id='word_1_131' title='bbox 1686 2094 1903 2151; x_wconf 87' lang='lat' dir='ltr'><strong>castra</strong></span> <span class='ocrx_word' id='word_1_132' title='bbox 1947 2085 2344 2153; x_wconf 78' lang='lat' dir='ltr'><strong>turbassent.</strong></span> 
     </span>
     <span class='ocr_line' id='line_1_20' title="bbox 392 2171 2342 2255; baseline -0.002 -15"><span class='ocrx_word' id='word_1_133' title='bbox 392 2174 490 2240; x_wconf 86' lang='lat' dir='ltr'><strong>Hi</strong></span> <span class='ocrx_word' id='word_1_134' title='bbox 535 2193 694 2242; x_wconf 83' lang='lat' dir='ltr'><strong>vero</strong></span> <span class='ocrx_word' id='word_1_135' title='bbox 740 2173 898 2238; x_wconf 90' lang='lat' dir='ltr'><strong>dum</strong></span> <span class='ocrx_word' id='word_1_136' title='bbox 945 2171 1393 2239; x_wconf 77' lang='lat' dir='ltr'><strong>admirabilem</strong></span> <span class='ocrx_word' id='word_1_137' title='bbox 1436 2172 1565 2238; x_wconf 93' lang='lat' dir='ltr'><strong>Dei</strong></span> <span class='ocrx_word' id='word_1_138' title='bbox 1623 2172 1901 2255; x_wconf 85' lang='lat' dir='ltr'><strong>gratiam</strong></span> <span class='ocrx_word' id='word_1_139' title='bbox 1945 2179 2079 2237; x_wconf 89' lang='lat' dir='ltr'><strong>tam</strong></span> <span class='ocrx_word' id='word_1_140' title='bbox 2126 2172 2197 2237; x_wconf 91' lang='lat' dir='ltr'><strong>in</strong></span> <span class='ocrx_word' id='word_1_141' title='bbox 2253 2171 2342 2236; x_wconf 90' lang='lat' dir='ltr'><strong>fe·</strong></span> 
     </span>
     <span class='ocr_line' id='line_1_21' title="bbox 391 2255 2346 2341; baseline -0.003 -14"><span class='ocrx_word' id='word_1_142' title='bbox 391 2259 507 2327; x_wconf 91' lang='lat' dir='ltr'><strong>lici</strong></span> <span class='ocrx_word' id='word_1_143' title='bbox 570 2279 729 2326; x_wconf 89' lang='lat' dir='ltr'><strong>suae</strong></span> <span class='ocrx_word' id='word_1_144' title='bbox 793 2257 1230 2341; x_wconf 86' lang='lat' dir='ltr'><strong>expeditionis</strong></span> <span class='ocrx_word' id='word_1_145' title='bbox 1294 2268 1568 2335; x_wconf 88' lang='lat' dir='ltr'><strong>eventu,</strong></span> <span class='ocrx_word' id='word_1_146' title='bbox 1641 2276 1834 2339; x_wconf 84' lang='lat' dir='ltr'><strong>quam</strong></span> <span class='ocrx_word' id='word_1_147' title='bbox 1899 2255 1970 2322; x_wconf 91' lang='lat' dir='ltr'><strong>in</strong></span> <span class='ocrx_word' id='word_1_148' title='bbox 2035 2267 2346 2340; x_wconf 89' lang='lat' dir='ltr'><strong>superato</strong></span> 
     </span>
     <span class='ocr_line' id='line_1_22' title="bbox 393 2341 2347 2430; baseline -0.002 -19"><span class='ocrx_word' id='word_1_149' title='bbox 393 2345 684 2430; x_wconf 90' lang='lat' dir='ltr'><strong>periculo</strong></span> <span class='ocrx_word' id='word_1_150' title='bbox 742 2356 1082 2427; x_wconf 86' lang='lat' dir='ltr'><strong>reputant,</strong></span> <span class='ocrx_word' id='word_1_151' title='bbox 1148 2343 1344 2410; x_wconf 86' lang='lat' dir='ltr'><strong>Iosue</strong></span> <span class='ocrx_word' id='word_1_152' title='bbox 1392 2356 1461 2409; x_wconf 89' lang='lat' dir='ltr'><strong>et</strong></span> <span class='ocrx_word' id='word_1_153' title='bbox 1512 2342 1822 2426; x_wconf 89' lang='lat' dir='ltr'><strong>populum</strong></span> <span class='ocrx_word' id='word_1_154' title='bbox 1882 2342 1966 2408; x_wconf 90' lang='lat' dir='ltr'><strong>ad</strong></span> <span class='ocrx_word' id='word_1_155' title='bbox 2021 2341 2347 2426; x_wconf 89' lang='lat' dir='ltr'><strong>interpide</strong></span> 
     </span>
     <span class='ocr_line' id='line_1_23' title="bbox 393 2427 2347 2601; baseline -0.003 -16"><span class='ocrx_word' id='word_1_156' title='bbox 393 2430 798 2585; x_wconf 41' lang='lat' dir='ltr'><strong>aaut?</strong></span> <span class='ocrx_word' id='word_1_157' title='bbox 805 2430 1249 2601; x_wconf 51' lang='lat' dir='ltr'><strong>afflat..</strong></span> <span class='ocrx_word' id='word_1_158' title='bbox 1284 2427 1965 2582; x_wconf 41' lang='lat' dir='ltr'><strong>Mtte.</strong></span> <span class='ocrx_word' id='word_1_159' title='bbox 1998 2428 2347 2580; x_wconf 47' lang='lat' dir='ltr'><strong>aaa&gt;</strong></span> 
     </span>
     <span class='ocr_line' id='line_1_24' title="bbox 393 2599 2346 2770; baseline -0.003 -14"><span class='ocrx_word' id='word_1_160' title='bbox 393 2601 1499 2770; x_wconf 51' lang='lat' dir='ltr'><strong>{xuznffifflffingmugffi</strong></span> <span class='ocrx_word' id='word_1_161' title='bbox 1536 2602 2066 2770; x_wconf 53' lang='lat' dir='ltr'><strong>ffiffiilssne’stfft</strong></span> <span class='ocrx_word' id='word_1_162' title='bbox 2093 2599 2346 2768; x_wconf 58' lang='lat'><strong>3333:</strong></span> 
     </span>
     <span class='ocr_line' id='line_1_25' title="bbox 394 2771 2344 2856; baseline -0.002 -15"><span class='ocrx_word' id='word_1_163' title='bbox 394 2775 639 2841; x_wconf 86' lang='lat' dir='ltr'><strong>mentis</strong></span> <span class='ocrx_word' id='word_1_164' title='bbox 726 2775 1088 2840; x_wconf 84' lang='lat' dir='ltr'><strong>confirmet.</strong></span> <span class='ocrx_word' id='word_1_165' title='bbox 1200 2773 1660 2840; x_wconf 85' lang='lat' dir='ltr'><strong>Consternatio</strong></span> <span class='ocrx_word' id='word_1_166' title='bbox 1738 2771 1964 2856; x_wconf 89' lang='lat' dir='ltr'><strong>itaque</strong></span> <span class='ocrx_word' id='word_1_167' title='bbox 2043 2771 2344 2854; x_wconf 77' lang='lat' dir='ltr'><strong>gentium</strong></span> 
     </span>
    </p>

    <p class='ocr_par' dir='ltr' id='par_1_4' title="bbox 442 2859 2341 2944">
     <span class='ocr_line' id='line_1_26' title="bbox 442 2859 2341 2944; baseline -0.002 -19"><span class='ocrx_word' id='word_1_168' title='bbox 442 2859 703 2927; x_wconf 81' lang='lat' dir='ltr'><strong>robavit</strong></span> <span class='ocrx_word' id='word_1_169' title='bbox 760 2881 890 2926; x_wconf 90' lang='lat' dir='ltr'><strong>non</strong></span> <span class='ocrx_word' id='word_1_170' title='bbox 946 2860 1196 2926; x_wconf 81' lang='lat' dir='ltr'><strong>frustra</strong></span> <span class='ocrx_word' id='word_1_171' title='bbox 1250 2859 1593 2944; x_wconf 91' lang='lat' dir='ltr'><strong>loquutum</strong></span> <span class='ocrx_word' id='word_1_172' title='bbox 1642 2879 1785 2925; x_wconf 90' lang='lat' dir='ltr'><strong>esse</strong></span> <span class='ocrx_word' id='word_1_173' title='bbox 1827 2859 2079 2937; x_wconf 85' lang='lat' dir='ltr'><strong>Deum,</strong></span> <span class='ocrx_word' id='word_1_174' title='bbox 2139 2878 2341 2941; x_wconf 91' lang='lat' dir='ltr'><strong>quum</strong></span> 
     </span>
    </p>

    <p class='ocr_par' dir='ltr' id='par_1_5' title="bbox 392 2943 2347 3631">
     <span class='ocr_line' id='line_1_27' title="bbox 392 2943 2345 3028; baseline -0.002 -16"><span class='ocrx_word' id='word_1_175' title='bbox 392 2967 526 3013; x_wconf 79' lang='lat' dir='ltr'><strong>iam</strong></span> <span class='ocrx_word' id='word_1_176' title='bbox 572 2945 720 3012; x_wconf 91' lang='lat' dir='ltr'><strong>illas</strong></span> <span class='ocrx_word' id='word_1_177' title='bbox 762 2946 830 3012; x_wconf 79' lang='lat' dir='ltr'><strong>fu</strong></span> <span class='ocrx_word' id='word_1_178' title='bbox 952 2968 989 3012; x_wconf 93' lang='lat' dir='ltr'><strong>e</strong></span> <span class='ocrx_word' id='word_1_179' title='bbox 1030 2946 1383 3028; x_wconf 72' lang='lat' dir='ltr'><strong>inciperet,</strong></span> <span class='ocrx_word' id='word_1_180' title='bbox 1450 2952 1518 3011; x_wconf 91' lang='lat' dir='ltr'><strong>et</strong></span> <span class='ocrx_word' id='word_1_181' title='bbox 1581 2945 1767 3027; x_wconf 90' lang='lat' dir='ltr'><strong>quasi</strong></span> <span class='ocrx_word' id='word_1_182' title='bbox 1827 2943 2139 3010; x_wconf 76' lang='lat' dir='ltr'><strong>immissis</strong></span> <span class='ocrx_word' id='word_1_183' title='bbox 2204 2964 2345 3009; x_wconf 88' lang='lat' dir='ltr'><strong>cra-</strong></span> 
     </span>
     <span class='ocr_line' id='line_1_28' title="bbox 394 3028 2345 3118; baseline -0.003 -18"><span class='ocrx_word' id='word_1_184' title='bbox 394 3031 706 3100; x_wconf 88' lang='lat' dir='ltr'><strong>bronibus</strong></span> <span class='ocrx_word' id='word_1_185' title='bbox 792 3051 831 3095; x_wconf 88' lang='lat' dir='ltr'><strong>a</strong></span> <span class='ocrx_word' id='word_1_186' title='bbox 875 3033 1071 3118; x_wconf 81' lang='lat' dir='ltr'><strong>igere.</strong></span> <span class='ocrx_word' id='word_1_187' title='bbox 1182 3031 1685 3097; x_wconf 83' lang='lat' dir='ltr'><strong>Ratiocinantur</strong></span> <span class='ocrx_word' id='word_1_188' title='bbox 1782 3029 1960 3095; x_wconf 90' lang='lat' dir='ltr'><strong>enim</strong></span> <span class='ocrx_word' id='word_1_189' title='bbox 2044 3028 2345 3113; x_wconf 86' lang='lat' dir='ltr'><strong>exemplo</strong></span> 
     </span>
     <span class='ocr_line' id='line_1_29' title="bbox 394 3114 2343 3199; baseline -0.002 -15"><span class='ocrx_word' id='word_1_190' title='bbox 394 3118 634 3185; x_wconf 85' lang='lat' dir='ltr'><strong>Rahab</strong></span> <span class='ocrx_word' id='word_1_191' title='bbox 652 3169 667 3195; x_wconf 87' lang='lat'><strong>,</strong></span> <span class='ocrx_word' id='word_1_192' title='bbox 753 3127 996 3185; x_wconf 90' lang='lat' dir='ltr'><strong>terram</strong></span> <span class='ocrx_word' id='word_1_193' title='bbox 1084 3117 1206 3182; x_wconf 90' lang='lat' dir='ltr'><strong>sibi</strong></span> <span class='ocrx_word' id='word_1_194' title='bbox 1294 3138 1437 3183; x_wconf 89' lang='lat' dir='ltr'><strong>esse</strong></span> <span class='ocrx_word' id='word_1_195' title='bbox 1519 3114 1737 3181; x_wconf 87' lang='lat' dir='ltr'><strong>datam</strong></span> <span class='ocrx_word' id='word_1_196' title='bbox 1754 3166 1769 3194; x_wconf 91' lang='lat'><strong>,</strong></span> <span class='ocrx_word' id='word_1_197' title='bbox 1855 3115 2008 3199; x_wconf 86' lang='lat' dir='ltr'><strong>quia</strong></span> <span class='ocrx_word' id='word_1_198' title='bbox 2094 3114 2343 3181; x_wconf 87' lang='lat' dir='ltr'><strong>incolae</strong></span> 
     </span>
     <span class='ocr_line' id='line_1_30' title="bbox 392 3200 2342 3284; baseline -0.002 -15"><span class='ocrx_word' id='word_1_199' title='bbox 392 3215 576 3269; x_wconf 87' lang='lat' dir='ltr'><strong>metu</strong></span> <span class='ocrx_word' id='word_1_200' title='bbox 642 3204 779 3269; x_wconf 86' lang='lat' dir='ltr'><strong>fere</strong></span> <span class='ocrx_word' id='word_1_201' title='bbox 844 3204 1258 3269; x_wconf 75' lang='lat' dir='ltr'><strong>evanuerint.</strong></span> <span class='ocrx_word' id='word_1_202' title='bbox 1346 3201 1507 3268; x_wconf 92' lang='lat' dir='ltr'><strong>Ideo</strong></span> <span class='ocrx_word' id='word_1_203' title='bbox 1569 3201 1888 3267; x_wconf 74' lang='lat' dir='ltr'><strong>illativum</strong></span> <span class='ocrx_word' id='word_1_204' title='bbox 1952 3200 2342 3284; x_wconf 87' lang='lat' dir='ltr'><strong>particulam</strong></span> 
     </span>
     <span class='ocr_line' id='line_1_31' title="bbox 392 3286 2347 3473; baseline -0.002 -31"><span class='ocrx_word' id='word_1_205' title='bbox 392 3310 616 3442; x_wconf 53' lang='lat' dir='ltr'><strong>m.</strong></span> <span class='ocrx_word' id='word_1_206' title='bbox 683 3310 935 3441; x_wconf 47' lang='grc' dir='ltr'><strong>θὲιῗέιιη</strong></span> <span class='ocrx_word' id='word_1_207' title='bbox 970 3287 1373 3459; x_wconf 54' lang='grc' dir='ltr'><strong>ἓῑῑὶιὲθῗίᾳιῗεῇι</strong></span> <span class='ocrx_word' id='word_1_208' title='bbox 1402 3286 2347 3473; x_wconf 44' lang='grc' dir='ltr'><strong>(Σῗὲἓέωἰιοξιῗέἓῐᾶἰιᾜῖ</strong></span> 
     </span>
     <span class='ocr_line' id='line_1_32' title="bbox 394 3460 2342 3541; baseline -0.002 -13"><span class='ocrx_word' id='word_1_209' title='bbox 394 3462 520 3528; x_wconf 91' lang='lat' dir='ltr'><strong>hoc</strong></span> <span class='ocrx_word' id='word_1_210' title='bbox 572 3461 779 3527; x_wconf 90' lang='lat' dir='ltr'><strong>modo.</strong></span> <span class='ocrx_word' id='word_1_211' title='bbox 865 3463 956 3526; x_wconf 86' lang='lat' dir='ltr'><strong>Et</strong></span> <span class='ocrx_word' id='word_1_212' title='bbox 1009 3468 1187 3528; x_wconf 88' lang='lat' dir='ltr'><strong>certe</strong></span> <span class='ocrx_word' id='word_1_213' title='bbox 1244 3461 1543 3527; x_wconf 87' lang='lat' dir='ltr'><strong>dissoluti</strong></span> <span class='ocrx_word' id='word_1_214' title='bbox 1585 3468 1739 3525; x_wconf 92' lang='lat' dir='ltr'><strong>sunt</strong></span> <span class='ocrx_word' id='word_1_215' title='bbox 1782 3478 2070 3525; x_wconf 79' lang='lat' dir='ltr'><strong>omnium</strong></span> <span class='ocrx_word' id='word_1_216' title='bbox 2115 3460 2342 3541; x_wconf 89' lang='lat' dir='ltr'><strong>animi,</strong></span> 
     </span>
     <span class='ocr_line' id='line_1_33' title="bbox 394 3544 1853 3631; baseline -0.003 -18"><span class='ocrx_word' id='word_1_217' title='bbox 394 3569 472 3615; x_wconf 87' lang='lat' dir='ltr'><strong>ac</strong></span> <span class='ocrx_word' id='word_1_218' title='bbox 515 3549 572 3614; x_wconf 90' lang='lat' dir='ltr'><strong>si</strong></span> <span class='ocrx_word' id='word_1_219' title='bbox 610 3546 736 3613; x_wconf 89' lang='lat' dir='ltr'><strong>Dei</strong></span> <span class='ocrx_word' id='word_1_220' title='bbox 779 3568 977 3612; x_wconf 90' lang='lat' dir='ltr'><strong>manu</strong></span> <span class='ocrx_word' id='word_1_221' title='bbox 1022 3567 1093 3612; x_wconf 90' lang='lat' dir='ltr'><strong>se</strong></span> <span class='ocrx_word' id='word_1_222' title='bbox 1136 3546 1474 3631; x_wconf 86' lang='lat' dir='ltr'><strong>profligari</strong></span> <span class='ocrx_word' id='word_1_223' title='bbox 1516 3544 1853 3612; x_wconf 83' lang='lat' dir='ltr'><strong>sentirent.</strong></span> 
     </span>
    </p>
   </div>
   <div class='ocr_carea' id='block_1_3' title="bbox 1134 3887 1608 3956">
    <p class='ocr_par' dir='ltr' id='par_1_6' title="bbox 1134 3887 1608 3956">
     <span class='ocr_line' id='line_1_34' title="bbox 1134 3887 1608 3956; baseline -0.008 0"><span class='ocrx_word' id='word_1_224' title='bbox 1134 3887 1439 3956; x_wconf 73' lang='lat' dir='ltr'>CAPUT</span> <span class='ocrx_word' id='word_1_225' title='bbox 1482 3888 1608 3953; x_wconf 91' lang='lat'><strong>111.</strong></span> 
     </span>
    </p>
   </div>
   <div class='ocr_carea' id='block_1_4' title="bbox 380 4058 2348 5262">
    <p class='ocr_par' dir='ltr' id='par_1_7' title="bbox 380 4058 2348 5262">
     <span class='ocr_line' id='line_1_35' title="bbox 571 4058 2345 4140; baseline 0.002 -18"><span class='ocrx_word' id='word_1_226' title='bbox 571 4058 626 4123; x_wconf 85' lang='lat'><strong>1.</strong></span> <span class='ocrx_word' id='word_1_227' title='bbox 689 4060 985 4127; x_wconf 69' lang='lat' dir='ltr'><strong>Surrexit</strong></span> <span class='ocrx_word' id='word_1_228' title='bbox 1024 4065 1233 4126; x_wconf 78' lang='lat' dir='ltr'><strong>autem</strong></span> <span class='ocrx_word' id='word_1_229' title='bbox 1268 4059 1540 4126; x_wconf 69' lang='lat' dir='ltr'><strong>Iehosua</strong></span> <span class='ocrx_word' id='word_1_230' title='bbox 1581 4078 1826 4124; x_wconf 77' lang='lat' dir='ltr'><strong>summo</strong></span> <span class='ocrx_word' id='word_1_231' title='bbox 1858 4078 2059 4137; x_wconf 85' lang='lat' dir='ltr'><strong>mane,</strong></span> <span class='ocrx_word' id='word_1_232' title='bbox 2104 4063 2160 4123; x_wconf 84' lang='lat' dir='ltr'><strong>et</strong></span> <span class='ocrx_word' id='word_1_233' title='bbox 2193 4079 2345 4140; x_wconf 80' lang='lat' dir='ltr'><strong>pro-</strong></span> 
     </span>
     <span class='ocr_line' id='line_1_36' title="bbox 388 4143 2346 4234; baseline -0.003 -19"><span class='ocrx_word' id='word_1_234' title='bbox 388 4146 536 4234; x_wconf 76' lang='lat' dir='ltr'><strong>fecti</strong></span> <span class='ocrx_word' id='word_1_235' title='bbox 593 4152 739 4212; x_wconf 75' lang='lat' dir='ltr'><strong>sunt</strong></span> <span class='ocrx_word' id='word_1_236' title='bbox 779 4168 812 4213; x_wconf 89' lang='lat' dir='ltr'><strong>e</strong></span> <span class='ocrx_word' id='word_1_237' title='bbox 857 4145 1099 4222; x_wconf 70' lang='lat' dir='ltr'><strong>sittim,</strong></span> <span class='ocrx_word' id='word_1_238' title='bbox 1153 4151 1563 4226; x_wconf 75' lang='lat' dir='ltr'><strong>veneruntque</strong></span> <span class='ocrx_word' id='word_1_239' title='bbox 1615 4165 1811 4227; x_wconf 75' lang='lat' dir='ltr'><strong>usque</strong></span> <span class='ocrx_word' id='word_1_240' title='bbox 1862 4144 1948 4210; x_wconf 81' lang='lat' dir='ltr'><strong>ad</strong></span> <span class='ocrx_word' id='word_1_241' title='bbox 2006 4143 2346 4210; x_wconf 76' lang='lat' dir='ltr'><strong>Iordanem</strong></span> 
     </span>
     <span class='ocr_line' id='line_1_37' title="bbox 391 4229 2345 4317; baseline -0.004 -15"><span class='ocrx_word' id='word_1_242' title='bbox 391 4239 533 4317; x_wconf 78' lang='lat' dir='ltr'><strong>ipse</strong></span> <span class='ocrx_word' id='word_1_243' title='bbox 574 4237 631 4297; x_wconf 82' lang='lat' dir='ltr'><strong>et</strong></span> <span class='ocrx_word' id='word_1_244' title='bbox 672 4252 881 4300; x_wconf 78' lang='lat' dir='ltr'><strong>omnes</strong></span> <span class='ocrx_word' id='word_1_245' title='bbox 933 4231 1060 4313; x_wconf 70' lang='lat' dir='ltr'><strong>filii</strong></span> <span class='ocrx_word' id='word_1_246' title='bbox 1102 4230 1313 4297; x_wconf 80' lang='lat' dir='ltr'><strong>Israel</strong></span> <span class='ocrx_word' id='word_1_247' title='bbox 1328 4281 1344 4311; x_wconf 90' lang='lat'><strong>,</strong></span> <span class='ocrx_word' id='word_1_248' title='bbox 1389 4235 1948 4313; x_wconf 74' lang='lat' dir='ltr'><strong>pernoctaruntque</strong></span> <span class='ocrx_word' id='word_1_249' title='bbox 2000 4229 2136 4295; x_wconf 77' lang='lat' dir='ltr'><strong>illic</strong></span> <span class='ocrx_word' id='word_1_250' title='bbox 2175 4236 2345 4296; x_wconf 84' lang='lat' dir='ltr'><strong>ante-</strong></span> 
     </span>
     <span class='ocr_line' id='line_1_38' title="bbox 392 4315 2348 4405; baseline -0.002 -20"><span class='ocrx_word' id='word_1_251' title='bbox 392 4338 585 4405; x_wconf 76' lang='lat' dir='ltr'><strong>quam</strong></span> <span class='ocrx_word' id='word_1_252' title='bbox 626 4319 986 4395; x_wconf 72' lang='lat' dir='ltr'><strong>transirent.</strong></span> <span class='ocrx_word' id='word_1_253' title='bbox 1074 4317 1133 4382; x_wconf 86' lang='lat'><strong>2.</strong></span> <span class='ocrx_word' id='word_1_254' title='bbox 1202 4317 1290 4382; x_wconf 81' lang='lat' dir='ltr'><strong>Et</strong></span> <span class='ocrx_word' id='word_1_255' title='bbox 1326 4316 1456 4399; x_wconf 78' lang='lat' dir='ltr'><strong>fnit</strong></span> <span class='ocrx_word' id='word_1_256' title='bbox 1495 4340 1539 4383; x_wconf 88' lang='lat' dir='ltr'><strong>a</strong></span> <span class='ocrx_word' id='word_1_257' title='bbox 1574 4318 1700 4400; x_wconf 64' lang='lat' dir='ltr'><strong>fine</strong></span> <span class='ocrx_word' id='word_1_258' title='bbox 1739 4317 1934 4382; x_wconf 73' lang='lat' dir='ltr'><strong>trium</strong></span> <span class='ocrx_word' id='word_1_259' title='bbox 1973 4315 2236 4396; x_wconf 73' lang='lat' dir='ltr'><strong>dierum,</strong></span> <span class='ocrx_word' id='word_1_260' title='bbox 2274 4321 2348 4381; x_wconf 80' lang='lat' dir='ltr'><strong>ut</strong></span> 
     </span>
     <span class='ocr_line' id='line_1_39' title="bbox 382 4400 2345 4489; baseline -0.002 -17"><span class='ocrx_word' id='word_1_261' title='bbox 382 4403 697 4489; x_wconf 75' lang='lat' dir='ltr'><strong>praefecti</strong></span> <span class='ocrx_word' id='word_1_262' title='bbox 732 4404 1076 4471; x_wconf 64' lang='lat' dir='ltr'><strong>transirent</strong></span> <span class='ocrx_word' id='word_1_263' title='bbox 1107 4423 1228 4484; x_wconf 76' lang='lat' dir='ltr'><strong>per</strong></span> <span class='ocrx_word' id='word_1_264' title='bbox 1267 4403 1541 4469; x_wconf 74' lang='lat' dir='ltr'><strong>medium</strong></span> <span class='ocrx_word' id='word_1_265' title='bbox 1574 4408 1938 4482; x_wconf 71' lang='lat' dir='ltr'><strong>castronm,</strong></span> <span class='ocrx_word' id='word_1_266' title='bbox 2023 4402 2084 4469; x_wconf 85' lang='lat'><strong>3.</strong></span> <span class='ocrx_word' id='word_1_267' title='bbox 2147 4400 2345 4469; x_wconf 82' lang='lat' dir='ltr'><strong>Prae-</strong></span> 
     </span>
     <span class='ocr_line' id='line_1_40' title="bbox 392 4488 2342 4573; baseline -0.003 -16"><span class='ocrx_word' id='word_1_268' title='bbox 392 4493 784 4573; x_wconf 65' lang='lat' dir='ltr'><strong>viper-eratque</strong></span> <span class='ocrx_word' id='word_1_269' title='bbox 836 4489 1077 4571; x_wconf 73' lang='lat' dir='ltr'><strong>populo</strong></span> <span class='ocrx_word' id='word_1_270' title='bbox 1140 4489 1425 4555; x_wconf 79' lang='lat' dir='ltr'><strong>dicendo.-</strong></span> <span class='ocrx_word' id='word_1_271' title='bbox 1511 4490 1716 4571; x_wconf 74' lang='lat' dir='ltr'><strong>Quum</strong></span> <span class='ocrx_word' id='word_1_272' title='bbox 1777 4488 2063 4554; x_wconf 69' lang='lat' dir='ltr'><strong>videritis</strong></span> <span class='ocrx_word' id='word_1_273' title='bbox 2128 4507 2342 4554; x_wconf 83' lang='lat' dir='ltr'><strong>aream</strong></span> 
     </span>
     <span class='ocr_line' id='line_1_41' title="bbox 390 4573 2343 4661; baseline -0.003 -16"><span class='ocrx_word' id='word_1_274' title='bbox 390 4575 664 4661; x_wconf 76' lang='lat' dir='ltr'><strong>foederis</strong></span> <span class='ocrx_word' id='word_1_275' title='bbox 726 4575 990 4641; x_wconf 68' lang='lat' dir='ltr'><strong>Iehovae</strong></span> <span class='ocrx_word' id='word_1_276' title='bbox 1052 4573 1181 4640; x_wconf 77' lang='lat' dir='ltr'><strong>Dei</strong></span> <span class='ocrx_word' id='word_1_277' title='bbox 1246 4575 1464 4655; x_wconf 78' lang='lat' dir='ltr'><strong>vestri,</strong></span> <span class='ocrx_word' id='word_1_278' title='bbox 1540 4579 1597 4640; x_wconf 85' lang='lat' dir='ltr'><strong>et</strong></span> <span class='ocrx_word' id='word_1_279' title='bbox 1665 4574 2008 4640; x_wconf 74' lang='lat' dir='ltr'><strong>sacerdotes</strong></span> <span class='ocrx_word' id='word_1_280' title='bbox 2088 4573 2343 4639; x_wconf 74' lang='lat' dir='ltr'><strong>Levitae</strong></span> 
     </span>
     <span class='ocr_line' id='line_1_42' title="bbox 381 4658 2342 4745; baseline -0.003 -17"><span class='ocrx_word' id='word_1_281' title='bbox 381 4667 713 4745; x_wconf 79' lang='lat' dir='ltr'><strong>portantes</strong></span> <span class='ocrx_word' id='word_1_282' title='bbox 764 4681 930 4737; x_wconf 82' lang='lat' dir='ltr'><strong>eam,</strong></span> <span class='ocrx_word' id='word_1_283' title='bbox 977 4659 1463 4741; x_wconf 71' lang='lat' dir='ltr'><strong>proficiscemini</strong></span> <span class='ocrx_word' id='word_1_284' title='bbox 1505 4680 1536 4724; x_wconf 90' lang='lat' dir='ltr'><strong>e</strong></span> <span class='ocrx_word' id='word_1_285' title='bbox 1580 4660 1704 4726; x_wconf 79' lang='lat' dir='ltr'><strong>loco</strong></span> <span class='ocrx_word' id='word_1_286' title='bbox 1756 4663 1985 4736; x_wconf 77' lang='lat' dir='ltr'><strong>vestre,</strong></span> <span class='ocrx_word' id='word_1_287' title='bbox 2051 4658 2342 4741; x_wconf 60' lang='lat' dir='ltr'><strong>tutisque</strong></span> 
     </span>
     <span class='ocr_line' id='line_1_43' title="bbox 380 4744 2342 4833; baseline -0.002 -19"><span class='ocrx_word' id='word_1_288' title='bbox 380 4753 531 4833; x_wconf 76' lang='lat' dir='ltr'><strong>post</strong></span> <span class='ocrx_word' id='word_1_289' title='bbox 594 4747 791 4813; x_wconf 81' lang='lat' dir='ltr'><strong>illam.</strong></span> <span class='ocrx_word' id='word_1_290' title='bbox 880 4747 940 4812; x_wconf 90' lang='lat'><strong>4.</strong></span> <span class='ocrx_word' id='word_1_291' title='bbox 1025 4745 1459 4812; x_wconf 75' lang='lat' dir='ltr'><strong>Verumtamen</strong></span> <span class='ocrx_word' id='word_1_292' title='bbox 1522 4745 1925 4811; x_wconf 67' lang='lat' dir='ltr'><strong>interstitium</strong></span> <span class='ocrx_word' id='word_1_293' title='bbox 1994 4744 2113 4809; x_wconf 73' lang='lat' dir='ltr'><strong>erit</strong></span> <span class='ocrx_word' id='word_1_294' title='bbox 2177 4744 2342 4810; x_wconf 80' lang='lat' dir='ltr'><strong>inter</strong></span> 
     </span>
     <span class='ocr_line' id='line_1_44' title="bbox 394 4830 2343 4917; baseline -0.003 -17"><span class='ocrx_word' id='word_1_295' title='bbox 394 4855 504 4901; x_wconf 79' lang='lat' dir='ltr'><strong>vos</strong></span> <span class='ocrx_word' id='word_1_296' title='bbox 525 4838 582 4900; x_wconf 87' lang='lat' dir='ltr'><strong>et</strong></span> <span class='ocrx_word' id='word_1_297' title='bbox 603 4835 811 4917; x_wconf 80' lang='lat' dir='ltr'><strong>ipsam</strong></span> <span class='ocrx_word' id='word_1_298' title='bbox 828 4833 960 4915; x_wconf 81' lang='lat' dir='ltr'><strong>fere</strong></span> <span class='ocrx_word' id='word_1_299' title='bbox 978 4834 1175 4899; x_wconf 78' lang='lat' dir='ltr'><strong>duum</strong></span> <span class='ocrx_word' id='word_1_300' title='bbox 1194 4831 1467 4896; x_wconf 80' lang='lat' dir='ltr'><strong>millium</strong></span> <span class='ocrx_word' id='word_1_301' title='bbox 1487 4830 1829 4897; x_wconf 53' lang='lat' dir='ltr'><strong>cubitorum</strong></span> <span class='ocrx_word' id='word_1_302' title='bbox 1841 4832 1913 4895; x_wconf 80' lang='lat' dir='ltr'><strong>in</strong></span> <span class='ocrx_word' id='word_1_303' title='bbox 1931 4849 2243 4906; x_wconf 63' lang='lat' dir='ltr'><strong>mansura,</strong></span> <span class='ocrx_word' id='word_1_304' title='bbox 2264 4850 2343 4895; x_wconf 86' lang='lat' dir='ltr'><strong>ne</strong></span> 
     </span>
     <span class='ocr_line' id='line_1_45' title="bbox 394 4917 2343 5084; baseline -0.003 -13"><span class='ocrx_word' id='word_1_305' title='bbox 394 4921 911 5071; x_wconf 44' lang='lat' dir='ltr'><strong>&amp;mmm</strong></span> <span class='ocrx_word' id='word_1_306' title='bbox 953 4920 1153 5070; x_wconf 57' lang='lat' dir='ltr'><em>w</em></span> <span class='ocrx_word' id='word_1_307' title='bbox 1171 4917 2343 5084; x_wconf 40' lang='lat' dir='ltr'><strong>ffifftfflwffm</strong></span> <span class='ocrx_word' id='word_1_308' title='bbox 2204 4934 2335 4982; x_wconf 51' lang='grc' dir='ltr'><strong>Μ·</strong></span> 
     </span>
     <span class='ocr_line' id='line_1_46' title="bbox 394 5086 2340 5169; baseline -0.002 -12"><span class='ocrx_word' id='word_1_309' title='bbox 394 5091 534 5157; x_wconf 72' lang='lat' dir='ltr'><strong>heri</strong></span> <span class='ocrx_word' id='word_1_310' title='bbox 575 5091 672 5157; x_wconf 80' lang='lat' dir='ltr'><strong>vel</strong></span> <span class='ocrx_word' id='word_1_311' title='bbox 712 5089 1161 5156; x_wconf 76' lang='lat' dir='ltr'><strong>nudnstertins.</strong></span> <span class='ocrx_word' id='word_1_312' title='bbox 1228 5089 1290 5155; x_wconf 76' lang='grc' dir='ltr'><strong>ὃ.</strong></span> <span class='ocrx_word' id='word_1_313' title='bbox 1331 5087 1608 5154; x_wconf 75' lang='lat' dir='ltr'><strong>Dixerat</strong></span> <span class='ocrx_word' id='word_1_314' title='bbox 1649 5093 1855 5154; x_wconf 71' lang='lat' dir='ltr'><strong>auten·</strong></span> <span class='ocrx_word' id='word_1_315' title='bbox 1877 5086 2065 5153; x_wconf 80' lang='lat' dir='ltr'><strong>Iosue</strong></span> <span class='ocrx_word' id='word_1_316' title='bbox 2107 5088 2193 5154; x_wconf 80' lang='lat' dir='ltr'><strong>ad</strong></span> <span class='ocrx_word' id='word_1_317' title='bbox 2222 5108 2340 5169; x_wconf 78' lang='lat' dir='ltr'><strong>po-</strong></span> 
     </span>
     <span class='ocr_line' id='line_1_47' title="bbox 384 5172 2343 5262; baseline -0.002 -20"><span class='ocrx_word' id='word_1_318' title='bbox 384 5176 648 5262; x_wconf 76' lang='lat' dir='ltr'><strong>pulum.-</strong></span> <span class='ocrx_word' id='word_1_319' title='bbox 708 5176 1084 5256; x_wconf 69' lang='lat' dir='ltr'><strong>sanctificate</strong></span> <span class='ocrx_word' id='word_1_320' title='bbox 1111 5174 1154 5261; x_wconf 91' lang='lat'><strong>¹)</strong></span> <span class='ocrx_word' id='word_1_321' title='bbox 1220 5195 1343 5242; x_wconf 80' lang='lat' dir='ltr'><strong>vos.</strong></span> <span class='ocrx_word' id='word_1_322' title='bbox 1435 5172 1595 5241; x_wconf 71' lang='lat' dir='ltr'><strong>Ora-5</strong></span> <span class='ocrx_word' id='word_1_323' title='bbox 1649 5175 1815 5240; x_wconf 81' lang='lat' dir='ltr'><strong>enim</strong></span> <span class='ocrx_word' id='word_1_324' title='bbox 1863 5173 2052 5256; x_wconf 60' lang='lat' dir='ltr'><strong>facia</strong></span> <span class='ocrx_word' id='word_1_325' title='bbox 2112 5172 2343 5240; x_wconf 74' lang='lat' dir='ltr'><strong>Iehova</strong></span> 
     </span>
    </p>
   </div>
   <div class='ocr_carea' id='block_1_5' title="bbox 397 5298 810 5311">
    <p class='ocr_par' dir='ltr' id='par_1_8' title="bbox 397 5298 810 5311">
     <span class='ocr_line' id='line_1_48' title="bbox 397 5298 810 5311; baseline 0 0"><span class='ocrx_word' id='word_1_326' title='bbox 397 5298 810 5311; x_wconf 95' lang='lat' dir='ltr'><strong> </strong></span> 
     </span>
    </p>
   </div>
   <div class='ocr_carea' id='block_1_6' title="bbox 574 5364 1569 5434">
    <p class='ocr_par' dir='ltr' id='par_1_9' title="bbox 574 5364 1569 5434">
     <span class='ocr_line' id='line_1_49' title="bbox 574 5364 1569 5434; baseline -0.001 -16"><span class='ocrx_word' id='word_1_327' title='bbox 574 5364 631 5433; x_wconf 90' lang='grc'><strong>1)</strong></span> <span class='ocrx_word' id='word_1_328' title='bbox 669 5366 741 5419; x_wconf 83' lang='lat' dir='ltr'><strong>In</strong></span> <span class='ocrx_word' id='word_1_329' title='bbox 778 5366 1045 5434; x_wconf 74' lang='lat' dir='ltr'><strong>marqine:</strong></span> <span class='ocrx_word' id='word_1_330' title='bbox 1084 5370 1195 5427; x_wconf 84' lang='lat' dir='ltr'><strong>aut,</strong></span> <span class='ocrx_word' id='word_1_331' title='bbox 1231 5372 1569 5434; x_wconf 84' lang='lat' dir='ltr'><strong>praeparate.</strong></span> 
     </span>
    </p>
   </div>
   <div class='ocr_carea' id='block_1_7' title="bbox 1580 436 3216 509">
    <p class='ocr_par' dir='ltr' id='par_1_10' title="bbox 1580 436 3216 509">
     <span class='ocr_line' id='line_1_50' title="bbox 1580 436 3216 509; baseline 0.001 -3"><span class='ocrx_word' id='word_1_332' title='bbox 1580 436 2322 506; x_wconf 76' lang='lat' dir='ltr'>COMMENTARIUS</span> <span class='ocrx_word' id='word_1_333' title='bbox 2367 436 2464 505; x_wconf 87' lang='lat' dir='ltr'><strong>IN</strong></span> <span class='ocrx_word' id='word_1_334' title='bbox 2510 436 2792 505; x_wconf 82' lang='lat' dir='ltr'><strong>IOSUE</strong></span> <span class='ocrx_word' id='word_1_335' title='bbox 2833 438 3035 506; x_wconf 83' lang='lat' dir='ltr'><strong>CAP.</strong></span> <span class='ocrx_word' id='word_1_336' title='bbox 3081 438 3216 509; x_wconf 89' lang='lat'><strong>111.</strong></span> 
     </span>
    </p>
   </div>
   <div class='ocr_carea' id='block_1_8' title="bbox 2388 629 2406 5397">
    <p class='ocr_par' dir='ltr' id='par_1_11' title="bbox 2388 629 2406 5397">
     <span class='ocr_line' id='line_1_51' title="bbox 2388 629 2406 5397; baseline 0 0"><span class='ocrx_word' id='word_1_337' title='bbox 2388 629 2406 5397; x_wconf 95' lang='lat' dir='ltr'><strong> </strong></span> 
     </span>
    </p>
   </div>
   <div class='ocr_carea' id='block_1_9' title="bbox 4273 447 4405 513">
    <p class='ocr_par' dir='ltr' id='par_1_12' title="bbox 4273 447 4405 513">
     <span class='ocr_line' id='line_1_52' title="bbox 4273 447 4405 513; baseline 0 -2"><span class='ocrx_word' id='word_1_338' title='bbox 4273 447 4405 513; x_wconf 87' lang='lat'><strong>446</strong></span> 
     </span>
    </p>
   </div>
   <div class='ocr_carea' id='block_1_10' title="bbox 2445 625 4406 2580">
    <p class='ocr_par' dir='ltr' id='par_1_13' title="bbox 2445 625 4406 2580">
     <span class='ocr_line' id='line_1_53' title="bbox 2452 625 4404 701; baseline 0.006 -11"><span class='ocrx_word' id='word_1_339' title='bbox 2452 625 2523 691; x_wconf 79' lang='lat' dir='ltr'><strong>in</strong></span> <span class='ocrx_word' id='word_1_340' title='bbox 2583 626 2783 692; x_wconf 73' lang='lat' dir='ltr'><strong>medio</strong></span> <span class='ocrx_word' id='word_1_341' title='bbox 2838 628 3031 693; x_wconf 74' lang='lat' dir='ltr'><strong>vestri</strong></span> <span class='ocrx_word' id='word_1_342' title='bbox 3088 628 3430 697; x_wconf 72' lang='lat' dir='ltr'><strong>mirabilia.</strong></span> <span class='ocrx_word' id='word_1_343' title='bbox 3518 630 3579 696; x_wconf 89' lang='lat'><strong>6.</strong></span> <span class='ocrx_word' id='word_1_344' title='bbox 4042 638 4250 700; x_wconf 64' lang='lat' dir='ltr'><strong>anatem</strong></span> <span class='ocrx_word' id='word_1_345' title='bbox 4311 641 4404 701; x_wconf 78' lang='lat' dir='ltr'><strong>est</strong></span> 
     </span>
     <span class='ocr_line' id='line_1_54' title="bbox 2452 711 4399 804; baseline 0.005 -28"><span class='ocrx_word' id='word_1_346' title='bbox 2452 711 2640 777; x_wconf 61' lang='lat' dir='ltr'><strong><em>10³·ae</em></strong></span> <span class='ocrx_word' id='word_1_347' title='bbox 2693 713 2781 778; x_wconf 83' lang='lat' dir='ltr'><strong>ad</strong></span> <span class='ocrx_word' id='word_1_348' title='bbox 2823 713 3165 780; x_wconf 74' lang='lat' dir='ltr'><strong>sacerdotes</strong></span> <span class='ocrx_word' id='word_1_349' title='bbox 3217 715 3473 782; x_wconf 75' lang='lat' dir='ltr'><strong>dicendo</strong></span> <span class='ocrx_word' id='word_1_350' title='bbox 3488 741 3508 781; x_wconf 93' lang='lat'><strong>.·</strong></span> <span class='ocrx_word' id='word_1_351' title='bbox 3571 716 3792 783; x_wconf 77' lang='lat' dir='ltr'><strong>Tollite</strong></span> <span class='ocrx_word' id='word_1_352' title='bbox 3845 738 4058 785; x_wconf 80' lang='lat' dir='ltr'><strong>aream</strong></span> <span class='ocrx_word' id='word_1_353' title='bbox 4110 722 4399 804; x_wconf 78' lang='lat' dir='ltr'><strong>foederis,</strong></span> 
     </span>
     <span class='ocr_line' id='line_1_55' title="bbox 2450 799 4400 887; baseline 0.006 -26"><span class='ocrx_word' id='word_1_354' title='bbox 2450 802 2508 862; x_wconf 86' lang='lat' dir='ltr'><strong>et</strong></span> <span class='ocrx_word' id='word_1_355' title='bbox 2567 799 2834 864; x_wconf 77' lang='lat' dir='ltr'><strong>transite</strong></span> <span class='ocrx_word' id='word_1_356' title='bbox 2908 804 3050 864; x_wconf 80' lang='lat' dir='ltr'><strong>ante</strong></span> <span class='ocrx_word' id='word_1_357' title='bbox 3101 803 3429 883; x_wconf 73' lang='lat' dir='ltr'><strong>populum.</strong></span> <span class='ocrx_word' id='word_1_358' title='bbox 3523 802 3835 869; x_wconf 58' lang='lat' dir='ltr'><strong>Tuaen-unt</strong></span> <span class='ocrx_word' id='word_1_359' title='bbox 3907 805 4121 887; x_wconf 78' lang='lat' dir='ltr'><strong>itaque</strong></span> <span class='ocrx_word' id='word_1_360' title='bbox 4183 826 4400 873; x_wconf 81' lang='lat' dir='ltr'><strong>aream</strong></span> 
     </span>
     <span class='ocr_line' id='line_1_56' title="bbox 2445 882 4400 972; baseline 0.006 -25"><span class='ocrx_word' id='word_1_361' title='bbox 2445 882 2748 965; x_wconf 76' lang='lat' dir='ltr'><strong>foederis,</strong></span> <span class='ocrx_word' id='word_1_362' title='bbox 2812 888 2870 950; x_wconf 89' lang='lat' dir='ltr'><strong>et</strong></span> <span class='ocrx_word' id='word_1_363' title='bbox 2930 884 3334 952; x_wconf 79' lang='lat' dir='ltr'><strong>ambularunt</strong></span> <span class='ocrx_word' id='word_1_364' title='bbox 3401 892 3544 953; x_wconf 83' lang='lat' dir='ltr'><strong>ante</strong></span> <span class='ocrx_word' id='word_1_365' title='bbox 3596 890 3922 972; x_wconf 75' lang='lat' dir='ltr'><strong>poputum.</strong></span> <span class='ocrx_word' id='word_1_366' title='bbox 4002 891 4039 956; x_wconf 82' lang='lat'>7</span> <span class='ocrx_word' id='word_1_367' title='bbox 4044 941 4059 956; x_wconf 89' lang='lat'><strong>.</strong></span> <span class='ocrx_word' id='word_1_368' title='bbox 4123 891 4400 958; x_wconf 72' lang='lat' dir='ltr'><strong>Dixerat</strong></span> 
     </span>
     <span class='ocr_line' id='line_1_57' title="bbox 2447 967 4401 1069; baseline 0.005 -35"><span class='ocrx_word' id='word_1_369' title='bbox 2447 974 2658 1068; x_wconf 69' lang='lat' dir='ltr'><strong>autem</strong></span> <span class='ocrx_word' id='word_1_370' title='bbox 2678 967 2917 1069; x_wconf 75' lang='lat' dir='ltr'><strong>Iehova</strong></span> <span class='ocrx_word' id='word_1_371' title='bbox 2948 971 3034 1035; x_wconf 81' lang='lat' dir='ltr'><strong>ad</strong></span> <span class='ocrx_word' id='word_1_372' title='bbox 3067 970 3327 1038; x_wconf 77' lang='lat' dir='ltr'><strong>Iosuam</strong></span> <span class='ocrx_word' id='word_1_373' title='bbox 3340 997 3361 1038; x_wconf 85' lang='grc'><strong>.-</strong></span> <span class='ocrx_word' id='word_1_374' title='bbox 3402 974 3611 1039; x_wconf 78' lang='lat' dir='ltr'><strong>Hodie</strong></span> <span class='ocrx_word' id='word_1_375' title='bbox 3648 976 3954 1059; x_wconf 75' lang='lat' dir='ltr'><strong>incipiam</strong></span> <span class='ocrx_word' id='word_1_376' title='bbox 3993 977 4401 1060; x_wconf 67' lang='lat' dir='ltr'><strong>maynifioare</strong></span> 
     </span>
     <span class='ocr_line' id='line_1_58' title="bbox 2448 1055 4400 1145; baseline 0.005 -26"><span class='ocrx_word' id='word_1_377' title='bbox 2448 1059 2504 1120; x_wconf 87' lang='lat' dir='ltr'><strong>te</strong></span> <span class='ocrx_word' id='word_1_378' title='bbox 2547 1074 2618 1119; x_wconf 66' lang='lat' dir='ltr'><strong>sn</strong></span> <span class='ocrx_word' id='word_1_379' title='bbox 2660 1055 2858 1120; x_wconf 54' lang='lat' dir='ltr'><strong>oeulis</strong></span> <span class='ocrx_word' id='word_1_380' title='bbox 2891 1057 3077 1122; x_wconf 81' lang='lat' dir='ltr'><strong>totius</strong></span> <span class='ocrx_word' id='word_1_381' title='bbox 3121 1058 3351 1137; x_wconf 81' lang='lat' dir='ltr'><strong>Israel,</strong></span> <span class='ocrx_word' id='word_1_382' title='bbox 3392 1065 3464 1125; x_wconf 74' lang='lat' dir='ltr'><strong>ut</strong></span> <span class='ocrx_word' id='word_1_383' title='bbox 3495 1060 3711 1139; x_wconf 74' lang='lat' dir='ltr'><strong>sciant,</strong></span> <span class='ocrx_word' id='word_1_384' title='bbox 3770 1063 4066 1144; x_wconf 79' lang='lat' dir='ltr'><strong>quomodo</strong></span> <span class='ocrx_word' id='word_1_385' title='bbox 4115 1062 4223 1145; x_wconf 75' lang='lat' dir='ltr'><strong>fui</strong></span> <span class='ocrx_word' id='word_1_386' title='bbox 4255 1083 4400 1129; x_wconf 78' lang='lat' dir='ltr'><strong>oum</strong></span> 
     </span>
     <span class='ocr_line' id='line_1_59' title="bbox 2451 1138 4399 1231; baseline 0.007 -27"><span class='ocrx_word' id='word_1_387' title='bbox 2451 1138 2649 1217; x_wconf 80' lang='lat' dir='ltr'><strong>Mose,</strong></span> <span class='ocrx_word' id='word_1_388' title='bbox 2690 1140 3323 1224; x_wconf 59' lang='lat' dir='ltr'><strong>siemera-atomus.</strong></span> <span class='ocrx_word' id='word_1_389' title='bbox 3392 1146 3451 1211; x_wconf 89' lang='lat'><strong>8.</strong></span> <span class='ocrx_word' id='word_1_390' title='bbox 3504 1145 4155 1231; x_wconf 68' lang='lat' dir='ltr'><strong>Tuerqopmoeiptes</strong></span> <span class='ocrx_word' id='word_1_391' title='bbox 4195 1168 4399 1216; x_wconf 77' lang='lat' dir='ltr'><strong>saeer-</strong></span> 
     </span>
     <span class='ocr_line' id='line_1_60' title="bbox 2448 1225 4399 1316; baseline 0.004 -24"><span class='ocrx_word' id='word_1_392' title='bbox 2448 1225 2693 1292; x_wconf 75' lang='lat' dir='ltr'><strong>dotibus</strong></span> <span class='ocrx_word' id='word_1_393' title='bbox 2743 1227 3145 1307; x_wconf 61' lang='lat' dir='ltr'><strong>portantibus</strong></span> <span class='ocrx_word' id='word_1_394' title='bbox 3196 1250 3414 1297; x_wconf 72' lang='lat' dir='ltr'><strong>aream</strong></span> <span class='ocrx_word' id='word_1_395' title='bbox 3469 1231 3770 1313; x_wconf 71' lang='lat' dir='ltr'><strong>foederis,</strong></span> <span class='ocrx_word' id='word_1_396' title='bbox 3832 1234 4121 1300; x_wconf 72' lang='lat' dir='ltr'><strong>dicendo.-</strong></span> <span class='ocrx_word' id='word_1_397' title='bbox 4192 1236 4399 1316; x_wconf 76' lang='lat' dir='ltr'><strong>Quam</strong></span> 
     </span>
     <span class='ocr_line' id='line_1_61' title="bbox 2449 1311 4396 1401; baseline 0.006 -25"><span class='ocrx_word' id='word_1_398' title='bbox 2449 1311 2723 1395; x_wconf 68' lang='lat' dir='ltr'><strong>inqressi</strong></span> <span class='ocrx_word' id='word_1_399' title='bbox 2775 1312 3031 1394; x_wconf 73' lang='lat' dir='ltr'><strong>fueritis</strong></span> <span class='ocrx_word' id='word_1_400' title='bbox 3070 1335 3264 1397; x_wconf 72' lang='lat' dir='ltr'><strong>usque</strong></span> <span class='ocrx_word' id='word_1_401' title='bbox 3305 1316 3394 1382; x_wconf 81' lang='lat' dir='ltr'><strong>ad</strong></span> <span class='ocrx_word' id='word_1_402' title='bbox 3446 1321 3786 1382; x_wconf 60' lang='lat' dir='ltr'><strong>menum</strong></span> <span class='ocrx_word' id='word_1_403' title='bbox 3824 1337 4031 1401; x_wconf 79' lang='lat' dir='ltr'><strong>aquae</strong></span> <span class='ocrx_word' id='word_1_404' title='bbox 4073 1320 4396 1401; x_wconf 72' lang='lat' dir='ltr'><strong>Iordanis,</strong></span> 
     </span>
     <span class='ocr_line' id='line_1_62' title="bbox 2449 1396 4395 1486; baseline 0.005 -24"><span class='ocrx_word' id='word_1_405' title='bbox 2449 1398 2523 1462; x_wconf 72' lang='lat' dir='ltr'><strong>in</strong></span> <span class='ocrx_word' id='word_1_406' title='bbox 2565 1396 2838 1465; x_wconf 79' lang='lat' dir='ltr'><strong>Iordane</strong></span> <span class='ocrx_word' id='word_1_407' title='bbox 2884 1399 3151 1466; x_wconf 72' lang='lat' dir='ltr'><strong>stabitis.</strong></span> <span class='ocrx_word' id='word_1_408' title='bbox 3237 1401 3297 1467; x_wconf 84' lang='lat'><strong>9.</strong></span> <span class='ocrx_word' id='word_1_409' title='bbox 3361 1401 3671 1483; x_wconf 58' lang='lat' dir='ltr'><strong>Dtvitque</strong></span> <span class='ocrx_word' id='word_1_410' title='bbox 3729 1402 3917 1470; x_wconf 78' lang='lat' dir='ltr'><strong>Iosue</strong></span> <span class='ocrx_word' id='word_1_411' title='bbox 3961 1404 4048 1470; x_wconf 79' lang='lat' dir='ltr'><strong>ad</strong></span> <span class='ocrx_word' id='word_1_412' title='bbox 4081 1405 4251 1486; x_wconf 70' lang='lat' dir='ltr'><strong>filios</strong></span> <span class='ocrx_word' id='word_1_413' title='bbox 4295 1406 4395 1472; x_wconf 83' lang='lat' dir='ltr'><strong>Is-</strong></span> 
     </span>
     <span class='ocr_line' id='line_1_63' title="bbox 2449 1483 4393 1559; baseline 0.005 -11"><span class='ocrx_word' id='word_1_414' title='bbox 2449 1483 2618 1549; x_wconf 78' lang='lat' dir='ltr'><strong>rael.-</strong></span> <span class='ocrx_word' id='word_1_415' title='bbox 2660 1483 2948 1549; x_wconf 74' lang='lat' dir='ltr'><strong>Accedite</strong></span> <span class='ocrx_word' id='word_1_416' title='bbox 2986 1483 3123 1559; x_wconf 73' lang='lat' dir='ltr'><strong>huo,</strong></span> <span class='ocrx_word' id='word_1_417' title='bbox 3166 1490 3221 1550; x_wconf 87' lang='lat' dir='ltr'><strong>et</strong></span> <span class='ocrx_word' id='word_1_418' title='bbox 3260 1487 3474 1552; x_wconf 76' lang='lat' dir='ltr'><strong>audite</strong></span> <span class='ocrx_word' id='word_1_419' title='bbox 3512 1486 3700 1555; x_wconf 80' lang='lat' dir='ltr'><strong>verba</strong></span> <span class='ocrx_word' id='word_1_420' title='bbox 3723 1488 3984 1555; x_wconf 72' lang='lat' dir='ltr'><strong>Iehovae</strong></span> <span class='ocrx_word' id='word_1_421' title='bbox 4015 1490 4145 1556; x_wconf 76' lang='lat' dir='ltr'><strong>Dei</strong></span> <span class='ocrx_word' id='word_1_422' title='bbox 4182 1493 4393 1557; x_wconf 62' lang='lat' dir='ltr'><strong>veen-i.</strong></span> 
     </span>
     <span class='ocr_line' id='line_1_64' title="bbox 2454 1568 4396 1658; baseline 0.005 -24"><span class='ocrx_word' id='word_1_423' title='bbox 2454 1569 2557 1635; x_wconf 91' lang='lat'><strong>10.</strong></span> <span class='ocrx_word' id='word_1_424' title='bbox 2622 1568 2815 1635; x_wconf 68' lang='lat' dir='ltr'><strong>Dixit</strong></span> <span class='ocrx_word' id='word_1_425' title='bbox 2853 1570 3001 1634; x_wconf 70' lang='lat' dir='ltr'><strong>item</strong></span> <span class='ocrx_word' id='word_1_426' title='bbox 3045 1569 3266 1636; x_wconf 77' lang='lat' dir='ltr'><strong>Iosue:</strong></span> <span class='ocrx_word' id='word_1_427' title='bbox 3323 1572 3411 1637; x_wconf 88' lang='lat' dir='ltr'><strong>In</strong></span> <span class='ocrx_word' id='word_1_428' title='bbox 3449 1572 3559 1640; x_wconf 78' lang='lat' dir='ltr'><strong>hoe</strong></span> <span class='ocrx_word' id='word_1_429' title='bbox 3600 1577 3969 1657; x_wconf 58' lang='lat' dir='ltr'><strong>coenose-etis</strong></span> <span class='ocrx_word' id='word_1_430' title='bbox 4007 1577 4174 1658; x_wconf 77' lang='lat' dir='ltr'><strong>quod</strong></span> <span class='ocrx_word' id='word_1_431' title='bbox 4213 1576 4396 1643; x_wconf 78' lang='lat' dir='ltr'><strong>Deus</strong></span> 
     </span>
     <span class='ocr_line' id='line_1_65' title="bbox 2446 1655 4396 1744; baseline 0.005 -25"><span class='ocrx_word' id='word_1_432' title='bbox 2446 1655 2662 1720; x_wconf 76' lang='lat' dir='ltr'><strong>vivens</strong></span> <span class='ocrx_word' id='word_1_433' title='bbox 2701 1658 2792 1720; x_wconf 80' lang='lat' dir='ltr'><strong>est</strong></span> <span class='ocrx_word' id='word_1_434' title='bbox 2833 1655 2902 1720; x_wconf 73' lang='lat' dir='ltr'><strong>in</strong></span> <span class='ocrx_word' id='word_1_435' title='bbox 2941 1655 3145 1722; x_wconf 74' lang='lat' dir='ltr'><strong>medio</strong></span> <span class='ocrx_word' id='word_1_436' title='bbox 3182 1659 3400 1736; x_wconf 74' lang='lat' dir='ltr'><strong>vestri,</strong></span> <span class='ocrx_word' id='word_1_437' title='bbox 3446 1664 3505 1724; x_wconf 88' lang='lat' dir='ltr'><strong>et</strong></span> <span class='ocrx_word' id='word_1_438' title='bbox 3543 1661 3709 1741; x_wconf 78' lang='lat' dir='ltr'><strong>qnod</strong></span> <span class='ocrx_word' id='word_1_439' title='bbox 4141 1661 4396 1744; x_wconf 64' lang='lat' dir='ltr'><strong>capella</strong></span> 
     </span>
     <span class='ocr_line' id='line_1_66' title="bbox 2447 1738 4394 1827; baseline 0.004 -22"><span class='ocrx_word' id='word_1_440' title='bbox 2447 1761 2492 1805; x_wconf 84' lang='lat' dir='ltr'><strong>a</strong></span> <span class='ocrx_word' id='word_1_441' title='bbox 2530 1739 2696 1822; x_wconf 74' lang='lat' dir='ltr'><strong>faeie</strong></span> <span class='ocrx_word' id='word_1_442' title='bbox 2734 1743 2941 1806; x_wconf 76' lang='lat' dir='ltr'><strong>vestra</strong></span> <span class='ocrx_word' id='word_1_443' title='bbox 2986 1738 3449 1824; x_wconf 72' lang='lat' dir='ltr'><strong>OEananaeam,</strong></span> <span class='ocrx_word' id='word_1_444' title='bbox 3505 1744 3874 1812; x_wconf 71' lang='lat' dir='ltr'><strong>Hitthaeum</strong></span> <span class='ocrx_word' id='word_1_445' title='bbox 3890 1794 3906 1822; x_wconf 89' lang='lat'>‚</span> <span class='ocrx_word' id='word_1_446' title='bbox 3959 1752 4017 1811; x_wconf 87' lang='lat' dir='ltr'><strong>et</strong></span> <span class='ocrx_word' id='word_1_447' title='bbox 4057 1746 4394 1827; x_wconf 76' lang='lat' dir='ltr'><strong>Hivaeum,</strong></span> 
     </span>
     <span class='ocr_line' id='line_1_67' title="bbox 2447 1824 4397 1913; baseline 0.006 -24"><span class='ocrx_word' id='word_1_448' title='bbox 2447 1828 2504 1890; x_wconf 86' lang='lat' dir='ltr'><strong>et</strong></span> <span class='ocrx_word' id='word_1_449' title='bbox 2560 1824 2998 1903; x_wconf 67' lang='lat' dir='ltr'><strong>Pherisaaam,</strong></span> <span class='ocrx_word' id='word_1_450' title='bbox 3063 1832 3119 1894; x_wconf 84' lang='lat' dir='ltr'><strong>et</strong></span> <span class='ocrx_word' id='word_1_451' title='bbox 3179 1827 3620 1913; x_wconf 73' lang='lat' dir='ltr'><strong>Geryesaeum,</strong></span> <span class='ocrx_word' id='word_1_452' title='bbox 3685 1836 3746 1897; x_wconf 79' lang='lat' dir='ltr'><strong>et</strong></span> <span class='ocrx_word' id='word_1_453' title='bbox 3794 1832 4280 1910; x_wconf 66' lang='lat' dir='ltr'><strong>Ama-rhamno,</strong></span> <span class='ocrx_word' id='word_1_454' title='bbox 4340 1838 4397 1899; x_wconf 87' lang='lat' dir='ltr'><strong>et</strong></span> 
     </span>
     <span class='ocr_line' id='line_1_68' title="bbox 2450 1909 4396 1998; baseline 0.005 -24"><span class='ocrx_word' id='word_1_455' title='bbox 2450 1909 2841 1977; x_wconf 66' lang='lat' dir='ltr'><strong>Iebusaoeom.</strong></span> <span class='ocrx_word' id='word_1_456' title='bbox 2931 1912 3032 1977; x_wconf 93' lang='grc'><strong>11.</strong></span> <span class='ocrx_word' id='word_1_457' title='bbox 3099 1912 3260 1980; x_wconf 79' lang='lat' dir='ltr'><strong>Eece</strong></span> <span class='ocrx_word' id='word_1_458' title='bbox 3300 1935 3454 1981; x_wconf 84' lang='lat' dir='ltr'><strong>arca</strong></span> <span class='ocrx_word' id='word_1_459' title='bbox 3492 1916 3764 1998; x_wconf 74' lang='lat' dir='ltr'><strong>foederis</strong></span> <span class='ocrx_word' id='word_1_460' title='bbox 3803 1918 4214 1985; x_wconf 74' lang='lat' dir='ltr'><strong>dominatoris</strong></span> <span class='ocrx_word' id='word_1_461' title='bbox 4253 1920 4396 1984; x_wconf 73' lang='lat' dir='ltr'><strong>uni-</strong></span> 
     </span>
     <span class='ocr_line' id='line_1_69' title="bbox 2445 1997 4396 2083; baseline 0.004 -20"><span class='ocrx_word' id='word_1_462' title='bbox 2445 2016 2664 2063; x_wconf 79' lang='lat' dir='ltr'><strong>versae</strong></span> <span class='ocrx_word' id='word_1_463' title='bbox 2685 2001 2884 2062; x_wconf 73' lang='lat' dir='ltr'><strong>terrae</strong></span> <span class='ocrx_word' id='word_1_464' title='bbox 2903 1997 3198 2064; x_wconf 77' lang='lat' dir='ltr'><strong>transibit</strong></span> <span class='ocrx_word' id='word_1_465' title='bbox 3215 2004 3360 2066; x_wconf 64' lang='lat' dir='ltr'><strong>mute</strong></span> <span class='ocrx_word' id='word_1_466' title='bbox 3376 2020 3490 2067; x_wconf 81' lang='lat' dir='ltr'><strong>vos</strong></span> <span class='ocrx_word' id='word_1_467' title='bbox 3503 2022 3619 2083; x_wconf 83' lang='lat' dir='ltr'><strong>per</strong></span> <span class='ocrx_word' id='word_1_468' title='bbox 3641 2003 3998 2069; x_wconf 75' lang='lat' dir='ltr'><strong>Iordanem.</strong></span> <span class='ocrx_word' id='word_1_469' title='bbox 4058 2004 4158 2070; x_wconf 83' lang='lat'><strong>12.</strong></span> <span class='ocrx_word' id='word_1_470' title='bbox 4208 2004 4396 2072; x_wconf 78' lang='lat' dir='ltr'><strong>Nune</strong></span> 
     </span>
     <span class='ocr_line' id='line_1_70' title="bbox 2447 2081 4396 2172; baseline 0.005 -26"><span class='ocrx_word' id='word_1_471' title='bbox 2447 2103 2592 2166; x_wconf 70' lang='lat' dir='ltr'><strong>erqo</strong></span> <span class='ocrx_word' id='word_1_472' title='bbox 2652 2081 2844 2148; x_wconf 78' lang='lat' dir='ltr'><strong>tollite</strong></span> <span class='ocrx_word' id='word_1_473' title='bbox 2906 2083 3075 2149; x_wconf 75' lang='lat' dir='ltr'><strong>vobis</strong></span> <span class='ocrx_word' id='word_1_474' title='bbox 3135 2085 3457 2152; x_wconf 68' lang='lat' dir='ltr'><strong>duodecim</strong></span> <span class='ocrx_word' id='word_1_475' title='bbox 3518 2088 3689 2153; x_wconf 79' lang='lat' dir='ltr'><strong>viros</strong></span> <span class='ocrx_word' id='word_1_476' title='bbox 3743 2110 3777 2154; x_wconf 89' lang='lat' dir='ltr'><strong>e</strong></span> <span class='ocrx_word' id='word_1_477' title='bbox 3829 2088 4107 2155; x_wconf 54' lang='lat' dir='ltr'><strong>&amp;rutubus</strong></span> <span class='ocrx_word' id='word_1_478' title='bbox 4171 2089 4396 2172; x_wconf 73' lang='lat' dir='ltr'><strong>Israel,</strong></span> 
     </span>
     <span class='ocr_line' id='line_1_71' title="bbox 2446 2166 4406 2274; baseline 0.005 -42"><span class='ocrx_word' id='word_1_479' title='bbox 2446 2166 2731 2266; x_wconf 61' lang='lat' dir='ltr'><strong>singulos</strong></span> <span class='ocrx_word' id='word_1_480' title='bbox 2759 2188 2884 2249; x_wconf 75' lang='lat' dir='ltr'><strong>per</strong></span> <span class='ocrx_word' id='word_1_481' title='bbox 2921 2168 3207 2253; x_wconf 63' lang='lat' dir='ltr'><strong>simulas</strong></span> <span class='ocrx_word' id='word_1_482' title='bbox 3245 2170 3466 2241; x_wconf 64' lang='lat' dir='ltr'><strong>mm.</strong></span> <span class='ocrx_word' id='word_1_483' title='bbox 3557 2173 3655 2238; x_wconf 86' lang='lat'><strong>13.</strong></span> <span class='ocrx_word' id='word_1_484' title='bbox 3731 2174 3937 2256; x_wconf 77' lang='lat' dir='ltr'><strong>Quum</strong></span> <span class='ocrx_word' id='word_1_485' title='bbox 3979 2180 4185 2274; x_wconf 75' lang='lat' dir='ltr'><strong>autem</strong></span> <span class='ocrx_word' id='word_1_486' title='bbox 4226 2178 4406 2258; x_wconf 79' lang='lat' dir='ltr'><strong>quie-</strong></span> 
     </span>
     <span class='ocr_line' id='line_1_72' title="bbox 2447 2254 4398 2428; baseline 0.005 -24"><span class='ocrx_word' id='word_1_487' title='bbox 2447 2254 3517 2440; x_wconf 50' lang='lat' dir='ltr'><strong>fflmfflenm</strong></span> <span class='ocrx_word' id='word_1_488' title='bbox 3535 2281 3842 2411; x_wconf 68' lang='lat' dir='ltr'><strong>ten-aspin</strong></span> <span class='ocrx_word' id='word_1_489' title='bbox 3861 2348 4050 2428; x_wconf 77' lang='lat' dir='ltr'><strong>aquis</strong></span> <span class='ocrx_word' id='word_1_490' title='bbox 4072 2280 4398 2427; x_wconf 55' lang='lat' dir='ltr'><strong>Imm</strong></span> 
     </span>
     <span class='ocr_line' id='line_1_73' title="bbox 2450 2424 4400 2523; baseline 0.005 -36"><span class='ocrx_word' id='word_1_491' title='bbox 2450 2444 2654 2523; x_wconf 65' lang='lat' dir='ltr'><strong>aquae</strong></span> <span class='ocrx_word' id='word_1_492' title='bbox 2675 2424 2980 2491; x_wconf 66' lang='lat' dir='ltr'><strong>Iordanu-</strong></span> <span class='ocrx_word' id='word_1_493' title='bbox 3001 2429 3461 2509; x_wconf 60' lang='lat' dir='ltr'><strong>uate-ementur,</strong></span> <span class='ocrx_word' id='word_1_494' title='bbox 3486 2436 3542 2496; x_wconf 79' lang='lat' dir='ltr'><strong>et</strong></span> <span class='ocrx_word' id='word_1_495' title='bbox 3562 2450 3768 2514; x_wconf 78' lang='lat' dir='ltr'><strong>aquae</strong></span> <span class='ocrx_word' id='word_1_496' title='bbox 3787 2450 4051 2515; x_wconf 76' lang='lat' dir='ltr'><strong>superne</strong></span> <span class='ocrx_word' id='word_1_497' title='bbox 4072 2437 4123 2509; x_wconf 91' lang='lat'><strong>¹)</strong></span> <span class='ocrx_word' id='word_1_498' title='bbox 4138 2433 4400 2512; x_wconf 76' lang='lat' dir='ltr'><strong>fluentes</strong></span> 
     </span>
     <span class='ocr_line' id='line_1_74' title="bbox 2448 2512 3323 2580; baseline 0.005 -4"><span class='ocrx_word' id='word_1_499' title='bbox 2448 2514 2775 2577; x_wconf 62' lang='lat' dir='ltr'><strong>consistent</strong></span> <span class='ocrx_word' id='word_1_500' title='bbox 2816 2512 2886 2575; x_wconf 71' lang='lat' dir='ltr'><strong>in</strong></span> <span class='ocrx_word' id='word_1_501' title='bbox 2929 2531 3142 2578; x_wconf 82' lang='lat' dir='ltr'><strong>acervo</strong></span> <span class='ocrx_word' id='word_1_502' title='bbox 3180 2533 3323 2580; x_wconf 79' lang='lat' dir='ltr'><strong>uno.</strong></span> 
     </span>
    </p>
   </div>
   <div class='ocr_carea' id='block_1_11' title="bbox 2441 2681 4400 5259">
    <p class='ocr_par' dir='ltr' id='par_1_14' title="bbox 2441 2681 4400 5001">
     <span class='ocr_line' id='line_1_75' title="bbox 2622 2681 4400 2772; baseline 0.003 -25"><span class='ocrx_word' id='word_1_503' title='bbox 2622 2682 2680 2746; x_wconf 90' lang='lat'><strong>1.</strong></span> <span class='ocrx_word' id='word_1_504' title='bbox 2747 2681 3043 2750; x_wconf 60' lang='lat' dir='ltr'><strong>Smait</strong></span> <span class='ocrx_word' id='word_1_505' title='bbox 3110 2704 3308 2751; x_wconf 83' lang='lat' dir='ltr'><strong>mane.</strong></span> <span class='ocrx_word' id='word_1_506' title='bbox 3398 2685 3782 2753; x_wconf 77' lang='lat' dir='ltr'><strong>Tenendum</strong></span> <span class='ocrx_word' id='word_1_507' title='bbox 3843 2696 3947 2755; x_wconf 91' lang='lat' dir='ltr'><strong>est</strong></span> <span class='ocrx_word' id='word_1_508' title='bbox 4010 2686 4181 2772; x_wconf 89' lang='lat' dir='ltr'><strong>quod</strong></span> <span class='ocrx_word' id='word_1_509' title='bbox 4245 2696 4400 2753; x_wconf 83' lang='lat' dir='ltr'><strong>ante</strong></span> 
     </span>
     <span class='ocr_line' id='line_1_76' title="bbox 2448 2765 4398 2858; baseline 0.004 -26"><span class='ocrx_word' id='word_1_510' title='bbox 2448 2765 2640 2834; x_wconf 89' lang='lat' dir='ltr'><strong>docui</strong></span> <span class='ocrx_word' id='word_1_511' title='bbox 2654 2818 2671 2847; x_wconf 91' lang='lat'><strong>,</strong></span> <span class='ocrx_word' id='word_1_512' title='bbox 2730 2767 2994 2835; x_wconf 88' lang='lat' dir='ltr'><strong>Iosuam</strong></span> <span class='ocrx_word' id='word_1_513' title='bbox 3048 2779 3266 2837; x_wconf 76' lang='lat' dir='ltr'><strong>castra</strong></span> <span class='ocrx_word' id='word_1_514' title='bbox 3322 2790 3458 2836; x_wconf 93' lang='lat' dir='ltr'><strong>non</strong></span> <span class='ocrx_word' id='word_1_515' title='bbox 3513 2773 3801 2840; x_wconf 82' lang='lat' dir='ltr'><strong>movisse</strong></span> <span class='ocrx_word' id='word_1_516' title='bbox 3849 2771 4157 2858; x_wconf 89' lang='lat' dir='ltr'><strong>postridie</strong></span> <span class='ocrx_word' id='word_1_517' title='bbox 4199 2794 4398 2857; x_wconf 85' lang='lat' dir='ltr'><strong>quam</strong></span> 
     </span>
     <span class='ocr_line' id='line_1_77' title="bbox 2446 2854 4396 2943; baseline 0.003 -24"><span class='ocrx_word' id='word_1_518' title='bbox 2446 2854 2695 2921; x_wconf 78' lang='lat' dir='ltr'><strong>reversi</strong></span> <span class='ocrx_word' id='word_1_519' title='bbox 2752 2854 3026 2920; x_wconf 83' lang='lat' dir='ltr'><strong>fuerunt</strong></span> <span class='ocrx_word' id='word_1_520' title='bbox 3079 2858 3548 2938; x_wconf 77' lang='lat' dir='ltr'><strong>speculatores:</strong></span> <span class='ocrx_word' id='word_1_521' title='bbox 3607 2858 3723 2926; x_wconf 90' lang='lat' dir='ltr'><strong>sed</strong></span> <span class='ocrx_word' id='word_1_522' title='bbox 3764 2859 3924 2943; x_wconf 88' lang='lat' dir='ltr'><strong>ipsis</strong></span> <span class='ocrx_word' id='word_1_523' title='bbox 3967 2857 4237 2924; x_wconf 89' lang='lat' dir='ltr'><strong>demum</strong></span> <span class='ocrx_word' id='word_1_524' title='bbox 4280 2881 4396 2925; x_wconf 88' lang='lat' dir='ltr'><strong>au-</strong></span> 
     </span>
     <span class='ocr_line' id='line_1_78' title="bbox 2447 2938 4398 3031; baseline 0.003 -27"><span class='ocrx_word' id='word_1_525' title='bbox 2447 2938 2600 3005; x_wconf 81' lang='lat' dir='ltr'><strong>ditis</strong></span> <span class='ocrx_word' id='word_1_526' title='bbox 2618 2990 2635 3021; x_wconf 89' lang='lat'><strong>,</strong></span> <span class='ocrx_word' id='word_1_527' title='bbox 2691 2939 3038 3007; x_wconf 86' lang='lat' dir='ltr'><strong>mandasse</strong></span> <span class='ocrx_word' id='word_1_528' title='bbox 3083 2961 3203 3024; x_wconf 89' lang='lat' dir='ltr'><strong>per</strong></span> <span class='ocrx_word' id='word_1_529' title='bbox 3260 2944 3617 3026; x_wconf 83' lang='lat' dir='ltr'><strong>praefectos</strong></span> <span class='ocrx_word' id='word_1_530' title='bbox 3657 2952 3737 3010; x_wconf 92' lang='lat' dir='ltr'><strong>ut</strong></span> <span class='ocrx_word' id='word_1_531' title='bbox 3777 2964 3940 3012; x_wconf 78' lang='lat' dir='ltr'><strong>vasa</strong></span> <span class='ocrx_word' id='word_1_532' title='bbox 3995 2943 4398 3031; x_wconf 80' lang='lat' dir='ltr'><strong>colligerent,</strong></span> 
     </span>
     <span class='ocr_line' id='line_1_79' title="bbox 2447 3025 4398 3115; baseline 0.004 -26"><span class='ocrx_word' id='word_1_533' title='bbox 2447 3026 2600 3109; x_wconf 89' lang='lat' dir='ltr'><strong>quia</strong></span> <span class='ocrx_word' id='word_1_534' title='bbox 2656 3025 2876 3092; x_wconf 89' lang='lat' dir='ltr'><strong>triduo</strong></span> <span class='ocrx_word' id='word_1_535' title='bbox 2931 3033 3083 3111; x_wconf 86' lang='lat' dir='ltr'><strong>post</strong></span> <span class='ocrx_word' id='word_1_536' title='bbox 3126 3030 3469 3096; x_wconf 89' lang='lat' dir='ltr'><strong>transituri</strong></span> <span class='ocrx_word' id='word_1_537' title='bbox 3513 3039 3705 3097; x_wconf 89' lang='lat' dir='ltr'><strong>erant</strong></span> <span class='ocrx_word' id='word_1_538' title='bbox 3761 3029 4126 3097; x_wconf 87' lang='lat' dir='ltr'><strong>Iordanem.</strong></span> <span class='ocrx_word' id='word_1_539' title='bbox 4216 3032 4398 3115; x_wconf 87' lang='lat' dir='ltr'><strong>Ergo</strong></span> 
     </span>
     <span class='ocr_line' id='line_1_80' title="bbox 2446 3110 4398 3201; baseline 0.002 -25"><span class='ocrx_word' id='word_1_540' title='bbox 2446 3110 2617 3195; x_wconf 86' lang='lat' dir='ltr'><strong>quod</strong></span> <span class='ocrx_word' id='word_1_541' title='bbox 2679 3132 2873 3178; x_wconf 83' lang='lat' dir='ltr'><strong>mane</strong></span> <span class='ocrx_word' id='word_1_542' title='bbox 2949 3115 3236 3180; x_wconf 82' lang='lat' dir='ltr'><strong>surrexit</strong></span> <span class='ocrx_word' id='word_1_543' title='bbox 3300 3135 3433 3181; x_wconf 89' lang='lat' dir='ltr'><strong>non</strong></span> <span class='ocrx_word' id='word_1_544' title='bbox 3508 3117 3792 3182; x_wconf 82' lang='lat' dir='ltr'><strong>refertur</strong></span> <span class='ocrx_word' id='word_1_545' title='bbox 3869 3116 4252 3201; x_wconf 86' lang='lat' dir='ltr'><strong>simpliciter</strong></span> <span class='ocrx_word' id='word_1_546' title='bbox 4311 3115 4398 3181; x_wconf 88' lang='lat' dir='ltr'><strong>ad</strong></span> 
     </span>
     <span class='ocr_line' id='line_1_81' title="bbox 2446 3198 4393 3287; baseline 0.002 -24"><span class='ocrx_word' id='word_1_547' title='bbox 2446 3217 2672 3263; x_wconf 91' lang='lat' dir='ltr'><strong>eorum</strong></span> <span class='ocrx_word' id='word_1_548' title='bbox 2707 3198 3011 3279; x_wconf 86' lang='lat' dir='ltr'><strong>reditum,</strong></span> <span class='ocrx_word' id='word_1_549' title='bbox 3044 3199 3160 3264; x_wconf 89' lang='lat' dir='ltr'><strong>sed</strong></span> <span class='ocrx_word' id='word_1_550' title='bbox 3192 3202 3415 3283; x_wconf 89' lang='lat' dir='ltr'><strong>potius</strong></span> <span class='ocrx_word' id='word_1_551' title='bbox 3444 3201 3525 3267; x_wconf 89' lang='lat' dir='ltr'><strong>ad</strong></span> <span class='ocrx_word' id='word_1_552' title='bbox 3559 3200 4145 3287; x_wconf 79' lang='lat' dir='ltr'><strong>promulgationem</strong></span> <span class='ocrx_word' id='word_1_553' title='bbox 4179 3201 4393 3270; x_wconf 90' lang='lat' dir='ltr'><strong>edicti.</strong></span> 
     </span>
     <span class='ocr_line' id='line_1_82' title="bbox 2447 3283 4392 3371; baseline 0.002 -22"><span class='ocrx_word' id='word_1_554' title='bbox 2447 3283 2695 3349; x_wconf 77' lang='lat' dir='ltr'><strong>Triduo</strong></span> <span class='ocrx_word' id='word_1_555' title='bbox 2728 3285 3066 3368; x_wconf 87' lang='lat' dir='ltr'><strong>completo,</strong></span> <span class='ocrx_word' id='word_1_556' title='bbox 3104 3307 3334 3354; x_wconf 90' lang='lat' dir='ltr'><strong>rursus</strong></span> <span class='ocrx_word' id='word_1_557' title='bbox 3368 3307 3486 3371; x_wconf 91' lang='lat' dir='ltr'><strong>per</strong></span> <span class='ocrx_word' id='word_1_558' title='bbox 3517 3298 3731 3354; x_wconf 85' lang='lat' dir='ltr'><strong>castra</strong></span> <span class='ocrx_word' id='word_1_559' title='bbox 3764 3288 3985 3355; x_wconf 90' lang='lat' dir='ltr'><strong>emissi</strong></span> <span class='ocrx_word' id='word_1_560' title='bbox 4018 3297 4176 3354; x_wconf 90' lang='lat' dir='ltr'><strong>sunt</strong></span> <span class='ocrx_word' id='word_1_561' title='bbox 4210 3308 4392 3371; x_wconf 86' lang='lat' dir='ltr'><strong>prae-</strong></span> 
     </span>
     <span class='ocr_line' id='line_1_83' title="bbox 2447 3369 4396 3458; baseline 0.003 -24"><span class='ocrx_word' id='word_1_562' title='bbox 2447 3369 2620 3449; x_wconf 82' lang='lat' dir='ltr'><strong>fecti,</strong></span> <span class='ocrx_word' id='word_1_563' title='bbox 2664 3370 2778 3452; x_wconf 91' lang='lat' dir='ltr'><strong>qui</strong></span> <span class='ocrx_word' id='word_1_564' title='bbox 2821 3369 2903 3435; x_wconf 90' lang='lat' dir='ltr'><strong>de</strong></span> <span class='ocrx_word' id='word_1_565' title='bbox 2944 3370 3140 3437; x_wconf 89' lang='lat' dir='ltr'><strong>modo</strong></span> <span class='ocrx_word' id='word_1_566' title='bbox 3195 3373 3601 3440; x_wconf 86' lang='lat' dir='ltr'><strong>traiectionis</strong></span> <span class='ocrx_word' id='word_1_567' title='bbox 3655 3374 3972 3458; x_wconf 91' lang='lat' dir='ltr'><strong>populum</strong></span> <span class='ocrx_word' id='word_1_568' title='bbox 4030 3393 4396 3440; x_wconf 88' lang='lat' dir='ltr'><strong>commone-</strong></span> 
     </span>
     <span class='ocr_line' id='line_1_84' title="bbox 2446 3454 4393 3542; baseline 0.002 -21"><span class='ocrx_word' id='word_1_569' title='bbox 2446 3457 2755 3522; x_wconf 81' lang='lat' dir='ltr'><strong>facerent.</strong></span> <span class='ocrx_word' id='word_1_570' title='bbox 2843 3454 3031 3523; x_wconf 87' lang='lat' dir='ltr'><strong>Haeo</strong></span> <span class='ocrx_word' id='word_1_571' title='bbox 3075 3459 3377 3541; x_wconf 81' lang='lat' dir='ltr'><strong>quamvis</strong></span> <span class='ocrx_word' id='word_1_572' title='bbox 3426 3460 3705 3542; x_wconf 87' lang='lat' dir='ltr'><strong>sparsim</strong></span> <span class='ocrx_word' id='word_1_573' title='bbox 3755 3467 4111 3526; x_wconf 89' lang='lat' dir='ltr'><strong>narrentur</strong></span> <span class='ocrx_word' id='word_1_574' title='bbox 4126 3509 4142 3537; x_wconf 94' lang='lat'><strong>,</strong></span> <span class='ocrx_word' id='word_1_575' title='bbox 4202 3458 4393 3525; x_wconf 84' lang='lat' dir='ltr'><strong>facile</strong></span> 
     </span>
     <span class='ocr_line' id='line_1_85' title="bbox 2447 3544 4324 3628; baseline 0.002 -21"><span class='ocrx_word' id='word_1_576' title='bbox 2447 3550 2670 3607; x_wconf 89' lang='lat' dir='ltr'><strong>tamen</strong></span> <span class='ocrx_word' id='word_1_577' title='bbox 2726 3550 2830 3608; x_wconf 92' lang='lat' dir='ltr'><strong>est</strong></span> <span class='ocrx_word' id='word_1_578' title='bbox 2883 3551 3233 3609; x_wconf 87' lang='lat' dir='ltr'><strong>contexere</strong></span> <span class='ocrx_word' id='word_1_579' title='bbox 3296 3544 3609 3611; x_wconf 88' lang='lat' dir='ltr'><strong>historiae</strong></span> <span class='ocrx_word' id='word_1_580' title='bbox 3690 3545 3894 3612; x_wconf 87' lang='lat' dir='ltr'><strong>filum.</strong></span> <span class='ocrx_word' id='word_1_581' title='bbox 4012 3547 4324 3628; x_wconf 84' lang='lat' dir='ltr'><strong>Antequa</strong></span> 
     </span>
     <span class='ocr_line' id='line_1_86' title="bbox 2446 3568 4392 3727; baseline 0.001 -34"><span class='ocrx_word' id='word_1_582' title='bbox 2446 3647 2607 3693; x_wconf 78' lang='lat' dir='ltr'><strong>vero</strong></span> <span class='ocrx_word' id='word_1_583' title='bbox 2671 3629 2889 3711; x_wconf 86' lang='lat' dir='ltr'><strong>palam</strong></span> <span class='ocrx_word' id='word_1_584' title='bbox 2943 3629 3162 3709; x_wconf 90' lang='lat' dir='ltr'><strong>fieret,</strong></span> <span class='ocrx_word' id='word_1_585' title='bbox 3227 3650 3359 3713; x_wconf 89' lang='lat' dir='ltr'><strong>qua</strong></span> <span class='ocrx_word' id='word_1_586' title='bbox 3411 3632 3666 3697; x_wconf 88' lang='lat' dir='ltr'><strong>ratione</strong></span> <span class='ocrx_word' id='word_1_587' title='bbox 3719 3568 4392 3727; x_wconf 48' lang='lat' dir='ltr'><strong>mtefactufflssss</strong></span> 
     </span>
     <span class='ocr_line' id='line_1_87' title="bbox 2448 3713 4394 3801; baseline 0.001 -20"><span class='ocrx_word' id='word_1_588' title='bbox 2448 3722 2625 3781; x_wconf 86' lang='lat' dir='ltr'><strong>esset</strong></span> <span class='ocrx_word' id='word_1_589' title='bbox 2666 3713 2944 3800; x_wconf 80' lang='lat' dir='ltr'><strong>popule,</strong></span> <span class='ocrx_word' id='word_1_590' title='bbox 2989 3714 3341 3781; x_wconf 86' lang='lat' dir='ltr'><strong>multitudo</strong></span> <span class='ocrx_word' id='word_1_591' title='bbox 3384 3717 3466 3781; x_wconf 92' lang='lat' dir='ltr'><strong>ad</strong></span> <span class='ocrx_word' id='word_1_592' title='bbox 3503 3718 3717 3801; x_wconf 88' lang='lat' dir='ltr'><strong>ripam</strong></span> <span class='ocrx_word' id='word_1_593' title='bbox 3757 3717 4052 3782; x_wconf 87' lang='lat' dir='ltr'><strong>fluminis</strong></span> <span class='ocrx_word' id='word_1_594' title='bbox 4091 3717 4394 3798; x_wconf 79' lang='lat' dir='ltr'><strong>exposita</strong></span> 
     </span>
     <span class='ocr_line' id='line_1_88' title="bbox 2448 3799 4396 3888; baseline 0.001 -23"><span class='ocrx_word' id='word_1_595' title='bbox 2448 3799 2897 3866; x_wconf 87' lang='lat' dir='ltr'><strong>tumultuandi</strong></span> <span class='ocrx_word' id='word_1_596' title='bbox 2948 3821 3215 3867; x_wconf 86' lang='lat' dir='ltr'><strong>oausam</strong></span> <span class='ocrx_word' id='word_1_597' title='bbox 3272 3801 3520 3869; x_wconf 88' lang='lat' dir='ltr'><strong>habuit.</strong></span> <span class='ocrx_word' id='word_1_598' title='bbox 3608 3801 3820 3869; x_wconf 86' lang='lat' dir='ltr'><strong>Vadis</strong></span> <span class='ocrx_word' id='word_1_599' title='bbox 3864 3802 4130 3888; x_wconf 86' lang='lat' dir='ltr'><strong>quidem</strong></span> <span class='ocrx_word' id='word_1_600' title='bbox 4173 3799 4396 3867; x_wconf 89' lang='lat' dir='ltr'><strong>Iorda-</strong></span> 
     </span>
     <span class='ocr_line' id='line_1_89' title="bbox 2446 3885 4390 3973; baseline -0.001 -21"><span class='ocrx_word' id='word_1_601' title='bbox 2446 3887 2554 3952; x_wconf 89' lang='lat' dir='ltr'><strong>nis</strong></span> <span class='ocrx_word' id='word_1_602' title='bbox 2595 3885 3057 3954; x_wconf 86' lang='lat' dir='ltr'><strong>traiioiebatur.</strong></span> <span class='ocrx_word' id='word_1_603' title='bbox 3145 3886 3398 3952; x_wconf 88' lang='lat' dir='ltr'><strong>Verum</strong></span> <span class='ocrx_word' id='word_1_604' title='bbox 3443 3904 3599 3954; x_wconf 85' lang='lat' dir='ltr'><strong>tuno</strong></span> <span class='ocrx_word' id='word_1_605' title='bbox 3660 3889 4115 3960; x_wconf 86' lang='lat' dir='ltr'><strong>intumuerant</strong></span> <span class='ocrx_word' id='word_1_606' title='bbox 4165 3906 4390 3973; x_wconf 88' lang='lat' dir='ltr'><strong>aquae,</strong></span> 
     </span>
     <span class='ocr_line' id='line_1_90' title="bbox 2447 3971 4395 4058; baseline -0.001 -19"><span class='ocrx_word' id='word_1_607' title='bbox 2447 3982 2642 4056; x_wconf 85' lang='lat' dir='ltr'><strong>atque</strong></span> <span class='ocrx_word' id='word_1_608' title='bbox 2684 3971 3204 4050; x_wconf 76' lang='lat' dir='ltr'><strong>exundaverant,</strong></span> <span class='ocrx_word' id='word_1_609' title='bbox 3249 3981 3327 4038; x_wconf 91' lang='lat' dir='ltr'><strong>ut</strong></span> <span class='ocrx_word' id='word_1_610' title='bbox 3359 3976 3708 4040; x_wconf 88' lang='lat' dir='ltr'><strong>transitum</strong></span> <span class='ocrx_word' id='word_1_611' title='bbox 3742 3974 3934 4042; x_wconf 85' lang='lat' dir='ltr'><strong>facile</strong></span> <span class='ocrx_word' id='word_1_612' title='bbox 3969 3974 4395 4058; x_wconf 88' lang='lat' dir='ltr'><strong>prohiberent</strong></span> 
     </span>
     <span class='ocr_line' id='line_1_91' title="bbox 2446 4056 4392 4145; baseline -0.001 -19"><span class='ocrx_word' id='word_1_613' title='bbox 2446 4059 2553 4126; x_wconf 83' lang='lat' dir='ltr'><strong>vel</strong></span> <span class='ocrx_word' id='word_1_614' title='bbox 2612 4056 2939 4143; x_wconf 81' lang='lat' dir='ltr'><strong>expeditis</strong></span> <span class='ocrx_word' id='word_1_615' title='bbox 2987 4057 3379 4126; x_wconf 90' lang='lat' dir='ltr'><strong>hominibus.</strong></span> <span class='ocrx_word' id='word_1_616' title='bbox 3468 4058 3637 4144; x_wconf 81' lang='lat' dir='ltr'><strong>Spes</strong></span> <span class='ocrx_word' id='word_1_617' title='bbox 3692 4061 3912 4145; x_wconf 87' lang='lat' dir='ltr'><strong>itaque</strong></span> <span class='ocrx_word' id='word_1_618' title='bbox 3967 4059 4152 4126; x_wconf 87' lang='lat' dir='ltr'><strong>nulla</strong></span> <span class='ocrx_word' id='word_1_619' title='bbox 4192 4060 4392 4127; x_wconf 90' lang='lat' dir='ltr'><strong>daba-</strong></span> 
     </span>
     <span class='ocr_line' id='line_1_92' title="bbox 2446 4145 4392 4228; baseline 0 -18"><span class='ocrx_word' id='word_1_620' title='bbox 2446 4154 2574 4227; x_wconf 90' lang='lat' dir='ltr'><strong>tur,</strong></span> <span class='ocrx_word' id='word_1_621' title='bbox 2618 4145 2932 4211; x_wconf 90' lang='lat' dir='ltr'><strong>mulieres</strong></span> <span class='ocrx_word' id='word_1_622' title='bbox 2975 4154 3041 4209; x_wconf 92' lang='lat' dir='ltr'><strong>et</strong></span> <span class='ocrx_word' id='word_1_623' title='bbox 3083 4146 3394 4227; x_wconf 85' lang='lat' dir='ltr'><strong>parvulos</strong></span> <span class='ocrx_word' id='word_1_624' title='bbox 3449 4167 3600 4213; x_wconf 92' lang='lat' dir='ltr'><strong>cum</strong></span> <span class='ocrx_word' id='word_1_625' title='bbox 3645 4145 4034 4212; x_wconf 87' lang='lat' dir='ltr'><strong>animalibus</strong></span> <span class='ocrx_word' id='word_1_626' title='bbox 4075 4154 4144 4211; x_wconf 88' lang='lat' dir='ltr'><strong>et</strong></span> <span class='ocrx_word' id='word_1_627' title='bbox 4184 4146 4392 4228; x_wconf 86' lang='lat' dir='ltr'><strong>impe-</strong></span> 
     </span>
     <span class='ocr_line' id='line_1_93' title="bbox 2444 4229 4392 4317; baseline 0 -20"><span class='ocrx_word' id='word_1_628' title='bbox 2444 4230 2754 4298; x_wconf 90' lang='lat' dir='ltr'><strong>dimentis</strong></span> <span class='ocrx_word' id='word_1_629' title='bbox 2815 4229 3083 4314; x_wconf 90' lang='lat' dir='ltr'><strong>reliquis</strong></span> <span class='ocrx_word' id='word_1_630' title='bbox 3147 4251 3336 4314; x_wconf 90' lang='lat' dir='ltr'><strong>posse</strong></span> <span class='ocrx_word' id='word_1_631' title='bbox 3400 4233 3833 4317; x_wconf 87' lang='lat' dir='ltr'><strong>transportari</strong></span> <span class='ocrx_word' id='word_1_632' title='bbox 3888 4233 3956 4297; x_wconf 93' lang='lat' dir='ltr'><strong>in</strong></span> <span class='ocrx_word' id='word_1_633' title='bbox 4012 4230 4392 4297; x_wconf 88' lang='lat' dir='ltr'><strong>ulteriorem</strong></span> 
     </span>
     <span class='ocr_line' id='line_1_94' title="bbox 2441 4315 4396 4402; baseline 0 -20"><span class='ocrx_word' id='word_1_634' title='bbox 2441 4317 2677 4401; x_wconf 90' lang='lat' dir='ltr'><strong>ripam.</strong></span> <span class='ocrx_word' id='word_1_635' title='bbox 2763 4315 2956 4398; x_wconf 75' lang='lat' dir='ltr'><strong>Quod</strong></span> <span class='ocrx_word' id='word_1_636' title='bbox 3017 4323 3237 4382; x_wconf 89' lang='lat' dir='ltr'><strong>autem</strong></span> <span class='ocrx_word' id='word_1_637' title='bbox 3295 4316 3544 4382; x_wconf 86' lang='lat' dir='ltr'><strong>obiecta</strong></span> <span class='ocrx_word' id='word_1_638' title='bbox 3594 4317 4063 4402; x_wconf 89' lang='lat' dir='ltr'><strong>desperationis</strong></span> <span class='ocrx_word' id='word_1_639' title='bbox 4119 4319 4396 4382; x_wconf 83' lang='lat' dir='ltr'><strong>materia</strong></span> 
     </span>
     <span class='ocr_line' id='line_1_95' title="bbox 2444 4402 4391 4486; baseline -0.002 -17"><span class='ocrx_word' id='word_1_640' title='bbox 2444 4403 2715 4477; x_wconf 87' lang='lat' dir='ltr'><strong>dubium</strong></span> <span class='ocrx_word' id='word_1_641' title='bbox 2770 4411 2839 4468; x_wconf 91' lang='lat' dir='ltr'><strong>ct</strong></span> <span class='ocrx_word' id='word_1_642' title='bbox 2894 4402 3018 4469; x_wconf 90' lang='lat' dir='ltr'><strong>sibi</strong></span> <span class='ocrx_word' id='word_1_643' title='bbox 3074 4402 3799 4486; x_wconf 88' lang='lat' dir='ltr'><strong>incomprehensibilem</strong></span> <span class='ocrx_word' id='word_1_644' title='bbox 3855 4411 4162 4470; x_wconf 86' lang='lat' dir='ltr'><strong>eventum</strong></span> <span class='ocrx_word' id='word_1_645' title='bbox 4205 4402 4391 4468; x_wconf 90' lang='lat' dir='ltr'><strong>seda·</strong></span> 
     </span>
     <span class='ocr_line' id='line_1_96' title="bbox 2444 4487 4390 4571; baseline -0.001 -15"><span class='ocrx_word' id='word_1_646' title='bbox 2444 4490 2532 4556; x_wconf 88' lang='lat' dir='ltr'><strong>tis</strong></span> <span class='ocrx_word' id='word_1_647' title='bbox 2609 4488 2845 4555; x_wconf 90' lang='lat' dir='ltr'><strong>animis</strong></span> <span class='ocrx_word' id='word_1_648' title='bbox 2922 4494 3306 4571; x_wconf 83' lang='lat' dir='ltr'><strong>exspectant</strong></span> <span class='ocrx_word' id='word_1_649' title='bbox 3322 4538 3338 4567; x_wconf 93' lang='lat'><strong>,</strong></span> <span class='ocrx_word' id='word_1_650' title='bbox 3414 4508 3496 4554; x_wconf 81' lang='lat' dir='ltr'><strong>ex</strong></span> <span class='ocrx_word' id='word_1_651' title='bbox 3573 4489 3698 4557; x_wconf 88' lang='lat' dir='ltr'><strong>hac</strong></span> <span class='ocrx_word' id='word_1_652' title='bbox 3790 4489 3942 4555; x_wconf 89' lang='lat' dir='ltr'><strong>fidei</strong></span> <span class='ocrx_word' id='word_1_653' title='bbox 4021 4487 4390 4554; x_wconf 84' lang='lat' dir='ltr'><strong>obedientia</strong></span> 
     </span>
     <span class='ocr_line' id='line_1_97' title="bbox 2445 4572 4390 4676; baseline -0.001 -37"><span class='ocrx_word' id='word_1_654' title='bbox 2445 4583 2655 4676; x_wconf 70' lang='lat' dir='ltr'><strong>patet,</strong></span> <span class='ocrx_word' id='word_1_655' title='bbox 2738 4593 2938 4657; x_wconf 89' lang='lat' dir='ltr'><strong>quam</strong></span> <span class='ocrx_word' id='word_1_656' title='bbox 3002 4572 3353 4640; x_wconf 88' lang='lat' dir='ltr'><strong>dissimiles</strong></span> <span class='ocrx_word' id='word_1_657' title='bbox 3411 4574 3659 4675; x_wconf 60' lang='lat' dir='ltr'><strong>fuerint</strong></span> <span class='ocrx_word' id='word_1_658' title='bbox 3723 4576 4048 4660; x_wconf 88' lang='lat' dir='ltr'><strong>patribus,</strong></span> <span class='ocrx_word' id='word_1_659' title='bbox 4129 4573 4242 4674; x_wconf 71' lang='lat' dir='ltr'><strong>qui</strong></span> <span class='ocrx_word' id='word_1_660' title='bbox 4307 4572 4390 4638; x_wconf 90' lang='lat' dir='ltr'><strong>ad</strong></span> 
     </span>
     <span class='ocr_line' id='line_1_98' title="bbox 2443 4661 4390 4827; baseline -0.002 -14"><span class='ocrx_word' id='word_1_661' title='bbox 2443 4678 3169 4813; x_wconf 42' lang='lat' dir='ltr'><strong>enfi&#39;grlffiiaanntuguffl&#39;trqa</strong></span> <span class='ocrx_word' id='word_1_662' title='bbox 3225 4681 3590 4813; x_wconf 47' lang='lat' dir='ltr'><strong>nomme?</strong></span> <span class='ocrx_word' id='word_1_663' title='bbox 3603 4661 4390 4827; x_wconf 41' lang='grc' dir='ltr'><strong>Μὲοᾞῗιθξῗαοιῖῗιθὲ</strong></span> 
     </span>
     <span class='ocr_line' id='line_1_99' title="bbox 2442 4830 4389 4931; baseline -0.003 -33"><span class='ocrx_word' id='word_1_664' title='bbox 2442 4833 2534 4898; x_wconf 90' lang='lat' dir='ltr'><strong>tio</strong></span> <span class='ocrx_word' id='word_1_665' title='bbox 2597 4854 2731 4931; x_wconf 77' lang='lat' dir='ltr'><strong>non</strong></span> <span class='ocrx_word' id='word_1_666' title='bbox 2797 4830 3040 4915; x_wconf 84' lang='lat' dir='ltr'><strong>absque</strong></span> <span class='ocrx_word' id='word_1_667' title='bbox 3103 4831 3420 4917; x_wconf 82' lang='lat' dir='ltr'><strong>singulari</strong></span> <span class='ocrx_word' id='word_1_668' title='bbox 3487 4832 3762 4917; x_wconf 87' lang='lat' dir='ltr'><strong>spiritus</strong></span> <span class='ocrx_word' id='word_1_669' title='bbox 3825 4832 3954 4898; x_wconf 89' lang='lat' dir='ltr'><strong>Dei</strong></span> <span class='ocrx_word' id='word_1_670' title='bbox 4016 4840 4389 4914; x_wconf 77' lang='lat' dir='ltr'><strong>operatione</strong></span> 
     </span>
     <span class='ocr_line' id='line_1_100' title="bbox 2442 4919 2741 5001; baseline -0.003 -15"><span class='ocrx_word' id='word_1_671' title='bbox 2442 4919 2741 5001; x_wconf 75' lang='lat' dir='ltr'><strong>contigit.</strong></span> 
     </span>
    </p>

    <p class='ocr_par' dir='ltr' id='par_1_15' title="bbox 2441 4998 4391 5259">
     <span class='ocr_line' id='line_1_101' title="bbox 2613 4998 4391 5086; baseline -0.002 -16"><span class='ocrx_word' id='word_1_672' title='bbox 2613 5003 2675 5070; x_wconf 84' lang='lat'><strong>2.</strong></span> <span class='ocrx_word' id='word_1_673' title='bbox 2734 5002 2802 5069; x_wconf 83' lang='lat' dir='ltr'><strong><em>A</em></strong></span> <span class='ocrx_word' id='word_1_674' title='bbox 2829 5004 2953 5085; x_wconf 75' lang='lat' dir='ltr'><strong>fine</strong></span> <span class='ocrx_word' id='word_1_675' title='bbox 2983 5004 3182 5070; x_wconf 67' lang='lat' dir='ltr'><strong>trinam</strong></span> <span class='ocrx_word' id='word_1_676' title='bbox 3232 5005 3501 5071; x_wconf 73' lang='lat' dir='ltr'><strong>diermn.</strong></span> <span class='ocrx_word' id='word_1_677' title='bbox 3569 5004 3822 5086; x_wconf 88' lang='lat' dir='ltr'><strong>Nempe</strong></span> <span class='ocrx_word' id='word_1_678' title='bbox 3855 5024 3937 5068; x_wconf 86' lang='lat' dir='ltr'><strong>ex</strong></span> <span class='ocrx_word' id='word_1_679' title='bbox 3980 5022 4109 5086; x_wconf 91' lang='lat' dir='ltr'><strong>quo</strong></span> <span class='ocrx_word' id='word_1_680' title='bbox 4144 4998 4391 5067; x_wconf 87' lang='lat' dir='ltr'><strong>indicta</strong></span> 
     </span>
     <span class='ocr_line' id='line_1_102' title="bbox 2441 5086 4390 5175; baseline -0.002 -18"><span class='ocrx_word' id='word_1_681' title='bbox 2441 5091 2657 5157; x_wconf 78' lang='lat' dir='ltr'><strong>fuerat</strong></span> <span class='ocrx_word' id='word_1_682' title='bbox 2732 5090 3062 5172; x_wconf 84' lang='lat' dir='ltr'><strong>profectio.</strong></span> <span class='ocrx_word' id='word_1_683' title='bbox 3161 5090 3390 5175; x_wconf 89' lang='lat' dir='ltr'><strong>Neque</strong></span> <span class='ocrx_word' id='word_1_684' title='bbox 3462 5090 3637 5154; x_wconf 92' lang='lat' dir='ltr'><strong>enim</strong></span> <span class='ocrx_word' id='word_1_685' title='bbox 3705 5088 3790 5154; x_wconf 89' lang='lat' dir='ltr'><strong>ad</strong></span> <span class='ocrx_word' id='word_1_686' title='bbox 3853 5089 4065 5171; x_wconf 84' lang='lat' dir='ltr'><strong>ripam</strong></span> <span class='ocrx_word' id='word_1_687' title='bbox 4144 5086 4390 5154; x_wconf 85' lang='lat' dir='ltr'><strong>diutius</strong></span> 
     </span>
     <span class='ocr_line' id='line_1_103' title="bbox 2444 5170 4387 5259; baseline -0.002 -17"><span class='ocrx_word' id='word_1_688' title='bbox 2444 5196 2575 5242; x_wconf 91' lang='lat' dir='ltr'><strong>una</strong></span> <span class='ocrx_word' id='word_1_689' title='bbox 2635 5183 2822 5242; x_wconf 90' lang='lat' dir='ltr'><strong>nocte</strong></span> <span class='ocrx_word' id='word_1_690' title='bbox 2884 5176 3342 5244; x_wconf 86' lang='lat' dir='ltr'><strong>substiterunt.</strong></span> <span class='ocrx_word' id='word_1_691' title='bbox 3432 5173 3566 5243; x_wconf 82' lang='lat' dir='ltr'><strong>Sed</strong></span> <span class='ocrx_word' id='word_1_692' title='bbox 3638 5177 3788 5259; x_wconf 89' lang='lat' dir='ltr'><strong>quia</strong></span> <span class='ocrx_word' id='word_1_693' title='bbox 3866 5184 4127 5258; x_wconf 90' lang='lat' dir='ltr'><strong>tempus</strong></span> <span class='ocrx_word' id='word_1_694' title='bbox 4184 5170 4387 5239; x_wconf 89' lang='lat' dir='ltr'><strong>tridui</strong></span> 
     </span>
    </p>
   </div>
   <div class='ocr_carea' id='block_1_12' title="bbox 2442 5297 2854 5309">
    <p class='ocr_par' dir='ltr' id='par_1_16' title="bbox 2442 5297 2854 5309">
     <span class='ocr_line' id='line_1_104' title="bbox 2442 5297 2854 5309; baseline 0 833"><span class='ocrx_word' id='word_1_695' title='bbox 2442 5297 2854 5309; x_wconf 95' lang='lat' dir='ltr'><strong> </strong></span> 
     </span>
    </p>
   </div>
   <div class='ocr_carea' id='block_1_13' title="bbox 2618 5362 4026 5434">
    <p class='ocr_par' dir='ltr' id='par_1_17' title="bbox 2618 5362 4026 5434">
     <span class='ocr_line' id='line_1_105' title="bbox 2618 5362 4026 5434; baseline 0.001 -18"><span class='ocrx_word' id='word_1_696' title='bbox 2618 5363 2676 5432; x_wconf 86' lang='lat'><strong>1)</strong></span> <span class='ocrx_word' id='word_1_697' title='bbox 2710 5362 2783 5417; x_wconf 84' lang='lat' dir='ltr'><strong>In</strong></span> <span class='ocrx_word' id='word_1_698' title='bbox 2818 5365 3091 5434; x_wconf 67' lang='lat' dir='ltr'><strong>momine:</strong></span> <span class='ocrx_word' id='word_1_699' title='bbox 3126 5365 3232 5432; x_wconf 80' lang='lat' dir='ltr'><strong>vel,</strong></span> <span class='ocrx_word' id='word_1_700' title='bbox 3270 5364 3519 5433; x_wconf 87' lang='lat' dir='ltr'><strong>desuper,</strong></span> <span class='ocrx_word' id='word_1_701' title='bbox 3556 5362 3662 5432; x_wconf 80' lang='lat' dir='ltr'><strong>vel,</strong></span> <span class='ocrx_word' id='word_1_702' title='bbox 3697 5362 3767 5416; x_wconf 90' lang='lat' dir='ltr'><strong>de</strong></span> <span class='ocrx_word' id='word_1_703' title='bbox 3801 5378 4026 5418; x_wconf 87' lang='lat' dir='ltr'><strong>sursum.</strong></span> 
     </span>
    </p>
   </div>
  </div>
 </body>
</html>
