5017 6142
436 446 568 514 469

434 657 570 704 non
615 643 715 703 est
754 636 929 720 ipsos
974 656 1242 719 operam
1284 634 1530 715 ludere,
1575 634 1772 702 fidem
1817 634 2014 702 verbo
2050 657 2172 702 suo
2206 657 2383 702 8880-

434 722 588 791 ruit.
671 722 902 789 Altera
943 722 1149 788 nihilo
1189 722 1464 788 inferior
1506 722 1738 800 virtus,
1784 722 1955 805 quod
2001 733 2221 807 spreto
2260 722 2387 787 illi-

433 810 560 875 cito
609 817 881 892 quaestu
896 858 914 890 ,
979 816 1183 873 totam
1227 807 1538 892 praedam
1581 807 1884 874 alacriter
1940 808 2384 892 perdiderunt.

432 895 663 979 Neque
718 893 892 961 enim
952 892 1221 960 dubium
1242 945 1257 971 ,
1314 895 1474 978 quin
1539 893 1767 959 multis
1832 892 2196 978 obrepserit
2258 894 2387 959 ista

433 980 775 1065 cogitatio,
832 999 1151 1064 quorsum
1194 978 1380 1046 Deus
1434 987 1652 1046 tantas
1706 1000 1863 1064 opes
1921 981 2136 1063 perire
2188 979 2381 1047 vult?

433 1088 553 1135 cur
596 1064 783 1132 nobis
825 1065 1084 1132 invidet
1126 1087 1292 1150 quae
1338 1066 1520 1131 dedit
1561 1066 1633 1130 in
1690 1066 2005 1131 manum?
2075 1087 2192 1132 cur
2248 1085 2383 1130 non

430 1154 652 1240 potius
696 1172 829 1218 non
875 1151 1221 1230 exhilarat,
1265 1161 1342 1217 ut
1382 1152 1729 1218 materiam
1771 1152 2138 1237 gratiarum
2184 1152 2383 1219 actio-

431 1240 537 1305 nis
580 1236 998 1322 suppeditet?
1086 1238 1268 1323 Ergo
1320 1236 1686 1303 rationibus
1741 1257 1907 1320 quae
1950 1239 2235 1304 officium
2279 1238 2382 1302 in-

430 1334 843 1407 terrumpere
893 1332 1227 1407 poterant,
1296 1324 1521 1390 valere
1573 1323 1800 1404 iussis,
1866 1323 2043 1389 ultro
2104 1323 2385 1390 abiicere

430 1432 599 1495 quae
641 1411 713 1475 in
757 1409 1055 1475 manibus
1099 1418 1288 1474 erant
1330 1409 1571 1493 spolia,
1630 1423 1699 1474 01
1740 1410 1921 1476 urbis
1964 1409 2164 1475 unius
2206 1430 2382 1493 opes,

431 1517 620 1563 rarae
663 1503 732 1561 et
773 1495 1054 1562 eximiae
1093 1495 1538 1562 continentiae
1580 1496 1724 1560 fuit.
1811 1494 2007 1577 Quod
2051 1495 2232 1561 nullo
2274 1515 2381 1561 ae-

431 1582 592 1649 tatis
635 1589 703 1649 et
745 1602 946 1648 sexus
989 1581 1367 1648 discrimine
1408 1591 1547 1647 tam
1589 1581 1869 1648 feminas
1904 1601 2103 1665 quam
2147 1601 2383 1665 pueros

428 1668 718 1734 infantes
740 1688 816 1734 ac
838 1688 1028 1734 senes
1049 1667 1183 1733 iam
1220 1666 1498 1734 caducos
1533 1674 1600 1733 et
1632 1666 1997 1751 decrepitos
2018 1668 2384 1751 promiscue

428 1753 862 1832 trucidarunt,
906 1753 1120 1819 videri
1164 1763 1387 1837 posset
1426 1754 1736 1818 immanis
1781 1764 2056 1838 strages,
2100 1753 2230 1819 nisi
2255 1753 2383 1819 Dei

432 1842 621 1907 iussu
661 1839 898 1906 fnisset
938 1837 1130 1906 edita.
1211 1838 1347 1905 Sed
1392 1839 1545 1923 quia
1587 1840 1727 1922 ipse
1769 1841 1840 1904 in
1885 1840 2070 1907 cuins
2113 1839 2384 1906 arbitrio

429 1937 593 1993 sunt
632 1924 772 1991 vita
812 1932 880 1991 et
920 1945 1128 2004 mors,
1186 1924 1360 1992 iuste
1414 1923 1498 1990 ad
1554 1924 1894 1990 interitum
1942 1924 2387 1992 destinaverat

430 2019 663 2097 gentes
704 2011 872 2090 11188,
916 2012 1199 2077 facessat
1240 2011 1455 2077 omnis
1501 2011 1903 2095 disceptatio.
1974 2010 2164 2077 Adde
2215 2010 2387 2095 quod

427 2100 564 2164 iam
600 2107 881 2182 quatuor
916 2096 1195 2163 saeculis
1230 2118 1341 2164 eas
1375 2096 1790 2178 toleraverat,
1825 2097 2031 2163 donec
2064 2097 2388 2179 completa

424 2193 606 2252 esset
657 2184 950 2268 ipsarum
1015 2183 1348 2267 iniquitas.
1447 2181 1618 2264 Quis
1662 2203 1842 2250 nunc
1896 2183 1977 2249 de
2041 2181 2387 2249 immodico

425 2271 650 2356 rigore
707 2280 1051 2353 queratur,
1109 2268 1221 2336 nbi
1265 2270 1451 2335 Deus
1493 2276 1632 2334 tam
1677 2270 1789 2335 diu
1833 2267 2145 2335 iudicium
2190 2290 2387 2335 suum

424 2354 816 2441 suspendit?
889 2352 963 2421 Si
1008 2355 1295 2438 excipiat
1337 2355 1681 2438 quispiam,
1728 2355 1961 2421 saltem
2007 2376 2248 2439 pueros
2288 2354 2387 2419 in-

420 2441 647 2508 fantes
692 2440 907 2508 adhuc
962 2442 1290 2507 immunes
1330 2440 1535 2508 fuisse
1578 2461 1618 2507 a
1659 2442 1882 2524 culpa,
1946 2442 2018 2506 in
2076 2447 2384 2525 promptu

423 2538 530 2595 est
573 2528 809 2594 solutio
826 2575 842 2607 ,
900 2527 1055 2612 quia
1098 2525 1446 2594 maledicta
1487 2536 1633 2593 erat
1675 2546 1751 2592 ac
1793 2527 2073 2611 reproba
2114 2526 2384 2607 soboles,

420 2616 600 2681 iusto
656 2613 948 2697 periisse.
1049 2612 1199 2679 Hoc
1258 2612 1522 2697 quidem
1577 2615 1784 2679 fixum
1839 2633 2108 2679 manere
2172 2611 2382 2690 debet,

423 2698 601 2786 quod
645 2699 954 2766 atrociter
997 2708 1064 2765 et
1108 2698 1384 2765 barbara
1442 2700 1718 2765 saevitia
1771 2698 2023 2765 factum
2066 2707 2271 2778 esset,
2325 2699 2384 2764 si

420 2806 546 2870 pro
606 2807 726 2852 sua
774 2784 1049 2851 libidine
1105 2793 1173 2849 et
1226 2784 1569 2851 iracundia
1632 2792 1894 2851 teneros
1955 2785 2175 2851 foetus
2229 2804 2383 2852 cum

421 2872 753 2939 matribus
787 2870 1201 2956 iugulassent
1220 2869 1580 2949 Israelitae,
1620 2892 1799 2938 nunc
1833 2872 2066 2937 merito
2100 2869 2384 2937 conferri

423 2959 607 3043 piam
646 2971 713 3022 et
754 2956 949 3023 laude
992 2957 1264 3042 dignam
1308 2957 1796 3037 strenuitatem,
1843 2964 2201 3040 sanctoque
2244 2956 2383 3022 zelo

423 3044 731 3121 adscribi,
768 3043 926 3109 dum
950 3063 1069 3109 exs
1151 3049 1399 3108 uuntur
1422 3041 1554 3109 Dei
1574 3042 1981 3123 mandatum,
2006 3045 2116 3126 qui
2140 3051 2381 3108 terram

423 3129 751 3198 Obanaan
812 3129 935 3194 hoc
996 3150 1104 3195 mo
1150 3149 1189 3194 0
1258 3127 1463 3195 foedis
1527 3137 1596 3194 et
1659 3128 1915 3213 pridem
1982 3126 2241 3195 foetidis
2308 3148 2384 3194 ac

422 3214 817 3300 putrefactis
860 3213 1163 3281 sordibus
1206 3235 1493 3300 purgare
1535 3214 1763 3281 voluit.

602 3301 706 3367 22.
769 3300 1036 3367 Duobus
1090 3305 1301 3368 autem
1350 3302 1533 3367 viria.
1621 3299 1823 3367 Fides
1881 3299 2146 3383 quidem
2189 3299 2382 3367 Iosue

424 3389 496 3454 in
542 3384 889 3455 servandis
930 3387 1270 3472 promissis
1312 3393 1380 3452 et
1422 3386 1770 3471 integritas
1803 3387 1873 3451 in
1911 3386 2036 3452 hac
2069 3386 2383 3453 sollicitu-

426 3474 586 3540 dine
659 3482 1018 3557 apparent:
1098 3493 1329 3540 verum
1408 3472 1562 3557 quia
1623 3472 2025 3538 anathemati
2092 3473 2384 3539 subiecta

424 3569 573 3626 erat
615 3566 754 3633 tota
798 3557 977 3637 urbs,
1023 3558 1102 3624 de
1147 3558 1532 3642 exceptione
1574 3558 1773 3625 nnius
1806 3557 2097 3624 familiae
2130 3559 2385 3625 moveri

421 3652 647 3731 potest
706 3645 1019 3729 quaestio.
1108 3643 1340 3728 Neque
1398 3645 1575 3710 enim
1630 3644 1916 3710 liberum
1960 3644 2086 3710 fnit
2131 3645 2383 3710 homini

422 3730 714 3808 mortali,
757 3729 1109 3814 quidquam
1151 3729 1224 3796 in
1246 3730 1375 3796 Dei
1419 3730 1747 3796 sententia
1789 3737 2063 3796 mutare.
2129 3731 2383 3797 Verum

424 3817 584 3902 quia
627 3816 709 3882 de
752 3837 876 3883 sua
916 3816 1315 3900 impunitate
1355 3816 1596 3882 Bahab
1638 3816 1906 3883 nonnisi
1967 3817 2238 3901 spiritus
2281 3818 2383 3883 in·

420 3903 675 3970 stinctu
735 3902 1107 3988 pepigerat:
1162 3901 1330 3968 nihil
1371 3903 1444 3968 in
1501 3923 1581 3968 ea
1637 3901 1963 3969 servanda
2004 3902 2200 3969 Iosue
2252 3902 2383 3969 nisi

423 3987 839 4056 considerate
881 3996 949 4053 et
990 3988 1352 4071 prudenter
1393 3989 1621 4056 fecisse
1659 3994 1897 4054 statuo.
1976 3987 2168 4054 Adde
2211 3988 2382 4073 quod

426 4073 620 4142 nulla
658 4071 873 4141 adhuc
916 4074 1145 4158 religio
1204 4075 1484 4141 nuncios
1544 4073 1844 4154 tenebat,
1899 4082 2255 4159 antequam·
2300 4074 2382 4141 de

415 4161 609 4228 urbis
631 4158 886 4227 excidio
920 4161 1424 4243 pronunciatum
1459 4173 1652 4227 esset.
1711 4159 2082 4227 Audierant
2118 4159 2380 4245 quidem

415 4248 489 4313 in
537 4265 813 4332 genere,
857 4244 1172 4312 delendas
1216 4267 1360 4313 esse
1404 4268 1632 4313 omnes
1675 4246 1825 4312 illas
1867 4256 2130 4331 gentes:
2174 4246 2382 4313 libera

416 4344 648 4398 tamen
690 4332 815 4398 fuit
858 4352 1006 4399 cum
1051 4352 1187 4398 una
1227 4332 1505 4400 muliere
1548 4334 1766 4417 pactio
1782 4382 1798 4411 ,
1856 4352 2025 4415 quae
2068 4343 2300 4417 sponte
2342 4354 2381 4398 a

418 4419 562 4485 suis
607 4417 992 4485 desciverat.
1061 4418 1454 4502 Quanquam
1499 4419 1736 4485 solutio
1779 4418 1976 4503 longe
2018 4419 2382 4504 expeditior

473 4512 655 4571 ostea
717 4511 1043 4570 occurret:
1109 4524 1345 4588 nempe
1409 4503 1567 4569 dum
1633 4526 1717 4571 ex
1782 4504 1912 4570 Dei
1977 4506 2380 4589 praescripto

421 4526 677 4657 Eortati
735 4597 896 4655 sunt
952 4589 1295 4656 Israelitae
1353 4589 1439 4656 ad
1498 4589 1897 4657 deditionem
1960 4612 2380 4676 quoscunque

425 4675 982 4762 aggrediebantur
1001 4726 1017 4756 ,
1090 4696 1207 4761 spe
1263 4675 1494 4743 veniae
1561 4676 1926 4762 proposita:
1994 4677 2093 4743 illi
2157 4686 2378 4744 autem

426 4761 758 4829 excaecati
790 4758 1218 4846 pertinaciter
1253 4762 1624 4829 abnuerunt
1657 4782 1885 4848 pacem
1923 4762 2051 4829 sibi
2073 4762 2380 4845 oblatam,

425 4848 587 4932 quia
626 4846 814 4914 Dens
869 4869 1098 4915 omnes
1154 4846 1429 4933 perdere
1488 4849 1888 4915 decreverat.
1978 4848 2201 4932 Quum
2258 4872 2379 4932 pu-

423 4934 598 5001 blice
663 4954 893 5000 omnes
957 4935 1026 4999 in
1091 4955 1281 5001 suam
1345 4935 1702 5019 perniciem
1756 4935 2002 5001 fuerint
2043 4935 2377 5003 obdurati:

425 5020 727 5104 sequitur
759 5018 999 5085 Rahab
1043 5020 1391 5105 privilegio
1434 5020 1636 5087 fuisse
1679 5029 2077 5105 exemptam,
2122 5036 2199 5089 ut
2233 5022 2380 5088 aliis

425 5104 860 5191 pereuntibus
920 5107 1268 5174 incolumis
1333 5106 1660 5173 evaderet.
1768 5106 2146 5174 Prudenter
2221 5128 2379 5194 ergo

423 5192 764 5276 reputavit
818 5191 1041 5274 Iosue,
1107 5214 1243 5259 non
1301 5193 1543 5277 absque
1598 5193 1913 5276 peculiari
1973 5192 2100 5260 Dei
2166 5193 2380 5279 gratia

424 5278 773 5345 mulierem
818 5300 984 5363 quae
1026 5289 1260 5364 sponte
1302 5279 1385 5344 ad
1430 5279 1767 5346 ecclesiam
1810 5280 2194 5360 transierat,
2238 5301 2377 5345 ma-

423 5373 576 5432 ture
628 5363 837 5431 fuisse
900 5374 1211 5450 ereptam.
1312 5364 1674 5433 Dissimilis
1725 5365 1988 5450 quidem
2046 5366 2254 5451 patris
2314 5375 2381 5433 ot

1617 445 2362 516 COMMENTARIUS
2407 448 2508 514 IN
2553 446 2837 516 IOSUE
2881 448 3082 516 OAP.
3129 450 3251 515 VI.

4305 451 4437 517 470

2486 636 2691 703 totius
2734 636 3019 702 familiae
3062 636 3261 702 ratio:
3322 636 3437 703 sed
3483 635 3745 721 quando
3801 645 4035 722 sponte
4094 660 4165 706 se
4207 659 4436 707 omnes

2487 721 2794 789 abdicant
2827 743 2865 786 a
2900 722 3178 806 pristino
3221 732 3417 802 statu,
3464 723 3739 789 salutem
3780 745 3977 808 qnam
4021 724 4184 808 ipsis
4226 727 4435 809 stipu-

2485 809 2623 875 lata
2686 815 2830 875 erat
2885 808 3152 886 Rahab,
3218 809 3737 893 promptitudine
3798 810 4143 876 obediendi
4199 813 4438 878 confir·

2486 902 2689 961 mant.
2800 894 3009 959 Porro
3075 894 3400 960 discamus
3466 895 3764 979 exemplo
3830 895 4056 978 Iosue,
4133 899 4436 981 quamvis

2485 979 2810 1047 malitiose
2869 989 2934 1045 et
2998 979 3151 1044 data
3205 1000 3406 1064 opera
3455 981 3653 1047 fidem
3710 1003 3841 1048 non
3889 983 4241 1062 violemus,
4297 1004 4438 1051 non

2485 1076 2705 1132 tamen
2763 1064 2831 1131 id
2888 1065 2971 1131 ad
3032 1065 3400 1132 testandam
3459 1066 3852 1151 probitatem
3908 1068 4209 1134 sufficere
4225 1119 4241 1149 ,
4307 1070 4438 1137 nisi

2484 1151 2714 1219 sedulo
2795 1172 3108 1219 conemur
3172 1172 3369 1236 quam
3445 1152 3743 1219 dedimus
3821 1154 4017 1219 fidem
4081 1163 4433 1237 praestare.

2483 1237 2714 1322 Neque
2757 1238 2931 1303 enim
2975 1246 3232 1303 tantum
3270 1239 3520 1322 patitur
3540 1238 3774 1305 Rahab
3810 1260 3849 1305 a
3883 1242 4023 1306 suis
4066 1240 4435 1326 hospitibus

2484 1323 2783 1390 liberari:
2829 1323 2946 1389 sed
2979 1334 3237 1389 mature
3274 1333 3465 1390 cavet
3499 1346 3582 1390 ne
3618 1325 3776 1408 quid
3811 1326 4088 1391 iniuriae
4123 1327 4191 1392 in
4223 1328 4434 1409 primo

2483 1410 2778 1476 tumultu
2811 1409 3169 1475 sustineat:
3216 1417 3284 1475 et
3322 1431 3447 1494 quo
3491 1411 3950 1494 propensiores
3995 1414 4131 1478 sint
4168 1412 4251 1477 ad
4296 1413 4438 1478 offi-

2483 1499 2693 1647 ciufin,
2759 1493 3067 1562 admonet
3133 1496 3519 1581 interposito
3585 1497 4005 1563 iureiurando
4069 1499 4165 1563 ita
4226 1497 4395 1564 fuiss

2481 1603 2569 1667 po
2623 1583 2827 1648 icitos.
4386 1612 4394 1617 ·

2657 1668 2762 1734 23.
2831 1667 3119 1751 Inyressi
3183 1669 3411 1751 itaque.
3508 1666 3710 1733 Haud
3767 1666 3959 1734 dubie
4016 1667 4234 1735 salvos
4291 1689 4434 1735 esse

2485 1755 2671 1820 Deus
2708 1752 2928 1831 voluit,
2975 1772 3252 1837 quorum
3297 1755 3390 1818 ita
3420 1754 3611 1819 flexit
3644 1753 3898 1821 animos
3932 1754 4017 1820 ad
4052 1754 4434 1839 amplexan-

2487 1839 2636 1906 dam
2681 1839 3149 1906 liberationem.
3216 1839 3483 1922 Alioqui
3526 1860 3670 1905 eam
3717 1860 3851 1906 non
3896 1840 4117 1906 minus
4160 1839 4439 1924 superbe

2485 1947 2609 1993 000
2667 1926 2923 1991 minore
2974 1924 3261 1991 ludibrio
3319 1946 3517 2009 quam
3577 1924 3704 1990 dno
3748 1927 3977 2010 generi
4019 1925 4201 1992 Loth
4244 1946 4438 2009 repu-

2488 2011 2799 2078 diassent.
2886 2009 3020 2078 Sed
3062 2010 3258 2095 longe
3300 2010 3536 2076 melius
3579 2011 3940 2077 etiamnum
3985 2011 4116 2079 illis
4159 2011 4439 2078 consuli-

2486 2106 2619 2179 tur,
2667 2097 2821 2163 dum
2865 2098 3090 2163 reiecti
3132 2106 3326 2162 extra
3367 2105 3603 2176 castra,
3649 2117 3883 2163 severa
3923 2098 4312 2165 invitatione
4355 2096 4440 2163 ad

2486 2184 2842 2267 superioris
2905 2184 3083 2249 vitae
3120 2182 3648 2267 vabnegationem
3714 2190 4048 2249 vocantur.
4151 2182 4326 2249 Nam
4382 2184 4442 2249 si

2486 2270 2790 2354 protinus
2832 2269 3099 2336 admissi
3141 2278 3380 2346 essent,
3427 2275 3497 2333 et
3529 2268 3769 2354 populo
3803 2269 4257 2335 indifferenter
4291 2290 4440 2355 per·

2487 2357 2713 2436 mixti,
2759 2374 3098 2440 nunquam
3140 2354 3273 2421 illis
3315 2354 3482 2420 forte
3525 2354 3820 2420 venisset
3861 2355 3935 2420 in
3978 2364 4269 2421 mentem
4313 2374 4434 2421 sna

2484 2439 2975 2521 immundities,
3034 2450 3228 2524 atque
3282 2439 3407 2507 1100
3451 2440 3643 2506 modo
3687 2440 3757 2506 in
3804 2461 3883 2506 08
3925 2440 4436 2525 obtorpuissent.

2486 2527 2684 2595 Nunc
2722 2528 2835 2593 ubi
2878 2548 3171 2593 seorsum
3216 2526 3547 2607 locantur,
3609 2546 3692 2591 ne
3796 2547 4017 2611 regem
4061 2548 4182 2593 sua
4213 2534 4441 2593 conta-

2487 2613 2683 2698 gione
2717 2613 3031 2692 inficiant,
3079 2613 3276 2679 simul
3309 2612 3627 2679 incutitur
3662 2634 3751 2697 pu
3799 2633 3890 2691 or,
3936 2612 4048 2696 qui
4084 2611 4169 2678 ad
4202 2614 4441 2679 seriam

2489 2700 2988 2766 conversionem
3031 2720 3141 2767 eos
3186 2694 3512 2765 sollicitet.
3600 2698 3830 2782 Neque
3887 2698 4064 2763 enim
4109 2698 4440 2779 convenit,

2486 2784 2692 2851 fuisse
2748 2785 2936 2869 quasi
2993 2784 3066 2849 in
3120 2793 3266 2850 tuto
3332 2785 3682 2868 sepositos,
3750 2803 3836 2849 ne
3900 2784 4048 2868 quis
4110 2784 4183 2848 in
4248 2784 4445 2850 turba

2487 2871 2815 2938 violenter
2866 2878 3098 2938 contra
3155 2891 3264 2936 eos
3318 2870 3722 2955 insurgeret:
3789 2870 3946 2954 quia
4001 2889 4259 2936 summo
4303 2891 4443 2935 om·

2488 2957 2677 3023 nium
2712 2956 2937 3023 favore
2972 2965 3039 3021 et
3088 2956 3532 3041 gratulatione
3572 2955 3853 3022 fuissent
3894 2955 4181 3040 excepti:
4225 2956 4295 3020 in
4341 2976 4443 3022 so·

2487 3042 2769 3108 litudine
2812 3050 3030 3109 autem
3077 3043 3357 3123 facilius,
3420 3049 3487 3107 01
3531 3042 3798 3125 quidem
3841 3043 4147 3126 impune,
4205 3041 4444 3109 offensi

2488 3128 2788 3195 fuissent.
2855 3129 3152 3195 Pristina
3185 3129 3390 3214 igitur
3431 3128 3563 3194 illis
3608 3126 4057 3193 immundities
4101 3136 4254 3193 ante
4289 3148 4441 3194 ocu-

2488 3215 2589 3280 los
2632 3215 2759 3281 fuit
2800 3215 3044 3299 posita,
3106 3236 3190 3281 ne
3245 3214 3478 3299 polluti
3538 3222 3786 3280 temere
3828 3221 4329 3297 prorumperent
4369 3213 4444 3278 in

2487 3313 2792 3368 sanctum
2848 3308 3142 3367 coetum:
3202 3300 3318 3366 sed
3371 3300 3591 3384 potius
3636 3300 3760 3366 hoc
3803 3297 4176 3364 rudimento
4220 3320 4442 3366 assue-

2485 3388 2721 3453 fierent
2778 3385 2861 3451 ad
2917 3386 3312 3453 mutandum
3371 3387 3542 3453 vitae
3586 3407 3813 3469 genus.
3903 3382 4222 3469 Sequitur
4263 3386 4442 3451 enim

2484 3473 2679 3556 paulo
2720 3479 2902 3556 post,
2949 3473 3279 3539 habitasse
3322 3473 3394 3538 in
3438 3471 3646 3538 medio
3689 3471 3943 3555 populi:
4005 3492 4245 3555 nempe
4288 3472 4444 3554 quia

2482 3558 2999 3643 inquinamentis
3043 3559 3344 3643 purgati,
3402 3579 3533 3623 non
3579 3557 3707 3623 8110
3752 3557 3891 3623 1000
3934 3555 4166 3623 11811011
4208 3576 4442 3641 coepe-

2482 3652 2675 3726 runt,
2721 3664 2915 3728 quam
2964 3644 3021 3711 si
3065 3644 3343 3711 fuissent
3385 3643 3648 3710 oriundi
3693 3663 3776 3708 ex
3820 3663 4063 3727 genere
4106 3641 4439 3709 Abrahae.

2480 3730 2789 3815 Denique
2852 3731 3215 3816 significat,
3283 3750 3368 3796 ex
3422 3750 3551 3813 quo
3608 3728 3887 3814 professi
3945 3735 4103 3794 sunt
4158 3749 4230 3795 80
4285 3737 4440 3795 ante

2481 3817 2682 3884 fuisse
2711 3818 2783 3882 in
2818 3815 3134 3896 sordibus,
3171 3817 3539 3899 promiscue
3574 3836 3723 3881 cum
3760 3815 3906 3882 aliis
3941 3814 4278 3881 admissos.
4347 3815 4438 3880 Et

2481 3903 2608 3969 hac
2662 3904 3071 3987 cooptatione
3127 3902 3364 3969 Rahab
3423 3901 3757 3987 insignem
3816 3900 4054 3985 adepta
4118 3909 4218 3968 081
4284 3898 4437 3967 fidei

2481 4008 2638 4056 suae
2681 3989 2988 4055 fructum.

2654 4075 2759 4141 26.
2826 4074 3179 4141 Adiuravit
3240 4079 3461 4141 autem.
3571 4073 3752 4155 Ergo
3828 4072 4227 4141 consecratio
4303 4093 4434 4140 000

2481 4161 2674 4228 100ᾶο
2725 4163 2796 4226 10
2854 4176 3060 4226 unum
3122 4160 3291 4226 diem
3350 4160 3568 4226 valere
3625 4158 3880 4235 debuit,
3950 4158 4064 4227 sed
4129 4159 4434 4228 omnibus

2481 4248 2764 4316 saeculis
2806 4255 3100 4330 posteros
3143 4246 3726 4326 commonefacere,
3783 4244 4016 4311 urbem
4067 4244 4254 4311 illam
4298 4266 4434 4312 non

2481 4334 2614 4400 nisi
2659 4332 2973 4400 divinitus
3025 4332 3225 4399 fuisse
3270 4340 3734 4417 expugnatam.
3823 4329 4056 4416 Itaque
4099 4332 4325 4398 ruinas
4369 4340 4436 4398 et

2481 4420 2864 4486 vastitatem
2902 4418 3040 4485 1000
3075 4418 3376 4502 trophaei
3409 4418 3477 4483 in
3515 4427 3906 4502 perpetuum
3926 4430 4434 4483 monumentum

2481 4513 2743 4573 exstare
2799 4505 3041 4571 voluit:
3109 4506 3262 4587 quia
3315 4524 3491 4570 nova
3542 4511 3872 4570 structura
3925 4504 4137 4569 instar
4193 4503 4434 4569 liturae

2479 4593 2700 4657 futura
2746 4598 2891 4656 erat
2933 4591 3014 4657 ad
3060 4590 3446 4656 miraculum
3506 4589 3875 4655 delendum.
3965 4590 4147 4673 Ergo
4189 4597 4267 4653 ut
4307 4589 4435 4655 loci

2480 4677 2859 4744 deformitas
2910 4677 3298 4742 memoriam
3358 4678 3690 4760 potentiae
3733 4676 3863 4741 Dei
3919 4684 3986 4740 et
4040 4674 4292 4760 gratiae
4349 4675 4435 4742 ad

2476 4772 2773 4848 posteros
2815 4768 3103 4839 renovet,
3149 4760 3291 4828 dira
3333 4763 3785 4829 exsecratione
3828 4760 4042 4828 sancit
4074 4760 4302 4840 Iosue,
4348 4784 4433 4827 110

2478 4851 2625 4935 01118
2689 4848 2922 4915 urbem
2988 4847 3284 4914 aedificet
3346 4849 3548 4915 semel
3626 4848 3932 4913 dirutam.
4045 4846 4432 4930 colligimus

2478 4944 2702 5002 autem
2745 4957 2827 5001 ex
2874 4935 2996 5002 1100
3053 4934 3192 5000 1000
3211 4985 3227 5014 ,
3287 4933 3700 5002 adminiculis
3749 4931 4048 5017 indigere
4104 4942 4430 5015 torporem

2478 5022 2851 5100 hominum,
2911 5041 2997 5088 ne
3042 5019 3168 5086 Dei
3226 5020 3545 5086 beneficia
3597 5016 4045 5085 obliviscendo
4090 5018 4426 5101 sepeliant.

2476 5106 2637 5174 Ideo
2682 5106 3127 5192 spectaculum
3171 5107 3238 5173 in
3285 5127 3415 5190 quo
3456 5105 3807 5189 conspicua
3851 5105 4088 5188 populo
4130 5104 4258 5169 fnit
4302 5104 4429 5170 Dei

2474 5195 2709 5274 vir‘tus,
2751 5195 2935 5278 quasi
2978 5193 3237 5276 obliqua
3282 5194 3406 5258 fuit
3447 5190 3946 5277 ingratitudinis
3989 5188 4424 5273 exprobratio.

2476 5278 2969 5364 Imprecationis
3014 5300 3171 5345 vero
3212 5299 3472 5344 summa
3515 5283 3635 5357 est,
3678 5284 3756 5342 ut
3788 5278 3843 5343 si
3890 5274 4035 5360 quis
4078 5295 4429 5360 aggressus

2477 5386 2766 5449 unquam
2807 5365 3003 5432 fuerit
3047 5371 3386 5431 exstruere
3428 5362 3701 5441 Iericho,
3745 5362 4031 5428 infausto
4067 5370 4132 5427 et
4165 5361 4427 5446 lugubri

3914 5461 4018 5518 30*
