5017 6142
498 454 620 522 197

490 643 934 733 praevaluerit
988 644 1057 710 iu
1106 643 1394 729 ipsorum
1452 615 1788 723 cordibus,
1845 650 1920 710 ut
1973 642 2193 710 omnia
2236 645 2438 730 impe-

491 733 783 800 dimenta
815 738 1111 814 superet:
1154 730 1517 815 emphatice
1552 730 1711 798 dicit
1729 730 1946 796 Deum
1982 729 2103 796 sub
2146 732 2437 814 ipsorum

489 819 697 887 oculis
747 837 1097 903 pugnasse,
1157 824 1233 883 ut
1287 817 1554 901 proprio
1615 836 1813 882 sensu
1857 816 2068 902 magis
2104 817 2437 883 convictos

489 911 730 973 teneat.

659 989 765 1056 31.
803 987 893 1054 Et
932 988 1003 1054 in
1034 988 1172 1070 ipso
1211 987 1465 1055 deserto.
1531 988 1661 1054 Hic
1683 996 2034 1072 perpetuus
2059 998 2436 1054 recensetur

486 1097 723 1144 cursus
767 1074 1015 1160 gratiae
1060 1073 1218 1139 Dei:
1264 1073 1441 1140 unde
1484 1082 1631 1139 tuto
1675 1073 1982 1159 colligere
2027 1072 2275 1153 licebat,
2322 1074 2435 1157 qui

489 1170 591 1229 tot
635 1159 967 1227 beneficiis
1023 1159 1198 1243 ipsos
1245 1170 1685 1244 prosequutus
1733 1160 1977 1237 fuerat,
2036 1159 2316 1225 eundem
2364 1161 2431 1227 in

488 1245 837 1332 prwcipuo
913 1253 1064 1311 actu
1133 1244 1286 1311 fore.
1376 1245 1695 1312 Portandi
1771 1244 2203 1311 similitudine
2288 1245 2434 1312 ideo

488 1333 735 1413 utitur,
792 1331 943 1415 quia
988 1331 1257 1396 minime
1311 1331 1614 1415 pervium
1674 1339 1818 1399 erat
1860 1332 2017 1410 iter,
2076 1331 2205 1398 nisi
2248 1332 2435 1397 Deus

488 1419 680 1504 quasi
736 1418 1029 1483 humeris
1083 1417 1220 1483 suis
1283 1418 1461 1500 ipsos
1523 1424 1874 1501 gestasset,
1937 1437 2070 1483 non
2118 1438 2307 1484 secus
2361 1438 2436 1484 ac

488 1525 769 1591 puerum
831 1500 1046 1571 adhuc
1110 1502 1425 1569 infantem
1490 1502 1656 1569 solet
1708 1511 1912 1586 pater.
1998 1502 2106 1569 Ita
2161 1501 2243 1569 ab
2304 1524 2437 1569 una

486 1602 678 1677 parte
762 1587 1071 1656 laudatur
1153 1586 1552 1655 incredibilis
1636 1588 1767 1655 Dei
1841 1587 2251 1666 humanitas,
2320 1590 2434 1672 qui

488 1696 615 1743 eou
697 1697 775 1741 ue
818 1696 888 1740 se
930 1673 1273 1739 demittere
1309 1673 1616 1759 dignatus
1659 1683 1793 1752 est,
1852 1681 1928 1738 ut
1970 1675 2106 1739 suis
2149 1674 2435 1741 brachiis

491 1783 664 1846 popu
692 1782 801 1827 um
885 1758 1278 1843 susciperet:
1382 1780 1465 1825 ox
1544 1760 1861 1844 oppositio
1963 1770 2182 1826 autem
2277 1779 2435 1826 suae

489 1847 891 1915 infirmitatis
947 1853 1250 1912 monetur
1298 1845 1609 1930 populus,
1665 1845 1777 1929 qui
1829 1844 1953 1911 nisi
2010 1844 2136 1911 Dei
2192 1846 2436 1911 virtute

490 1933 833 2012 suffultus,
878 1931 995 1996 vix
1039 1929 1121 1995 ad
1164 1929 1393 2015 pedem
1428 1931 1823 1997 movendum
1868 1930 2139 1996 idoneus
2183 1931 2434 1998 fuisset.

487 2019 667 2086 Alibi
726 2018 981 2097 Moses,
1041 2026 1292 2100 partem
1352 2017 1549 2082 buius
1613 2015 2063 2083 similitudinis
2128 2018 2438 2098 retinens,

484 2106 705 2172 Deum
763 2102 1018 2187 aquilae
1071 2113 1434 2186 comparat,
1500 2123 1664 2185 quae
1771 2102 1939 2167 ullos
1997 2103 2119 2169 alis
2176 2111 2435 2169 susten-

487 2199 638 2258 tans
691 2187 776 2256 ad
834 2186 1241 2255 volitandum
1301 2188 1612 2255 instituit.
1764 2197 1791 2252 t
1832 2194 2008 2254 certe
2065 2189 2193 2254 nisi
2238 2210 2438 2272 supra

485 2278 853 2344 humanum
934 2274 1199 2340 modum
1280 2275 1349 2340 in
1431 2273 1713 2339 sublime
1778 2274 2021 2350 evecti,
2098 2295 2436 2358 nunquam

487 2363 844 2431 centesima
883 2382 966 2427 ex
1009 2369 1196 2443 parte
1229 2367 1328 2427 tot
1370 2357 1863 2425 difficultatibus
1907 2379 2098 2443 pares
2139 2360 2433 2426 fuissent.

657 2447 761 2514 32.
828 2445 1031 2529 Atqui
1097 2466 1172 2512 ea
1251 2447 1326 2513 in
1384 2465 1471 2511 re.
1562 2444 1910 2530 Significat
1972 2446 2170 2512 nimis
2234 2444 2436 2512 fuisse

485 2533 813 2619 malignos
852 2551 1122 2614 operum
1159 2532 1286 2598 Dei
1329 2531 1816 2610 aestimatores,
1851 2550 2014 2613 quos
2047 2532 2192 2597 eius
2223 2531 2437 2599 virtus

486 2621 685 2685 toties
767 2618 1027 2703 cognita
1115 2627 1178 2682 et
1265 2625 1608 2701 perspecta
1696 2614 1776 2680 ad
1874 2614 2212 2683 fidendum
2302 2639 2434 2682 non

485 2705 791 2773 erexerit.
880 2703 1048 2769 Nam
1104 2703 1226 2768 sub
1283 2723 1444 2768 voce
1502 2715 1667 2781 ὋἿ,
1753 2723 1825 2767 ro
1869 2723 1998 2785 qua
2057 2703 2223 2768 Rem
2289 2723 2432 2768 ver·

488 2793 723 2870 timus,
829 2788 1283 2872 complectitur
1382 2788 1600 2853 omnia
1746 2796 2092 2853 ocumenta
2199 2789 2435 2872 quibus

486 2888 767 2944 testatus
815 2876 1028 2941 fuerat
1079 2875 1264 2940 Deus
1320 2873 1480 2940 satis
1521 2873 1592 2939 in
1637 2894 1708 2939 se
1752 2894 1884 2939 uno
1941 2894 2081 2940 esse
2128 2874 2437 2958 praesidii

488 2962 573 3029 ad
642 2962 900 3046 plenam
968 2980 1194 3026 eorum
1275 2960 1574 3027 salutem.
1660 2958 1879 3041 Atque
1942 2959 2107 3025 haec
2170 2959 2437 3043 quidem

488 3047 721 3128 realis,
802 3056 878 3112 ut
942 3046 1036 3113 ita
1100 3046 1359 3129 loquar,
1429 3045 1533 3113 vel
1599 3042 1874 3112 actualis
1930 3045 2053 3111 fuit
2119 3044 2434 3125 doctrina,

487 3155 692 3219 quum
773 3133 955 3199 Deus
1032 3139 1300 3196 extenta
1366 3151 1566 3196 manu
1633 3128 1716 3195 ad
1798 3129 2195 3197 credendum
2261 3131 2436 3215 ipsos

489 3227 771 3290 vocaret.
854 3216 1319 3284 Promissionis
1360 3223 1579 3281 tamen
1625 3225 1920 3299 respectu
1961 3216 2438 3284 incredulitatis

488 3326 604 3373 eos
650 3311 942 3373 accusat:
1003 3304 1156 3386 quia
1208 3302 1378 3369 sicut
1435 3301 1515 3366 ad
1561 3301 1993 3369 obediendum
2052 3324 2187 3369 non
2245 3302 2434 3369 modo

487 3400 793 3476 prompta
848 3398 915 3454 et
961 3389 1197 3455 alacris
1242 3398 1345 3453 est
1396 3385 1591 3467 fides,
1653 3385 1768 3453 sed
1823 3397 2038 3455 totum
2100 3388 2434 3454 hominem

490 3486 786 3562 vegetat,
847 3484 921 3540 ut
977 3474 1167 3559 agilis
1226 3474 1341 3540 sit:
1398 3474 1492 3539 ita
1544 3473 1848 3559 ignaviae
1897 3496 2091 3541 causa
2141 3473 2265 3539 fuit
2299 3493 2433 3539 non

490 3561 829 3631 attendere
885 3559 968 3627 ad
1027 3562 1277 3639 Deum,
1332 3561 1445 3644 qui
1499 3581 1568 3626 se
1626 3568 1864 3626 terram
1927 3560 2245 3627 Chanaan
2301 3560 2434 3626 illis

491 3647 796 3714 daturum
872 3647 1197 3732 pollicitus
1266 3647 1480 3712 fuerat
1494 3697 1511 3726 ,
1594 3653 1788 3729 atque
1864 3648 1933 3712 in
1998 3646 2136 3712 eius
2207 3643 2435 3712 foedus

490 3733 887 3800 recumbere.
986 3731 1206 3816 Atque
1304 3731 1433 3797 huc
1520 3741 1801 3814 spectat,
1897 3732 2117 3797 Deum
2205 3732 2437 3798 eastris

489 3817 817 3887 metandis
878 3816 1023 3884 loca
1086 3827 1153 3882 et
1218 3818 1565 3885 stationes,
1607 3816 2011 3903 designasse:
2091 3817 2244 3901 quia
2309 3817 2437 3884 nisi

488 3905 837 3973 consilium
880 3905 1022 3969 eius
1063 3903 1298 3970 fuisset
1339 3902 1464 3967 alio
1508 3922 1618 3968 eos
1664 3901 1974 3988 dirigere,
2032 3923 2437 3986 supervacua

488 3992 721 4058 fuisset
777 3991 1065 4056 locorum
1127 3989 1418 4055 mutatio.
1507 3988 1689 4074 Ergo
1754 3992 1945 4074 signa
2006 3987 2314 4055 manendi
2371 3997 2438 4054 et

489 4076 804 4162 pergendi
857 4096 986 4142 non
1050 4075 1291 4141 referre
1347 4073 1428 4141 ad
1484 4095 1678 4141 suum
1744 4076 1970 4154 finem,
2037 4075 2243 4159 turpis
2307 4073 2438 4142 fuit

486 4163 851 4231 socordiae:
929 4163 1079 4245 quia
1157 4160 1282 4227 hoc
1346 4173 1488 4226 erat
1551 4160 1764 4227 Deum
1852 4180 2160 4244 spernere
2232 4183 2435 4245 quum

487 4269 758 4315 manum
794 4248 1177 4332 porrigeret.

961 4589 1095 4655 Ex
1140 4588 1489 4656 NUMER.
1537 4586 1736 4654 CAP.
1783 4587 1975 4655 XIV.

670 4761 769 4826 10.
820 4761 997 4826 Tunc
1048 4758 1215 4824 dixit
1263 4763 1389 4826 tota
1440 4758 1792 4840 multitudo,
1847 4764 1918 4824 ut
1973 4778 2072 4824 eos
2115 4758 2435 4839 lapidibus

491 4848 851 4915 obruerent:
918 4850 973 4910 et
1021 4845 1226 4929 yzoria
1270 4844 1532 4910 Iehovae
1590 4844 1894 4927 apparuit
1934 4845 2006 4910 in
2045 4844 2436 4911 tabernaculo

492 4933 908 5001 conventionis
978 4930 1261 4997 omnibus
1318 4929 1478 5012 filiis
1541 4929 1767 4996 Israel.
1870 4931 1969 4995 11.
2036 4931 2209 4997 Tunc
2269 4932 2438 4997 dixit

499 5020 726 5087 Ielmva
780 5018 867 5089 ad
926 5017 1173 5083 Mosen.-
1246 5016 1569 5098 Usquequo
1616 5015 1736 5081 vili
1853 5016 1949 5082 det
2010 5037 2107 5081 me
2162 5017 2437 5100 populus

492 5106 663 5173 iste?
715 5110 772 5172 et
813 5123 1127 5187 usquequo
1178 5122 1300 5168 non
1353 5102 1592 5167 credent
1638 5102 1799 5167 mai
1842 5102 1914 5169 in
1955 5102 2190 5169 nunctis
2232 5103 2435 5186 sim-is

492 5212 658 5276 quae
695 5190 820 5274 feei
858 5191 929 5255 in
958 5189 1159 5255 medio
1193 5188 1454 5254 eorum?
1522 5187 1619 5253 12.
1673 5185 2031 5254 Percutiam
2073 5208 2215 5253 eum
2244 5193 2435 5269 peste,

953 5295 1127 5341 eum.-
1167 5279 1223 5340 te
1255 5279 1460 5340 autem
1489 5274 1729 5356 faciam
1762 5274 1834 5339 in
1866 5279 2109 5358 ,centem
2145 5293 2435 5357 maynam

495 5369 556 5430 et
593 5363 995 5430 robustiorem
1036 5380 1120 5427 eo.

1893 454 2303 526 REDI'I'US
2349 454 2478 523 AD
2524 458 3071 528 HISTORIAM.

4359 463 4482 530 198

2714 649 2814 716 19.
2888 648 3063 714 Tum
3139 646 3306 713 dixit
3385 652 3513 715 tota
3587 646 3935 716 multitudo.
4037 647 4167 716 Ubi
4254 658 4483 719 contra

2540 735 2758 801 Deum
2805 735 3083 800 fremere
3133 743 3487 817 coeperunt
3545 733 3758 818 impii,
3819 755 3893 800 ac
3948 735 4162 818 palam
4216 735 4296 801 de
4338 736 4482 822 ipso

2539 819 2866 905 querulari
2885 871 2900 899 ,
2957 840 3086 885 non
3131 818 3368 884 mirum
3415 827 3518 883 eet
3557 820 3614 886 si
3657 820 3726 884 in
3772 819 3912 886 eius
3955 840 4212 904 quoque
4255 843 4482 891 servos

2537 906 2853 973 saeviant.
2953 905 3124 971 Nam
3224 905 3527 987 superbia
3615 904 3724 971 ubi
3823 905 4027 972 libere
4130 906 4478 994 subigitur,

2535 991 2986 1059 crudelitatem
3034 991 3170 1056 fere
3228 990 3434 1073 parit:
3498 990 3592 1056 ita
3656 1011 3914 1075 semper
3968 992 4302 1076 impietas,
4368 995 4483 1061 ubi

2536 1078 2944 1163 coarguitur,
3004 1083 3299 1143 extremo
3349 1084 3492 1142 actu
3539 1076 3606 1142 in
3652 1077 3934 1143 furorem
3979 1077 4237 1145 desinit.
4328 1079 4482 1146 Non

2538 1165 2603 1231 vi
2663 1185 2708 1228 n
2793 1185 2874 1229 ue
2937 1164 3137 1229 armis
3203 1162 3522 1245 cogebant
3586 1161 3787 1228 Galeb
3854 1172 3921 1227 et
3975 1161 4202 1244 Iosue,
4269 1185 4482 1250 neque

2536 1185 3034 1316 minitffliantur:
3115 1256 3371 1313 tantum
3437 1246 3821 1328 suadebant,
3889 1254 3967 1314 ut
4023 1248 4152 1316 Dei
4206 1251 4485 1334 promis·

2537 1335 2720 1401 sione
2795 1334 3025 1403 confisi
3098 1333 3169 1398 in
3254 1342 3495 1398 terram
3583 1332 3903 1400 Chanaan
3989 1355 4266 1420 pergere
4346 1358 4482 1404 non

2534 1420 2926 1487 dubitarent.
3015 1417 3193 1501 Quia
3235 1417 3580 1484 obstinatis
3636 1420 3871 1485 animis
3915 1430 4236 1487 statuerat
4274 1442 4357 1505 po
4404 1444 4480 1489 u-

2536 1505 2639 1572 lus
2698 1506 2840 1572 Deo
2891 1526 3025 1571 non
3079 1502 3371 1582 credere,
3432 1504 3595 1571 casti
3645 1513 3789 1570 atus
3847 1505 4148 1572 fraenum
4206 1526 4348 1572 mor
4395 1517 4479 1589 et,

2536 1601 2603 1658 et
2681 1589 3187 1675 reprehensores
3271 1609 3425 1655 suos
3515 1600 3656 1656 vut
3759 1589 4069 1675 lapidare.
4175 1591 4481 1674 Quantus

2538 1685 2756 1743 autem
2835 1675 3212 1743 iracundiae
3290 1676 3486 1740 fuerit
3558 1675 3870 1761 impetus,
3957 1677 4111 1745 hinc
4192 1687 4479 1763 apparet,

2537 1763 2707 1847 quod
2788 1762 2973 1828 Deus
3047 1762 3343 1827 furentes
3423 1761 3680 1845 placare
3759 1783 3888 1827 non
3963 1770 4205 1845 tentat,
4271 1786 4481 1848 neque

2536 1849 2734 1914 minis
2800 1848 2906 1914 vel
2973 1846 3248 1933 imperio
3313 1847 3694 1931 compescit,
3762 1847 3876 1913 sed
3936 1849 4150 1933 palam
4208 1872 4244 1915 e
4300 1850 4480 1917 coelo

2539 1935 2783 2000 exserit
2818 1954 3004 1999 suam
3050 1934 3391 2000 virtutem:
3431 1942 3497 1998 et
3539 1933 3784 2015 gloriae
3808 1955 3964 2000 suae
3987 1934 4240 2001 obiectu
4284 1936 4477 2001 mira·

2539 2020 2757 2086 biliter
2805 2018 3089 2104 protegit
3141 2040 3366 2084 servos
3425 2039 3609 2094 suos,
3662 2040 3736 2086 ac
3772 2021 3827 2085 si
3889 2022 4042 2087 feris
4089 2020 4312 2088 bestiis
4357 2022 4486 2087 eri-

2538 2113 2743 2190 peret.
2832 2105 2982 2171 Non
3057 2104 3138 2170 fit
3211 2103 3474 2188 quidem
3554 2125 3863 2188 expressa
3947 2106 4138 2173 nubis
4203 2108 4485 2172 mentio:

2538 2212 2769 2257 verum
2858 2190 3162 2275 colligere
3241 2189 3423 2267 licet,
3508 2190 3773 2275 signum
3836 2193 3939 2258 cui
4041 2200 4487 2270 assueverant,

2537 2277 2740 2344 fuisse
2813 2276 3036 2342 datum
3117 2297 3249 2341 non
3321 2274 3402 2340 ad
3468 2294 3577 2340 eos
3653 2277 3992 2342 terrendos
4073 2277 4294 2359 modo,
4371 2276 4488 2344 sed

2538 2364 2732 2430 etiam
2793 2360 3332 2445 prosternendos,
3388 2368 3464 2429 ut
3520 2360 3842 2444 ademptis
3899 2362 4168 2429 nocendi
4236 2364 4488 2430 viribus

2537 2447 2642 2515 vel
2700 2448 2892 2515 inviti
2940 2446 3345 2514 desisterent.
3434 2446 3744 2512 Maiestas
3786 2448 3959 2513 enim
4006 2448 4133 2515 Dei
4189 2450 4489 2532 quamvis

2537 2535 2707 2600 solos
2751 2533 2976 2600 fideles
3020 2553 3178 2599 vere
3218 2530 3559 2608 humiliet,
3603 2534 3912 2615 reprobos
3947 2544 4167 2599 tamen
4215 2554 4289 2600 ac
4333 2555 4487 2619 per·

2539 2618 2707 2686 ditos
2744 2619 3077 2685 interdum
3121 2618 3409 2702 mitigat,
3469 2618 3578 2682 vel
3622 2639 3772 2685 cum
3820 2638 3938 2684 sua
3983 2620 4238 2685 feritate
4276 2620 4492 2686 reddit

2539 2708 2868 2772 attonitos.

2717 2792 2814 2856 11.
2887 2790 3064 2855 Tunc
3126 2789 3293 2855 dimit
3359 2788 3602 2854 Iehova.
3694 2789 4087 2872 Expostulat
4151 2788 4232 2854 de
4297 2790 4486 2856 indo·

2540 2878 2701 2942 mita
2745 2876 3136 2960 pertinacia:
3168 2876 3320 2959 quia
3361 2874 3616 2957 pridem
3665 2895 3797 2940 non
3844 2885 4264 2942 cessaverant
4299 2884 4486 2958 petu-

2540 2964 2755 3028 lanter
2819 2963 3067 3047 ipsum,
3147 2983 3267 3027 nec
3328 2960 3472 3026 sine
3550 2960 3756 3027 atroci
3833 2961 4257 3040 contumelia,
4337 2982 4485 3027 cum

2540 3048 2841 3115 omnibus
2937 3047 3267 3131 potentiae
3368 3044 3773 3111 documentis
3874 3047 4048 3113 clare
4130 3049 4486 3130 perspectis

2541 3155 2850 3219 spernere
2908 3142 2975 3198 et
3032 3132 3328 3199 abiicere.
3416 3131 3589 3197 Nam
3650 3129 3822 3217 quod
3878 3129 3987 3196 alii
4052 3130 4326 3197 verbum
4361 3146 4483 3209 vm

2542 3220 2946 3285 transferunt
2987 3239 3104 3302 per
3147 3218 3425 3294 irritare,
3471 3218 3690 3283 neseio
3734 3238 3819 3282 an
3865 3217 4228 3282 conveniat.
4317 3218 4483 3284 Pro·

2539 3308 2685 3390 pius
2765 3303 3012 3370 accedit
3088 3303 3537 3382 Hieronymus
3603 3301 3685 3367 ad
3750 3303 4112 3387 genuinum
4179 3321 4482 3369 sensum:

2540 3391 2895 3473 Quousque
2972 3390 3137 3455 mihi
3214 3386 3608 3455 detrahent?
3702 3386 3830 3454 Sed
3919 3389 4206 3454 contenti
4276 3388 4484 3456 simus

2538 3477 2827 3561 genuina
2910 3475 3037 3541 Dei
3099 3474 3455 3553 sententia,
3538 3493 3733 3557 quam
3800 3474 4098 3557 proximo
4160 3473 4482 3541 antitheto

2537 3563 2909 3627 confirmat:
2966 3561 3078 3627 ubi
3137 3581 3207 3626 se
3241 3559 3389 3625 ideo
3444 3558 3758 3644 vilipendi
3816 3560 4272 3642 conqueritur,
4330 3561 4482 3644 quia

2535 3648 2605 3713 in
2673 3649 2991 3714 rationem
3056 3665 3191 3711 non
3257 3644 3531 3712 veniant
3594 3653 3693 3710 tot
3748 3644 4065 3711 miracula
4128 3646 4365 3730 quibus
4413 3655 4483 3713 et

2536 3755 2720 3800 suam
2801 3733 3110 3800 virtutem
3193 3740 3259 3797 et
3339 3730 3831 3798 beneficentiam
3935 3731 4114 3815 large
4202 3739 4480 3799 testatus

2537 3820 2769 3885 fuerat.
2871 3820 3089 3902 Atque
3164 3818 3260 3882 ita
3324 3825 3769 3900 contemptum
3832 3816 4102 3900 probat,
4181 3815 4332 3900 quia
4396 3839 4478 3883 ex

2538 3904 2829 3989 professo
2909 3903 3103 3969 fidem
3184 3902 3502 3989 abrogent
3576 3902 3799 3969 multis
3875 3901 4110 3987 signis,
4201 3921 4479 3986 quorum

2538 3991 2770 4058 saltem
2826 3991 3160 4074 congeries
3214 3988 3650 4074 pervicaciam
3707 4009 3938 4053 sanare
3989 3987 4096 4053 vel
4153 3987 4479 4073 corrigere

2539 4076 2870 4143 debuerat.
2976 4074 3287 4159 Sequitur
3369 4071 3640 4139 ultimae
3725 4093 3974 4158 poenae
4040 4071 4479 4157 denunciatio,

2538 4162 2759 4231 addita
2799 4161 3063 4228 sceleris
3119 4161 3475 4227 atrocitate.
3562 4159 3959 4226 Continuam
4013 4159 4187 4224 enim
4244 4160 4480 4226 seriem

2537 4247 2838 4331 designat
2894 4245 3215 4332 particula
3270 4244 3654 4329 Quousque,
3709 4253 3776 4310 et
3831 4244 4091 4329 longam
4138 4244 4267 4312 Dei
4318 4246 4479 4311 tole-

2540 4333 2821 4399 rantiam
2866 4331 3194 4415 exprimit.
3282 4329 3529 4397 Severe
3570 4328 3833 4415 quidem
3868 4329 4119 4413 aliquos
4152 4333 4477 4415 punierat,

2539 4417 2653 4484 sed
2710 4418 3031 4483 duntaxat
3092 4418 3161 4481 in
3205 4416 3612 4499 exemplum,
3672 4424 3744 4481 ut
3800 4425 4098 4481 maneret
4141 4417 4475 4502 integrum

2539 4523 2780 4573 nomen
2853 4502 3144 4587 generis:
3226 4524 3400 4568 nunc
3463 4522 3623 4569 vero
3699 4504 4087 4586 pronunciat
4150 4501 4475 4587 agendum

2538 4610 2679 4656 esse
2723 4596 3030 4672 tanquam
3074 4609 3224 4655 cum
3272 4586 3646 4672 desperatis,
3713 4588 3825 4671 qui
3868 4588 4056 4653 ludos
4098 4586 4223 4653 sibi
4264 4589 4476 4654 facere

2538 4696 2669 4740 non
2751 4675 3063 4741 desinunt
3141 4695 3223 4740 ex
3299 4673 3656 4758 patientiae
3734 4675 3873 4739 eius
3939 4672 4239 4740 ludibrio.
4328 4671 4476 4754 Quo

2537 4759 2876 4841 docemur,
2953 4760 3372 4844 quantumvis
3436 4767 3672 4824 natura
3729 4760 3821 4825 sit
3875 4757 4209 4842 placabilis
4275 4757 4474 4838 Deus,

2537 4846 2771 4915 merito
2836 4867 3016 4930 spem
3082 4846 3316 4911 veniae
3395 4845 3750 4911 incredulis
3808 4844 4127 4928 praecidi,
4207 4843 4317 4926 qui
4381 4844 4476 4910 sic

2534 4930 2999 5009 obdurescunt,
3083 4943 3156 4997 ut
3235 4930 3402 4997 nihil
3479 4931 3779 5015 proficiat
3850 4930 4033 4995 Deus
4099 4927 4272 5011 apud
4343 4949 4472 5011 eos,

2535 5037 2746 5101 neque
2824 5038 2969 5095 ore,
3044 5038 3254 5100 neque
3333 5017 3576 5101 lingua.
3666 5014 3810 5080 Iam
3877 5034 4064 5081 usum
4131 5015 4475 5099 signorum

2532 5103 2819 5170 breviter
2852 5102 3270 5187 perstringit:
3308 5123 3541 5185 nempe
3586 5101 3714 5167 huc
3749 5109 4090 5182 spectasse,
4136 5108 4212 5164 ut
4246 5121 4476 5167 eorum

2534 5189 2853 5273 cognitio,
2932 5198 2997 5254 et
3061 5187 3467 5270 experientia
3547 5187 3709 5252 bene
3786 5184 4091 5266 sperandi
4157 5187 4475 5270 magistra

2536 5275 2718 5341 foret.
2809 5274 2888 5341 Si
2922 5295 3114 5358 quem
3157 5272 3431 5339 offendit
3463 5272 3708 5355 species
3741 5271 4230 5353 repugnantiae,
4271 5292 4473 5355 quum

2536 5357 2721 5427 Deus
2745 5369 2961 5429 actum
3000 5381 3140 5428 esee
3174 5358 3256 5425 de
3290 5358 3528 5442 populo
3565 5355 3968 5441 pronunciat,
4011 5376 4215 5438 quum
4253 5367 4478 5425 tamen

3963 5458 4063 5513 13·
