5017 6142
385 444 513 511 313

385 636 609 703 Moses
651 633 733 699 ad
771 634 1024 699 Deum:
1067 633 1242 700 idem
1286 642 1510 699 tamen
1555 633 1818 700 brevius
1863 631 2121 709 dicitur,
2158 630 2324 714 quod

387 722 610 790 Moses
666 719 1074 803 responderit
1123 719 1363 803 populo
1419 740 1503 784 ex
1546 739 1660 785 ore
1701 719 1866 798 Dei,
1927 717 2103 782 unde
2147 717 2329 784 colli·

386 808 568 892 gitur
620 804 838 870 Deum
905 805 1322 872 consuluisse.
1411 806 1618 871 Porro
1676 825 1810 869 11011
1862 811 2121 869 1811111111
2180 824 2330 886 pro-

386 892 662 959 nunciat
703 892 888 958 Deus
935 893 1297 958 secundum
1339 890 1508 957 filios
1550 890 1890 969 Manasse,
1945 888 2060 955 sed
2101 908 2330 954 eorum

384 977 891 1063 postulationem
969 977 1317 1060 approbat,
1394 977 1509 1060 qui
1586 997 1709 1043 sua
1785 981 1962 1040 sorte
2039 974 2331 1040 contenti

386 1064 511 1131 sibi
590 1062 944 1129 vendicant
997 1062 1167 1146 quod
1250 1062 1446 1127 adimi
1510 1063 1654 1127 sine
1725 1061 2021 1127 coelestis
2086 1059 2330 1126 decreti

385 1150 737 1217 violatione
781 1169 914 1214 non
958 1156 1228 1231 poterat.
1315 1148 1466 1214 Hac
1507 1148 1844 1214 occasione
1886 1146 1996 1212 lex
2038 1166 2329 1212 commu·

384 1237 493 1302 nis
535 1234 864 1314 statuitur,
908 1255 994 1301 ne
1026 1234 1265 1300 mulier
1295 1235 1404 1300 cui
1434 1234 1669 1317 obtigit
1711 1232 2098 1308 haereditas,
2140 1241 2331 1297 extra

386 1341 577 1388 suam
634 1319 879 1386 tribum
921 1319 1159 1400 nubat,
1226 1319 1379 1404 quia
1444 1318 1783 1385 fraudaret
1836 1339 1988 1384 suos
2052 1316 2331 1402 gentiles

388 1407 591 1474 dotali
662 1406 883 1472 fundo.
972 1405 1119 1471 Hoc
1194 1417 1418 1471 autem
1495 1403 1688 1470 modo
1758 1403 1967 1469 libera
2040 1399 2331 1468 nubendi

386 1493 651 1567 feminis
713 1491 944 1558 electio
996 1492 1149 1556 data
1203 1491 1362 1569 fuit,
1421 1490 1614 1556 modo
1668 1489 2062 1555 haereditati
2119 1498 2332 1572 pater·

385 1577 511 1645 nae
575 1579 1057 1645 renunciarent.
1145 1577 1480 1643 Videntur
1532 1574 1798 1660 quidem
1855 1576 2051 1641 latius
2103 1581 2332 1657 patere

385 1664 620 1744 verba,
680 1684 765 1728 110
820 1663 968 1746 quis
1026 1663 1222 1729 etiam
1276 1664 1383 1730 vir
1435 1662 1562 1729 nisi
1621 1683 1704 1726 ex
1759 1681 1880 1727 sua
1941 1660 2332 1744 cognatione

382 1770 657 1818 uxorem
707 1750 1012 1833 accipiat:
1074 1769 1308 1815 verum
1351 1768 1583 1814 sensus
1625 1747 1789 1832 legis
1827 1768 1911 1813 ex
1952 1766 2150 1812 causa
2191 1746 2335 1829 ipsa

382 1834 704 1921 petendus
738 1843 855 1900 est.
918 1836 1123 1900 Porro
1158 1834 1426 1901 dubium
1465 1855 1595 1899 non
1618 1843 1719 1899 est
1752 1854 1929 1900 nunc
1964 1831 2332 1916 promiscua

384 1922 690 2074 00οὲιέΨέ
723 1921 950 1997 vetari,
996 1930 1323 2005 quatenus
1366 1920 1529 1986 iuris
1573 1919 1993 1985 haereditarii
2035 1915 2333 1983 ordinem

381 2029 505 2075 con
579 2029 624 2072 11
674 2013 813 2072 11111.

900 2346 961 2411 N
966 2346 1252 2413 UMER.
1300 2345 1498 2412 GAP.
1544 2344 1813 2412 XXXI.

559 2522 616 2585 1.
682 2517 773 2584 Et
836 2519 1127 2600 loquutus
1170 2523 1261 2583 est
1315 2517 1548 2584 Iehova
1600 2518 1686 2583 ad
1729 2516 1983 2598 Mosen,
2038 2516 2328 2585 dicendo:

376 2608 440 2674 2.
520 2603 821 2673 Ulciscere
874 2604 1166 2670 ultionem
1216 2603 1494 2683 filiorum
1538 2604 1751 2670 Israel
1805 2604 1883 2669 de
1926 2603 2325 2680 madianitis,

365 2698 585 2777 postea
649 2689 1078 2776 aqqreqabms
1140 2690 1227 2756 ad
1279 2690 1550 2771 populos
1630 2695 1784 2755 tuoe.
1872 2690 1933 2756 3.
2001 2691 2325 2772 Loquutus

377 2784 467 2845 est
506 2779 716 2859 itaque
759 2775 972 2841 Moses
1027 2775 1113 2840 ad
1146 2775 1486 2855 populum,
1530 2775 1817 2841 dicendo.-
1869 2778 2218 2860 Accinqant
2255 2792 2324 2838 se

376 2884 455 2931 ex
509 2863 682 2930 vobis
735 2862 865 2926 viri
921 2861 1007 2926 ad
1060 2860 1311 2939 bellum,
1355 2866 1413 2925 et
1466 2862 1593 2925 sim
1644 2866 1860 2926 contra
1897 2863 2195 2937 Madian,
2252 2863 2326 2925 ut

373 2952 518 3018 dent
555 2949 848 3014 ultionem
889 2946 1168 3012 Iehovae.
1249 2947 1310 3010 4.
1371 2944 1558 3012 Mille
1596 2946 1671 3013 de
1708 2949 1980 3030 sinyuzis
2020 2946 2320 3024 tm'bubus,

376 3036 451 3103 de
493 3033 780 3101 munibus
811 3031 1092 3098 tribubus
1135 3031 1342 3098 Israel
1378 3033 1629 3098 mittetis
1672 3033 1756 3099 ad
1790 3032 2034 3100 bellum.
2122 3033 2182 3099 5.
2231 3031 2323 3097 Et

375 3121 605 3188 traditi
646 3124 792 3185 sunt
832 3140 908 3184 av
948 3118 1230 3184 millibus
1273 3117 1481 3183 Israel
1519 3118 1842 3200 milleper
1882 3119 2168 3203 sinyulas
2207 3118 2321 3182 tri-

377 3207 519 3286 bue,
577 3206 901 3272 duodecim
957 3203 1163 3269 millia
1217 3204 1473 3270 accincti
1516 3204 1599 3270 ad
1640 3205 1941 3271 militiam
2026 3207 2086 3271 6.
2158 3210 2323 3286 Quos

374 3293 554 3360 misit
613 3290 851 3371 Mosae,
915 3289 1087 3356 mille
1150 3290 1227 3354 de
1273 3290 1544 3372 sinqulis
1606 3290 1885 3357 tribubus
1926 3292 2011 3357 ad
2065 3291 2324 3357 bellum.-

374 3379 571 3457 misit,
613 3378 892 3459 inquam,
937 3376 1080 3445 illos
1123 3380 1179 3439 et
1224 3374 1490 3441 Phineas·
1525 3375 1735 3457 filium
1776 3376 2061 3444 Eleazar
2115 3397 2320 3443 sacer·

374 3465 547 3532 doti-s·
602 3464 687 3529 ad
744 3463 998 3541 bellum,
1053 3465 1108 3528 et
1160 3481 1320 3527 vasa
1362 3466 1610 3539 sancta,
1667 3467 1724 3526 et
1772 3464 1952 3530 tubae
2006 3461 2319 3546 clanyoris

372 3555 557 3618 crant
588 3550 661 3613 in
691 3570 889 3614 manu
921 3549 1075 3614 eiua.
1124 3548 1180 3612 7.
1218 3546 1307 3612 Et
1313 3554 1756 3630 puqnaverunt
1785 3554 1999 3614 contra
2020 3548 2319 3626 Madian,

372 3635 893 3720 quemadmodum
922 3638 1328 3715 praeceperat
1369 3632 1598 3699 Iehova
1639 3633 1834 3710 Masi,
1878 3640 1934 3699 et
1973 3636 2322 3702 occiderunt

374 3741 619 3790 omnem
669 3719 1035 3785 masculum.
1126 3719 1185 3784 8.
1252 3718 1451 3801 Reqes
1503 3739 1736 3800 quoque
1779 3719 2056 3786 Madian
2098 3722 2320 3787 occide-

376 3813 530 3875 runt
562 3826 702 3871 cum
735 3807 953 3872 occisis
984 3826 1213 3877 eorum,
1251 3804 1397 3883 Eoi,
1433 3809 1492 3869 et
1525 3804 1766 3886 Recem,
1799 3812 1857 3871 et
1894 3807 2038 3886 Sur,
2074 3813 2131 3874 et
2152 3807 2320 3887 Hur,

377 3898 435 3960 et
493 3892 684 3969 Reba,
741 3894 1013 3973 quinque
1074 3910 1250 3974 reyes
1293 3889 1566 3956 Madian
1581 3915 1600 3954 .·
1662 3897 1719 3956 et
1772 3890 2055 3959 Balaam
2115 3893 2322 3973 filium

376 3977 553 4044 Beor
588 3978 936 4043 occiderunt
969 3976 1201 4060 qladio.
1289 3976 1349 4041 9.
1413 3975 1831 4041 Abduxerunt
1877 3985 2083 4045 autem
2123 3981 2320 4062 eapti-

374 4085 491 4131 vas
508 4063 633 4145 filii
656 4064 861 4128 Israel
881 4082 1110 4128 uxores
1130 4061 1660 4142 Madiam'tarum,
1684 4068 1739 4128 et
1746 4066 2055 4145 parvulos
2086 4086 2318 4143 eorum,

380 4156 563 4231 atque
601 4150 814 4215 omnia
853 4150 1134 4213 iumenta
1173 4168 1384 4213 eorum
1397 4198 1411 4224 ,
1471 4150 1796 4231 omniaque
1824 4171 2054 4232 pecora
2091 4171 2319 4229 eorum,

381 4242 440 4303 et
457 4256 690 4300 omnem
721 4234 1133 4300 substantiam
1168 4253 1381 4299 eorum
1397 4236 1693 4314 praedati
1711 4241 1871 4301 sunt.
1942 4236 2043 4302 10.
2096 4237 2322 4303 Omnes

382 4341 619 4405 quoque
671 4321 852 4385 urbes
908 4339 1121 4385 eorum
1149 4340 1272 4401 per
1312 4319 1723 4385 habitationes
1765 4342 1975 4387 eorum
2015 4328 2071 4387 et
2115 4342 2323 4389 omnes

383 4409 567 4475 aedes
649 4406 1108 4472 combusserunt
1190 4407 1342 4488 iqui.
1435 4404 1534 4471 11.
1608 4407 2027 4490 Tuleruntque
2111 4410 2322 4474 omnia

382 4492 618 4577 spolia,
674 4497 730 4555 et
780 4511 1017 4557 omnem
1044 4492 1389 4572 praedam,
1441 4497 1571 4557 tam
1611 4493 1686 4558 de
1738 4493 2090 4559 hominibus
2130 4514 2323 4576 quam

384 4581 460 4646 de
491 4577 799 4643 inmania.
870 4578 970 4642 12.
1029 4577 1118 4641 Et
1150 4577 1541 4641 adduxerunt
1581 4578 1667 4643 ad
1700 4578 1923 4645 Mosen
1953 4585 2008 4645 et
2043 4579 2324 4645 Eleazar

382 4665 770 4741 sacerdotem
813 4668 868 4727 et
908 4664 993 4729 ad
1031 4662 1558 4745 conqreqationem
1595 4663 1876 4744 filiorum
1909 4667 2136 4744 Israel,
2179 4686 2323 4748 cap-

383 4750 697 4829 nvitatm,
742 4754 799 4814 et
818 4750 1146 4828 praedam,
1192 4753 1247 4813 et
1278 4748 1481 4827 spotia
1513 4750 1599 4814 ad
1630 4755 1835 4815 castra
1871 4752 2018 4834 ipsa
2050 4754 2121 4816 in
2155 4773 2323 4816 cam-

567 4836 580 4848 '
754 4834 981 4914 Moab,
1035 4854 1196 4916 quae
1242 4838 1389 4897 emat
1440 4837 1624 4900 iuxta
1675 4834 2006 4901 Iordanem
2059 4837 2321 4904 Imm.

388 4922 486 4987 13.
554 4920 820 5005 Eqressi
859 4926 1006 4985 sunt
1046 4940 1189 5004 erqo
1235 4918 1441 4985 Moses
1482 4925 1537 4984 et
1577 4920 1858 4988 Eleazar
1904 4925 2220 5002 sacerdot,
2269 4928 2327 4987 et

384 5027 593 5075 omnes
641 5007 967 5089 principes
1037 5007 1515 5090 conqreqationis
1573 5008 1648 5071 in
1711 5027 2031 5075 occursum
2107 5029 2324 5076 eorum

384 5098 563 5160 extra
602 5097 830 5159 castra.

558 5265 615 5329 1.
680 5261 769 5329 Ec
822 5263 1107 5344 loquutus
1149 5269 1237 5329 est
1278 5263 1522 5329 lehova.
1610 5263 1797 5329 Inter
1854 5265 2017 5330 alias
2064 5287 2322 5349 praero-

388 5352 644 5435 gativas
701 5349 934 5432 quibus
978 5348 1312 5416 ecclesiam
1370 5370 1554 5417 suam
1598 5348 1787 5415 Deus
1829 5353 2119 5430 ornavit,
2166 5353 2326 5419 haec

1797 442 2206 510 REDITUS
2253 443 2381 508 AD
2426 443 2977 512 HISTORIAM.

4254 442 4382 508 314

2431 631 2798 698 celebratur
2813 684 2827 710 ,
2894 631 3067 717 quod
3129 632 3273 717 pios
3341 632 3728 711 armaverit,
3797 631 3880 697 ad
3943 630 4378 699 exercendam

2431 717 2789 787 vindictam
2878 720 2948 784 in
3026 720 3360 803 gentibus,
3443 726 3519 783 ut
3594 725 4036 800 exsequantur
4110 720 4181 783 in
4246 717 4380 784 illis

2432 801 2742 870 iudicium
2788 806 3126 889 scriptum.
3214 805 3361 871 Etsi
3406 813 3625 869 autem
3667 803 3736 868 id
3777 804 3915 868 fore
3959 804 4080 869 sub
4126 803 4379 870 Christi

2431 910 2638 973 regno
2702 893 3097 973 pronunciat
3149 889 3417 973 spiritus
3481 887 3683 975 (Psal.
3753 889 3905 968 149,
3976 888 4073 976 7),
4146 888 4382 954 alludit

2433 986 2656 1041 tamen
2710 975 2793 1041 ad
2849 984 3111 1043 vetusta
3167 975 3499 1059 exempla,
3565 996 3649 1039 ex
3712 973 3945 1058 quibus
4011 996 4217 1040 unum
4273 974 4380 1042 hic

2431 1060 2674 1145 legitur
2718 1073 3079 1128 memoratu
3123 1061 3414 1145 dignum.
3476 1060 3688 1142 Impia
3729 1061 4204 1143 conspiratione
4238 1080 4380 1128 seso

2432 1145 2837 1213 Madianitae
2880 1147 3260 1214 extulerunt
3304 1147 3386 1212 ad
3422 1145 3828 1229 perdendum
3870 1146 4000 1212 Dei
4043 1147 4378 1230 populum,

2434 1231 2636 1298 huius
2694 1232 3101 1299 crudelitatis
3161 1232 3514 1299 vindictam
3560 1231 3924 1316 suscipiens
3965 1233 4180 1310 Deus,
4240 1232 4378 1297 sin·

2433 1318 2664 1401 gulare
2706 1320 2966 1403 paterni
3008 1339 3166 1403 erga
3207 1318 3542 1384 Israelitas
3583 1316 3825 1382 favoris
3869 1320 4198 1400 specimen
4242 1319 4377 1383 edi-

2434 1403 2562 1468 dit:
2600 1403 2713 1470 sed
2748 1426 2859 1471 eos
2881 1404 3289 1472 constituens
3322 1403 3542 1469 iudicii
3580 1403 3682 1467 sui
3714 1403 4066 1482 ministros,
4101 1405 4378 1489 gratiam

2433 1510 2621 1554 suam
2664 1489 2969 1574 duplicat.
3015 1492 3228 1556 Docet
3261 1509 3421 1573 ergo
3465 1488 3574 1555 hic
3601 1486 3780 1555 locus
3824 1509 4017 1571 quam
4063 1489 4379 1555 sollicitus

2435 1575 2632 1641 fuerit
2675 1577 2862 1643 Deus
2906 1576 2986 1642 de
3030 1575 3242 1642 salute
3284 1575 3506 1659 populi
3549 1574 3754 1653 electi,
3797 1574 3956 1639 dum
3998 1575 4137 1641 eius
4182 1575 4381 1641 hosti-

2436 1659 2558 1726 bus
2602 1682 2672 1727 se
2713 1662 2809 1727 ita
2851 1663 3170 1746 opposuit,
3208 1681 3284 1727 ac
3325 1663 3384 1725 si
3425 1661 3644 1726 omnia
3686 1659 3889 1726 vellet
3930 1659 4170 1726 habere
4212 1682 4383 1727 com-

2434 1747 2682 1813 munia.
2771 1747 2905 1814 Sed
2949 1747 3240 1813 notanda
3279 1747 3478 1813 simul
3512 1746 3810 1812 beneficii
3852 1747 4162 1826 accessio,
4207 1747 4380 1830 quod

2433 1833 2611 1915 ipsos
2663 1833 2999 1899 Israelitas
3016 1883 3033 1908 ,
3090 1833 3390 1916 quamvis
3433 1853 3565 1898 non
3609 1839 3828 1898 essent
3870 1840 4061 1897 extra
4098 1831 4377 1917 culpam,

2436 1917 2748 2003 dignatus
2771 1929 2874 1986 est
2894 1918 3139 1985 iudices
3173 1917 3553 1984 Madianitis
3587 1919 3958 2002 praeficere.
4026 1917 4378 1984 Caeterum

2436 2026 2642 2088 quum
2684 2005 2924 2089 ubique
2967 2026 3120 2071 suos
3165 2025 3204 2068 a
3246 2004 3603 2089 cupiditate
3648 2002 3971 2070 vindictae
4012 2003 4376 2086 prohibeat,

2434 2090 2722 2156 tenenda
2765 2101 2865 2156 est
2908 2089 3244 2157 distinctio
3300 2091 3474 2156 inter
3519 2089 3863 2154 hominum
3904 2089 4268 2155 vindictam
4312 2097 4379 2156 et

2432 2177 2645 2261 ipsius
2711 2177 2856 2243 Dei.
2946 2176 3114 2243 Vult
3189 2195 3414 2243 servos
3492 2194 3643 2241 suos
3708 2175 4031 2257 patienter
4098 2175 4378 2241 iniurias

2434 2262 2732 2341 ferendo,
2792 2264 3056 2329 vincere
3107 2263 3275 2327 bono
3330 2261 3612 2328 malum:
3676 2262 3926 2326 interea
3982 2282 4053 2327 80
4106 2261 4379 2327 minime

2431 2349 2698 2433 proprio
2741 2348 3016 2433 imperio
3060 2347 3317 2414 abdicat
3331 2398 3347 2425 ,
3407 2347 3569 2430 quin
3610 2366 3811 2429 penes
3854 2347 4067 2429 ipsum
4112 2354 4378 2413 maneat

2431 2435 2536 2501 ius
2594 2435 2965 2500 ulciscendi.
3053 2434 3199 2499 Imo
3243 2434 3493 2502 Paulus
3547 2432 3770 2498 fideles
3830 2432 3913 2497 ad
3956 2431 4378 2499 tolerantiam

2431 2521 2685 2586 hortari
2751 2521 2979 2586 volens
2997 2571 3012 2598 ,
3093 2519 3176 2586 ad
3255 2521 3381 2586 1100
3445 2518 3845 2602 principium
3910 2537 4022 2582 008
4085 2526 4373 2595 revocat,

2438 2607 2649 2672 Deum
2704 2606 2829 2672 sibi
2885 2627 3145 2672 sumere
3186 2604 3566 2672 vindicandi
3607 2612 3828 2689 partes
3872 2601 4090 2689 (Rom.
4140 2603 4240 2682 13,
4285 2602 4374 2689 4).

2429 2692 2572 2757 Iam
2631 2713 2787 2757 vero
2846 2693 2998 2777 quia
3054 2693 3200 2759 Deo
3244 2692 3521 2757 liberum
3564 2699 3666 2756 est
3707 2710 3843 2754 non
3885 2688 4079 2753 modo
4122 2709 4241 2773 per
4283 2711 4374 2769 se,

2426 2777 2542 2844 sed
2606 2779 2804 2843 etiam
2875 2800 2992 2861 per
3046 2778 3385 2845 ministros
3439 2776 3794 2843 vindictam
3811 2825 3829 2857 ,
3900 2782 4092 2859 prout
4157 2774 4375 2841 visum

2426 2873 2557 2942 est,
2604 2884 2942 2945 exercere,
2984 2884 3121 2929 11011
3164 2871 3463 2948 pugnant
3495 2864 3659 2929 haec
3704 2861 3863 2942 duo,
3906 2861 4188 2927 fraenari
4232 2860 4373 2943 pio·

2424 2969 2575 3016 rum
2640 2951 2914 3016 affectus
2975 2951 3208 3028 verb0,
3275 2971 3358 3015 ne
3414 2950 3576 3016 laesi
3633 2944 3990 3014 vindictam
4037 2954 4368 3029 appetant,

2425 3035 2535 3104 vel
2586 3036 2897 3102 retalient
2952 3035 3171 3101 illatas
3225 3036 3351 3102 sibi
3403 3034 3709 3112 iniurias,
3772 3042 3838 3098 et
3895 3042 4111 3097 tamen
4168 3033 4373 3098 iustos

2425 3142 2501 3188 ac
2535 3122 2863 3206 legitimos
2897 3142 3038 3187 esse
3059 3129 3532 3207 exsequutores
3555 3119 3879 3186 vindictae
3905 3118 4062 3198 Dei,
4093 3118 4205 3184 ubi
4239 3117 4373 3183 illis

2426 3207 2683 3292 gladius
2738 3209 2807 3273 in
2873 3228 3141 3273 manum
3208 3207 3421 3273 datur.
3511 3206 3749 3273 Restat
3805 3213 3883 3269 ut
3938 3205 4047 3286 qui
4108 3203 4189 3268 ad
4249 3203 4372 3269 hoc

2424 3314 2668 3359 munus
2730 3304 3002 3359 vocatus
3056 3300 3158 3359 est
3173 3345 3190 3373 ,
3255 3293 3511 3358 sincero
3575 3291 3712 3356 zelo
3754 3290 4001 3357 scelera
4063 3288 4370 3369 vindicet,

2424 3387 2736 3463 tanquam
2781 3380 2909 3445 Dei
2945 3379 3262 3459 minister,
3305 3400 3439 3444 non
3476 3386 3694 3443 autem
3737 3376 4062 3459 privatam
4107 3396 4371 3441 causam

2423 3485 2646 3549 agens.
2713 3465 2846 3530 Hic
2888 3466 3071 3531 Deus
3115 3486 3356 3531 munus
3400 3461 3755 3530 ulciscendi
3796 3461 4088 3527 iniunxit
4131 3462 4370 3545 populo

2423 3572 2570 3617 suo:
2635 3561 2710 3616 ut
2773 3551 3046 3617 minime
3098 3560 3321 3616 tamen
3379 3549 3754 3634 indulgeret
3814 3547 4033 3614 carnis
4092 3546 4368 3612 libidini.

2425 3637 2541 3704 Sic
2584 3638 2761 3702 0111111
2807 3638 3131 3703 animatos
3186 3658 3328 3703 esse
3383 3637 3701 3719 oportuit,
3758 3644 3834 3699 ut
3888 3633 4105 3716 parati
4149 3641 4370 3698 essent

2424 3724 2763 3807 ignoscere
2806 3722 3221 3800 Madianitis,
3280 3730 3348 3787 et
3389 3731 3609 3787 tamen
3668 3729 3932 3786 strenue
3975 3717 4058 3782 ad
4102 3739 4367 3785 sumeu-

2422 3810 2572 3873 dam
2618 3809 2697 3874 de
2739 3809 2872 3873 illis
2932 3828 3209 3891 poenam
3254 3829 3324 3875 80
3367 3809 3800 3892 accingerent.
3891 3804 4086 3886 Quod
4146 3813 4369 3869 autem

2422 3895 2606 3960 Deus
2662 3915 2821 3979 erga
2864 3894 3263 3960 Madianitas
3320 3914 3589 3960 severus
3631 3891 3833 3957 iudex
3889 3889 4199 3956 Moabitis
4253 3909 4368 3971 pe·

2420 3982 2630 4063 percit
2685 3980 2927 4046 factum
2987 3989 3087 4045 est
3140 3981 3211 4046 in
3266 3979 3547 4064 gratiam
3604 3979 3767 4055 Lot,
3823 3977 3937 4061 qui
3993 3985 4178 4058 pater
4226 3984 4369 4042 erat

2421 4067 2656 4151 gentis.
2745 4063 3078 4132 Admonui
3144 4073 3366 4132 autem
3429 4067 3561 4130 iam
3627 4063 3923 4147 pluribus
3988 4061 4174 4142 locis,
4253 4060 4368 4126 ubi

2420 4153 2661 4218 mentis
2704 4161 2966 4217 nostrae
3007 4161 3273 4235 captum
3316 4158 3632 4234 superant
3676 4149 3804 4214 Dei
3847 4147 4107 4225 iudicia,
4149 4147 4369 4213 sobria

2419 4238 2796 4303 humilitate
2861 4239 3141 4303 dandam
3207 4257 3351 4302 esse
3408 4237 3682 4321 gloriam
3740 4255 4018 4301 arcanae
4072 4233 4210 4299 eius
4266 4253 4367 4298 sa-

2420 4324 2737 4407 pientiae,
2795 4333 2862 4389 et
2917 4323 3103 4389 nobis
3155 4320 3809 4405 incomprehensibili.
3897 4319 4069 4386 Nam
4126 4319 4239 4403 qui
4293 4319 4365 4383 in

2421 4410 2548 4475 1180
2589 4417 2776 4493 parte
2817 4408 2966 4491 plus
3010 4430 3240 4492 sapere
3284 4417 3601 4491 appetunt
3644 4427 3836 4491 quam
3882 4426 4002 4489 par
4045 4413 4176 4482 081,
4223 4425 4366 4471 8080

2423 4495 2622 4562 11111118
2700 4493 3027 4561 efferendo
3092 4495 3433 4579 praecipiti
3507 4494 3779 4559 audacia
3842 4491 4231 4576 demergunt
4293 4490 4364 4553 in

2424 4579 2813 4663 profundam
2871 4580 3214 4665 abyssum,
3271 4600 3401 4663 qua
3458 4579 3722 4645 tandem
3766 4576 4097 4644 absorberi
4138 4596 4365 4641 01111108

2423 4687 2646 4732 00111111
2692 4687 2921 4733 80118118
2964 4685 3227 4731 11000880
3268 4674 3382 4732 081.
3471 4664 3781 4731 Moabitis
3822 4684 4095 4747 poenam
4142 4663 4362 4726 remit-

2424 4761 2567 4817 terc
2609 4774 2728 4818 cur
2769 4773 2901 4817 non
2946 4763 3119 4817 esset
3159 4754 3230 4817 in
3274 4753 3414 4817 eius
3457 4751 3758 4831 arbitrio,
3801 4758 3870 4815 01
3911 4748 4105 4816 81111111
4150 4747 4364 4813 Madi-

2424 4839 2622 4904 anitis
2655 4838 3011 4921 rependere
3048 4858 3242 4922 quam
3286 4839 3499 4903 meriti
3534 4850 3689 4903 sunt
3724 4831 4125 4901 mercedem?
4174 4831 4363 4898 Adde

2425 4925 2594 5007 quod
2663 4924 2927 4989 nonnisi
2991 4924 3073 4988 ad
3137 4934 3397 5007 tempus
3465 4922 3776 4989 Moabitis
3839 4921 4095 5004 ignovit
4159 4917 4363 4984 donec

2424 5031 2535 5075 eos
2579 5009 2932 5075 obstinatio
2974 5009 3449 5076 inexcusabiles
3503 5007 3803 5075 redderet
3843 5014 4184 5089 postquam
4229 5023 4363 5070 non

2424 5095 2619 5161 modo
2677 5096 2860 5161 abusi
2918 5106 3075 5160 sunt
3128 5097 3271 5162 eius
3314 5095 3693 5170 tolerantia,
3750 5092 3864 5158 sed
3908 5091 4147 5155 fratres
4191 5112 4361 5169 suos,

2426 5202 2465 5246 a
2545 5179 2779 5264 quibus
2858 5181 3235 5247 humaniter
3310 5182 3569 5247 tractati
3646 5179 3939 5260 fuerant,
4019 5177 4364 5260 tyrannice

2427 5278 2769 5332 vexarunt.
2858 5267 3066 5334 Porro
3129 5267 3340 5332 voluit
3397 5265 3615 5341 Deus,
3685 5265 3839 5328 vivo
3904 5260 4122 5327 adhuc
4176 5264 4364 5329 Mose

2424 5354 2552 5418 1100
2614 5361 2941 5436 postremo
3017 5361 3166 5420 actu
3231 5373 3459 5418 rursus
3523 5358 3832 5415 testatum
3886 5351 4102 5414 facere
4165 5370 4362 5415 suum
