5017 6142
474 419 563 486 47
1482 411 2064 482 SANCTIONES
2111 415 2172 479 A
2218 409 3014 480 PROMISSIONIBUS
3061 412 3180 477 ΕΤ
3224 410 3511 478 MINIS.
4396 409 4483 476 48

479 613 614 676 tant
665 607 735 672 in
786 604 987 670 medio
1027 608 1380 670 castrorum
1418 607 1695 682 tuorum,
1750 624 1793 667 a
1836 621 2079 667 caesore
2119 601 2433 685 liquorum

480 701 733 761 tuorum
795 711 991 774 usque
1056 690 1142 756 ad
1206 687 1591 754 haurientem
1653 707 1856 771 aquas
1919 692 2096 753 tuas.-
2183 687 2285 752 12.
2357 685 2437 753 Ut

480 786 768 846 transeas
825 778 896 842 in
944 780 1206 858 pactum
1271 772 1536 841 Iehovae
1589 773 1720 841 Dei
1775 774 1902 854 tui,
1965 777 2022 839 et
2095 773 2168 838 in
2224 773 2433 838 iusiu-

480 864 758 932 randum
822 863 962 928 eius
1018 861 1182 944 quod
1238 859 1470 926 1ehova
1526 858 1706 926 Deus
1767 864 1915 925 tuus
1956 859 2186 943 panyit
2240 864 2435 925 tecum

481 950 696 1017 hodie.-
754 949 854 1015 13.
935 946 1015 1015 Ut
1073 950 1308 1013 statuat
1357 950 1411 1011 te
1466 944 1650 1011 hodie
1712 945 1837 1011 sibi
1886 944 2336 1028 inpopulum,
2380 947 2437 1008 et

482 1039 620 1121 ipse
651 1035 737 1101 sit
767 1034 880 1101 tibi
911 1035 984 1100 in
1015 1032 1244 1110 Deum,
1289 1031 1810 1114 quemadmodum
1851 1030 2141 1112 loquutus
2181 1035 2271 1097 est
2303 1029 2434 1109 tibi,

476 1128 539 1189 et
615 1119 1129 1204 quemadmodum
1204 1118 1446 1183 iuravit
1495 1117 1798 1197 patribus
1861 1117 1989 1183 tuis
2002 1165 2020 1195 ,
2086 1114 2432 1194 Abraham,

487 1210 683 1274 Isaac
757 1211 815 1273 et
877 1204 1084 1271 Iacob.
1173 1203 1274 1269 14.
1347 1202 1563 1286 Neque
1626 1202 1943 1269 vobiscum
2013 1202 2172 1268 solis
2223 1221 2436 1285 panqo

470 1299 731 1378 pactum
788 1291 993 1369 istud,
1054 1294 1112 1356 et
1166 1289 1621 1356 iusiurandum
1675 1289 1868 1367 istud,
1958 1286 2060 1354 15.
2129 1286 2255 1354 Sed
2295 1306 2438 1353 cum

483 1401 553 1446 eo
585 1380 696 1462 qui
730 1383 821 1444 est
852 1378 954 1442 hic
987 1376 1308 1443 nobiscum
1348 1380 1529 1440 stans
1570 1373 1750 1441 hodie
1781 1394 1994 1440 coram
2032 1372 2267 1439 Iehova
2302 1371 2437 1438 Deo

483 1470 722 1543 nostro,
788 1468 845 1529 et
900 1482 1041 1528 cum
1101 1482 1169 1528 eo
1232 1461 1344 1544 qui
1382 1480 1507 1526 non
1562 1465 1653 1526 est
1709 1460 1810 1526 hic
1862 1459 2185 1525 nobiscum
2236 1456 2434 1523 hodie.

489 1551 590 1617 16.
672 1550 795 1616 Vos
835 1549 1003 1614 enim
1058 1548 1256 1614 nostis
1307 1547 1610 1629 quomodo
1666 1545 2084 1612 habitavimus
2140 1546 2212 1610 in
2265 1548 2438 1608 terra

484 1637 777 1721 Aeyypti,
819 1641 875 1700 et
907 1633 1204 1716 quomodo
1243 1632 1655 1698 transivimus
1694 1653 1807 1716 per
1847 1632 2123 1698 medium
2159 1630 2437 1714 pentium

476 1742 644 1808 quas
684 1720 1027 1788 transistis.
1096 1719 1198 1784 17.
1258 1717 1348 1782 Et
1381 1718 1634 1785 vidistis
1674 1717 2160 1784 abominationes
2201 1734 2437 1794 earum,

478 1815 539 1876 et
602 1808 777 1875 idola
838 1824 1090 1883 earum,
1154 1804 1422 1888 limium,
1487 1808 1546 1869 et
1612 1803 1916 1887 lapident,
1982 1806 2307 1888 arqentum
2383 1804 2439 1866 et

481 1914 734 1974 aurum,
777 1912 939 1976 quae
979 1895 1126 1956 sunt
1171 1889 1351 1971 apud
1381 1889 1552 1956 illas.
1643 1889 1743 1956 18.
1811 1889 1913 1955 Ne
1942 1888 2104 1971 forte
2146 1889 2233 1953 sit
2274 1889 2438 1952 inter

480 2001 594 2048 vos
654 1981 786 2060 vir,
842 1982 956 2043 aut
996 1976 1256 2055 mulier,
1312 1980 1425 2042 aut
1463 1975 1751 2058 familia,
1803 1980 1920 2041 aut
1972 1973 2203 2051 tribus,
2255 1973 2439 2037 cuius

484 2087 592 2134 cor
646 2068 886 2132 avertat
924 2083 1057 2129 sese
1097 2061 1278 2129 hodie
1318 2081 1361 2126 a
1405 2061 1637 2127 lehova
1691 2061 1828 2128 Deo
1879 2065 2104 2140 vestro,
2159 2064 2213 2123 et
2259 2057 2440 2123 abeat

488 2154 577 2220 ad
636 2149 951 2218 colendum
1015 2149 1161 2215 deos
1217 2148 1493 2231 yentium
1555 2146 1813 2212 harum:
1879 2166 1957 2213 ne
2023 2145 2183 2227 forte
2234 2145 2320 2210 sit
2367 2144 2440 2208 in

484 2237 661 2307 vobis
679 2235 875 2302 radix
892 2233 1281 2318 fructificans
1300 2253 1600 2298 venenum
1621 2238 1675 2298 et
1695 2231 2093 2299 absinthium.
2163 2230 2265 2297 19.
2313 2227 2440 2295 Sit-

486 2345 605 2407 que
645 2341 838 2405 quum
879 2320 1014 2403 ipse
1054 2319 1327 2386 audierit
1366 2317 1555 2386 verba
1607 2317 2060 2385 maledictionis
2100 2316 2318 2395 huius,
2372 2319 2442 2381 ut

488 2408 806 2477 benedicat
845 2405 972 2472 sibi
1013 2407 1083 2472 in
1120 2404 1305 2471 corde
1343 2424 1490 2481 suo,
1534 2404 1826 2471 dicendo.-
1885 2402 2032 2469 Pax
2099 2403 2217 2468 erit
2259 2400 2437 2479 mihi,

489 2497 678 2562 etiam
740 2494 804 2559 si
861 2493 934 2558 in
996 2491 1353 2575 coqitatione
1412 2491 1620 2557 cordis
1680 2491 1805 2556 mei
1882 2488 2314 2555 ambulavero.-
2370 2492 2442 2551 ut

487 2581 688 2649 addat
727 2578 965 2645 ebriam
1004 2577 1258 2643 sitienti.
1325 2575 1430 2641 20.
1499 2575 1646 2641 Non
1674 2574 1948 2657 placebit
1989 2573 2251 2641 Iehovae
2279 2594 2439 2657 par-

488 2687 622 2735 cere
689 2664 814 2743 illi,
856 2663 966 2729 sed
1028 2667 1174 2728 tune
1231 2661 1506 2745 fumabit
1563 2660 1752 2743 furor
1815 2660 2105 2739 Iehovae,
2157 2664 2216 2725 et
2266 2659 2437 2725 zelus

488 2754 629 2821 eius
666 2753 736 2817 in
767 2769 909 2816 eum
940 2749 1186 2814 virum.-
1215 2751 1273 2812 et
1308 2745 1620 2812 recubabit
1651 2748 1723 2812 in
1756 2766 1824 2812 eo
1857 2747 2059 2813 omnis
2089 2744 2439 2812 maledictio

491 2831 2440 2924 quaescriptaestinlibroisto,etdelebit1ehovanomen

492 2925 633 2992 eius
676 2923 751 2988 de
791 2921 906 2987 sub
946 2920 1122 2987 coelo.
1210 2918 1315 2985 21.
1380 2917 1470 2983 Et
1524 2918 1844 3002 separabit
1897 2938 2041 2985 eum
2096 2915 2326 2983 Iehova
2366 2918 2439 2981 in

492 3011 732 3077 malum
787 3007 865 3074 ab
921 3005 1235 3071 universis
1289 3003 1572 3070 tribubus
1625 3004 1896 3070 Israelis
1911 3054 1926 3083 ,
1990 3005 2175 3069 iuxta
2230 3021 2440 3069 omnes

492 3094 956 3163 maledictiones
988 3091 1164 3174 pacti
1204 3092 1430 3173 scripti
1471 3091 1543 3157 in
1585 3089 1744 3156 libro
1784 3090 1940 3174 leyis
1978 3088 2188 3155 huius.

670 3266 771 3331 10.
867 3263 992 3330 Vos
1069 3263 1352 3329 adstatis.
1453 3261 1718 3328 Rursus
1798 3262 2049 3339 Moses,
2125 3269 2437 3340 tanquam

495 3352 845 3436 stipulator
908 3370 947 3415 a
1012 3349 1154 3414 Deo
1217 3347 1678 3431 interpositae,
1748 3347 2227 3430 promulgatam
2287 3366 2327 3408 a
2369 3365 2440 3409 se

493 3438 857 3505 doctrinam
901 3433 1154 3500 solenni
1196 3434 1625 3499 obtestatione
1669 3434 1900 3499 sancit.
1988 3432 2134 3498 Hoc
2175 3429 2443 3497 coneilio

496 3524 658 3591 dicit
712 3521 1042 3588 Israelitae
1097 3530 1273 3585 stare
1318 3541 1451 3585 non
1497 3517 1689 3585 modo
1734 3520 1817 3584 ad
1874 3516 2275 3584 audiendam'
2313 3516 2444 3582 Dei

494 3629 739 3689 vocem,
782 3606 897 3673 sed
939 3606 1022 3672 ad
1057 3603 1283 3671 foedus
1325 3625 1474 3671 cum
1518 3624 1596 3670 eo
1638 3605 2116 3689 paciscendum,
2156 3613 2234 3669 ut
2276 3601 2444 3667 serio

494 3705 565 3763 et
626 3717 756 3780 qua
814 3692 1000 3760 decet
1055 3691 1174 3757 reli
1225 3690 1367 3757 'one
1425 3691 1722 3755 animum
1738 3689 2078 3758 sadiiciant
2127 3689 2210 3756 ad
2252 3708 2443 3771 prae-

494 3782 801 3849 standam
845 3798 1041 3863 quam
1085 3775 1164 3842 de
1210 3786 1404 3843 erunt
1443 3773 1658 3841 fidem.
1739 3777 1879 3842 Nec
1919 3776 2137 3859 capita
2180 3784 2441 3841 tantum

494 3867 864 3951 alloquitur,
900 3862 1014 3931 sed
1049 3871 1392 3947 postquam
1429 3860 1768 3927 exordium
1812 3861 1972 3927 feeit
2004 3883 2045 3927 a
2078 3860 2440 3945 praefectis,

492 3952 878 4030 senioribus,
922 3957 990 4016 et
1023 3948 1204 4028 viris,
1240 3946 1576 4013 descendit
1609 3947 1690 4013 ad
1737 3946 2049 4032 parvulos
2083 3955 2152 4013 et
2186 3966 2446 4021 uxores,

493 4048 573 4107 ut
628 4037 1004 4121 intelligant
1057 4043 1269 4100 totum
1321 4054 1514 4100 suum
1549 4054 1789 4118 genus,
1853 4053 1893 4097 a
1934 4033 2205 4099 minimo
2241 4053 2444 4116 usque

493 4126 576 4194 ad
622 4124 1013 4200 maximum,
1058 4120 1377 4203 obstringi
1412 4119 1496 4185 ad
1540 4118 1932 4186 servandam
1976 4119 2208 4204 legem.
2295 4118 2440 4183 Imo

493 4210 794 4295 adiungit
835 4207 1214 4293 peregrinos
1266 4206 1637 4289 quicunque
1693 4226 1934 4271 nomen
1987 4203 2132 4271 Deo
2175 4205 2441 4274 Israelis

495 4295 828 4374 dederint,
885 4300 954 4359 et
1008 4292 1396 4358 nominatim
1450 4289 1610 4357 dicit
1656 4291 1915 4358 calones
1949 4300 2021 4357 et
2059 4292 2227 4359 lixas
2269 4313 2442 4359 com-

494 4379 816 4468 prehendi
852 4380 926 4444 in
960 4378 1235 4456 foedere,
1282 4397 1408 4460 quo
1443 4378 1649 4443 maior
1683 4377 1913 4463 religio
1949 4376 2179 4444 subeat
2211 4398 2440 4444 eorum

496 4468 752 4536 animos
818 4466 931 4550 qui
995 4465 1315 4549 originem
1396 4461 1645 4529 ducunt
1711 4484 1751 4528 a
1814 4464 2058 4530 sanetis
2122 4465 2438 4547 patribus.

496 4553 604 4621 Ad
648 4553 843 4629 baec,
910 4569 1037 4634 quo
1081 4549 1313 4615 maiori
1361 4549 1784 4614 veneratione
1824 4549 2052 4616 foedus
2088 4552 2438 4635 excipiant,

497 4640 657 4708 dicit
712 4633 1129 4703 iureiurando
1185 4632 1478 4700 stabiliri.
1568 4633 1761 4715 Quod
1823 4635 1880 4699 ei
1926 4637 2097 4701 inter
2137 4636 2439 4705 homines

495 4722 876 4793 detestabile
929 4731 1029 4787 est
1094 4720 1453 4804 periurium
1469 4770 1483 4796 ‚
1552 4719 1760 4787 multo
1816 4721 2037 4788 minus
2100 4722 2441 4788 tolerabile

495 4821 597 4880 est
637 4810 898 4876 irritum
935 4808 1144 4873 facere
1179 4803 1351 4890 quod
1388 4806 1532 4871 Deo
1564 4827 1682 4890 per
1716 4827 1972 4873 sacrum
2018 4808 2157 4874 eius
2202 4829 2439 4873 nomen

495 4896 904 4985 promiseris:
984 4892 1249 4959 tandem
1313 4889 1557 4959 foederi
1634 4894 2068 4959 reverentiam
2137 4894 2441 4960 conciliat

495 4999 632 5051 tam
699 5003 740 5046 a
804 4981 1020 5045 fructu
1085 4999 1279 5064 quam
1350 4999 1390 5043 a
1444 4986 1790 5046 vetustate.
1880 4978 2063 5044 Nihil
2118 4979 2440 5046 Israelitis

494 5066 843 5154 optabilius
903 5086 1096 5149 quam
1149 5064 1436 5148 cooptari
1479 5084 1518 5129 a
1563 5066 1705 5132 Deo
1746 5064 1819 5130 in
1878 5065 2222 5148 populum,
2278 5066 2439 5133 haec

496 5176 653 5241 ergo
710 5150 1235 5235 incomparabilis
1294 5151 1542 5216 utilitas
1599 5151 1832 5217 merito
1894 5149 2117 5216 debuit
2159 5152 2440 5217 amabile

493 5240 722 5309 foedus
756 5236 1045 5303 reddere.
1105 5235 1398 5303 Accessit
1431 5234 1513 5301 ad
1550 5237 1721 5302 tanti
1756 5238 1910 5301 boni
1945 5238 2435 5321 praestantiam,

495 5327 668 5414 quod
733 5324 959 5390 multis
1023 5331 1374 5406 antequam
1440 5322 1578 5387 nati
1644 5332 1868 5388 essent
1930 5322 2242 5402 saeculis,
2304 5323 2436 5388 iam

2538 601 2718 684 ipsos
2784 600 2965 665 Deus
3032 608 3478 667 anteverteret
3540 621 3660 666 sua
3723 600 3957 684 gratia.
4044 601 4261 668 Nimis
4324 621 4485 686 ergo

2535 686 2921 769 probrosum
2966 686 3089 750 fuit
3133 700 3268 752 tam
3312 687 3575 770 insigne
3621 686 3864 751 amoris
3908 686 4148 770 pignus
4191 707 4324 752 non
4367 710 4484 755 cu-

2540 770 2689 855 pide
2748 782 2815 837 et
2858 771 3167 838 ardenter
3224 772 3548 855 amplecti.
3638 772 3999 853 Quaeritur
4058 779 4279 838 tamen
4369 794 4486 840 uo·

2536 855 2731 923 modo
2797 858 2864 922 in
2929 857 3155 923 foedus
3221 858 3607 925 transierint
3670 858 3962 941 parvuli,
4028 860 4143 942 qui
4192 880 4324 925 non
4371 881 4485 925 um

2538 964 2654 1026 per
2712 952 2993 1009 aetatem
3052 943 3272 1009 idonei
3327 954 3518 1009 erant
3561 942 3642 1008 ad
3688 942 4103 1009 discendum:
4148 946 4486 1029 responsio

2535 1029 2610 1093 in
2665 1039 2969 1112 promptu
3014 1038 3147 1109 est,
3208 1029 3508 1113 quamvis
3556 1027 3686 1094 fide
3728 1050 3861 1095 non
3906 1030 4284 1113 exciperent
4338 1052 4488 1115 pro·

2539 1114 2808 1181 missam
2851 1115 3129 1182 salutem
3149 1166 3164 1193 ,
3209 1136 3424 1199 neque
3467 1115 3754 1181 vicissim
3800 1115 3985 1182 carni
4027 1117 4490 1184 renunciarent

2539 1199 2623 1266 ad
2689 1222 2759 1266 se
2805 1201 2977 1284 ipsos
3022 1202 3164 1266 Deo
3209 1200 3550 1277 dicandos‚
3617 1201 3845 1266 eodem
3909 1201 4054 1266 iure
4102 1202 4241 1268 Deo
4281 1203 4485 1270 fuisse

2540 1285 2881 1353 devinctos
2961 1308 3089 1370 quo
3155 1307 3225 1352 se
3290 1297 3510 1370 patres
3568 1286 3960 1370 obligabant.
4051 1287 4220 1373 Nam
4283 1309 4484 1371 quum

2538 1372 2842 1438 omnibus
2882 1374 3245 1439 eommunis
3290 1380 3464 1438 esset
3504 1372 3746 1455 gratia,
3799 1380 4067 1439 mutuus
4110 1373 4193 1438 ad
4239 1383 4484 1441 testan-

2540 1456 2691 1523 dam
2732 1457 3206 1543 gratitudinem
3250 1478 3608 1526 consensus
3644 1477 3787 1523 esee
3844 1457 4094 1524 debuit:
4152 1469 4228 1525 ut
4284 1481 4487 1545 quum

2538 1543 2723 1626 pueri
2768 1544 3209 1610 adolevissent
3250 1544 3596 1610 alacriores
3639 1551 3860 1609 essent
3893 1545 3976 1609 ad
4020 1544 4314 1611 studium
4357 1547 4491 1630 pie-

2540 1629 2729 1708 tatis,
2784 1629 2939 1696 dum
2996 1631 3390 1713 reputabant
3431 1629 3564 1694 iam
3622 1638 3779 1695 ante
3820 1651 3892 1695 se
3939 1630 4078 1695 Deo
4121 1630 4328 1697 fuisse
4372 1631 4486 1697 ad-

2540 1715 2763 1781 dictos.
2853 1716 2958 1781 Ab
3011 1728 3197 1781 utero
3242 1716 3420 1781 enim
3480 1715 3881 1783 circumcisio
3926 1716 4055 1782 illis
4100 1725 4245 1782 erat
4287 1717 4487 1801 adop·

2539 1802 2738 1866 tionis
2795 1802 3185 1886 symbolum.
3272 1801 3453 1886 Ergo
3508 1802 3808 1885 quamvis
3867 1802 4155 1868 nondum
4202 1803 4331 1868 fide
4374 1811 4489 1870 aut

2538 1886 2978 1971 intelligentia
3012 1896 3234 1954 essent
3269 1885 3571 1970 praediti,
3615 1898 3890 1971 paterna
3915 1887 4058 1953 Deo
4092 1890 4164 1953 in
4198 1908 4311 1954 eos
4345 1897 4489 1955 erat

2537 1980 2845 2122 potestas,
2890 1974 3002 2056 qui
3046 1982 3231 2038 tanto
3271 1973 3449 2056 ipsos
3490 1972 3737 2038 honore
3781 1972 4087 2057 dignatus
4130 1985 4289 2040 erat.
4376 1973 4488 2043 Sic

2590 2057 2735 2124 odie
2788 2059 3111 2142 baptismo
3167 2059 3514 2123 initiantur
3563 2059 3853 2124 infantes
3916 2060 3984 2123 in
4037 2060 4288 2126 cultum
4339 2061 4487 2140 Dei,

2540 2165 2732 2228 quem
2790 2145 3082 2210 nondum
3140 2154 3571 2229 cognoscunt:
3641 2145 3793 2227 quia
3850 2166 3958 2212 eos
4013 2145 4138 2211 sibi
4178 2147 4248 2211 in
4291 2168 4490 2230 pecu-

2538 2229 2703 2295 lium
2760 2228 3077 2307 destinat,
3145 2241 3213 2296 et
3270 2231 3439 2295 filios
3483 2230 3606 2296 sibi
3653 2231 3919 2308 asserit,
3977 2232 4085 2297 ubi
4141 2231 4375 2297 inserit
4417 2233 4490 2298 in

2541 2315 2796 2382 Christi
2873 2336 3124 2400 corpus.
3214 2316 3512 2400 Longius
3593 2316 3809 2401 pergit
3872 2315 4123 2396 Moses,
4197 2328 4491 2401 posteros

2539 2401 2767 2467 eodem
2819 2401 3078 2467 foedere
3138 2403 3380 2481 teneri,
3425 2402 3612 2485 quasi
3671 2401 3804 2466 iam
3863 2402 4007 2467 Deo
4063 2404 4487 2488 mancipatos.

2540 2487 2635 2553 Et
2676 2497 2871 2569 certe,
2914 2509 3116 2571 quum
3159 2489 3443 2554 servitus
3486 2486 3567 2552 ad
3609 2487 3896 2554 sobolem
3931 2509 4140 2571 usque
4175 2497 4488 2569 transeat,

2543 2572 2900 2639 absurdum
2958 2573 3167 2639 videri
3223 2595 3359 2638 non
3405 2571 3628 2652 debet,
3690 2574 4082 2639 tantundem
4134 2575 4297 2641 iuris
4345 2577 4489 2642 Deo

2542 2659 2740 2725 tribui
2798 2668 3118 2742 quantum
3184 2660 3307 2725 sibi
3372 2657 3730 2725 vendicant
3791 2659 4092 2726 homines
4159 2661 4487 2728 mortales.

2540 2744 2961 2811 Tantundem
2983 2745 3186 2826 igitur
3210 2744 3387 2812 valet
3413 2764 3627 2811 sermo
3656 2764 3733 2809 ac
3767 2746 3825 2811 si
3859 2744 4173 2812 admoniti
4211 2748 4492 2815 fuissent

2541 2830 2897 2909 Israelitae,
2935 2829 3172 2899 sobolis
3215 2832 3479 2896 nomine
3519 2831 3695 2913 ipsos
3736 2852 3888 2897 cum
3931 2830 4076 2898 Deo
4110 2834 4370 2916 pacisci,
4417 2840 4490 2899 ut

2542 2938 2614 2983 se
2656 2925 2725 2982 et
2769 2937 2922 2982 suos
2966 2919 3034 2982 in
3080 2917 3220 2983 eius
3264 2917 3643 2999 obsequium
3688 2917 4045 2983 traderent.

2719 3002 2818 3069 16.
2903 3003 3029 3069 Vos
3063 3005 3227 3068 enim
3267 3004 3481 3069 nostis.
3573 3001 3834 3071 Scimus
3888 3004 4183 3069 novitate
4226 3014 4302 3070 ut
4342 3004 4490 3090 plu·

2544 3088 2786 3154 rimum
2834 3090 3092 3154 titillari
3136 3089 3479 3154 hominum
3524 3088 3811 3154 animos:
3861 3087 3929 3154 id
3972 3089 4263 3156 accidere
4304 3097 4491 3174 pote-

2543 3184 2649 3239 rat
2682 3173 3019 3254 Israelitis,
3056 3195 3256 3259 quum
3293 3186 3532 3239 terram
3565 3174 3883 3240 Chanaan
3916 3175 4215 3260 ingressi,
4251 3177 4491 3244 multas

2544 3259 2951 3327 idololatrias
2999 3259 3303 3327 viderent
3346 3261 3529 3343 prius
3571 3260 3968 3344 incognitas,
4013 3282 4177 3346 quae
4219 3262 4491 3328 totidem

2545 3354 2738 3412 erant
2812 3345 2896 3412 ad
2965 3347 3142 3430 ipsos
3216 3345 3666 3429 illaqueandos
3725 3346 4078 3432 decipulae.
4167 3346 4494 3428 Quamvis

2544 3452 2702 3515 ergo
2747 3432 2988 3499 talibus
3030 3432 3414 3516 corruptelis
3457 3431 3748 3498 nondum
3792 3442 4011 3500 essent
4052 3434 4334 3515 assueti,
4381 3455 4493 3501 ve·

2544 3518 2793 3585 teribus
2836 3519 3156 3602 exemplis
3190 3539 3301 3584 eos
3343 3518 3427 3584 ad
3470 3517 3837 3585 cavendum
3872 3518 4196 3585 hortatur.
4263 3519 4493 3605 Neque

2545 3605 2722 3669 enim
2766 3625 2877 3670 eos
2921 3604 3193 3685 latebat,
3253 3602 3473 3669 Deum
3518 3605 3936 3689 aegyptiacae
3977 3606 4491 3689 superstitiones,

2545 3689 2870 3774 simulque
2913 3690 3190 3756 aliarum
3247 3689 3546 3774 gentium
3591 3690 4042 3756 abominatum
4097 3712 4273 3770 esse,
4329 3713 4493 3776 quas

2541 3775 2889 3842 horrendis
2916 3776 3127 3843 modis
3156 3776 3598 3842 damnaverat.
3660 3776 3989 3842 Admonet
4014 3777 4220 3861 igitur
4250 3777 4491 3860 Moses,

2543 3883 2675 3927 non
2741 3882 2884 3928 esse
2949 3884 3069 3929 eur
3131 3862 3411 3947 populus
3477 3861 3560 3929 ad
3605 3862 3902 3929 insolitos
3968 3863 4265 3947 gentium
4323 3865 4492 3931 ritus

2541 3947 2895 4013 imitandos
2929 3949 3193 4026 feratur,
3231 3969 3434 4033 quum
3458 3949 3627 4014 rarie
3651 3946 4056 4015 documentis
4083 3950 4490 4033 cognoverit,

2541 4054 2969 4118 quaecunque
3003 4034 3128 4102 eibi
3170 4036 3484 4120 figmenta
3506 4035 3961 4119 excogitarunt
3982 4035 4292 4118 profanae
4334 4057 4493 4121 gen-

2542 4130 2660 4201 tes,
2702 4120 2846 4185 Deo
2890 4121 3089 4186 fuisse
3130 4141 3341 4187 exosa.
3403 4118 3687 4203 Sumpta
3728 4119 3934 4204 igitur
3976 4127 4077 4187 est
4118 4121 4282 4187 haec
4323 4121 4491 4188 ratio

2544 4206 2626 4271 ab
2669 4206 3158 4289 experimentis,
3203 4205 3442 4289 quibus
3485 4214 3590 4272 sat
3632 4226 3952 4289 superque
3996 4206 4316 4273 admoniti
4351 4207 4492 4275 fue-

2543 4301 2699 4357 runt
2765 4291 3106 4359 Israelitae
3171 4303 3245 4357 ut
3306 4290 3432 4357 sibi
3495 4292 3563 4356 in
3643 4300 3981 4375 posterum
4040 4291 4121 4358 ab
4186 4293 4490 4360 omnibus

2542 4377 2816 4444 fallaciis
2854 4390 3177 4444 caverent.
3267 4376 3491 4458 Quum
3544 4387 3766 4443 autem
3810 4396 3852 4442 a
3894 4378 4173 4463 singulis
4217 4377 4380 4445 viris
4422 4389 4488 4446 et

2495 4478 2501 4499 '
2543 4463 2927 4529 mulieribus
2972 4466 3210 4529 transit
3251 4462 3335 4528 ad
3377 4462 3665 4530 familias
3708 4472 3776 4530 et
3816 4464 4033 4530 tribus
4074 4486 4312 4548 usque,
4353 4465 4488 4550 sig·

2543 4549 2766 4616 nificat
2841 4570 2949 4615 eos
3024 4549 3137 4632 qui
3206 4548 3471 4615 sceleris
3548 4551 3854 4616 societate
3934 4559 4089 4616 sunt
4165 4550 4486 4634 impliciti,

2540 4636 2791 4702 frustra
2848 4654 3163 4718 quaerere
3209 4635 3279 4700 in
3337 4636 3536 4701 turba
3590 4636 4057 4719 patrocinium:
4129 4639 4282 4720 quia
4351 4658 4484 4703 non

2542 4722 2759 4787 minus
2845 4730 2983 4787 tota
3059 4741 3218 4803 gene
3288 4742 3486 4804 quam
3569 4743 3744 4788 unus
3829 4722 4023 4788 homo
4114 4721 4481 4789 damnetur.

2541 4805 2736 4888 Quod
2793 4806 2862 4872 in
2921 4808 3049 4872 fine
3094 4828 3325 4873 versus
3369 4807 3600 4874 decimi
3645 4808 3856 4874 octavi
3900 4806 4194 4874 additur:
4251 4809 4356 4876 Ne
4399 4810 4486 4875 sit

2539 4894 2612 4957 in
2669 4893 2851 4958 vobis
2895 4891 3117 4971 radix,
3164 4902 3285 4960 etc.
3324 4893 3558 4977 frigide
3600 4894 3681 4958 ab
3725 4892 3873 4958 aliie
3917 4892 4182 4961 videtur
4226 4896 4483 4978 exponi,

2537 4999 2624 5044 ne
2679 4978 2814 5043 sint
2869 4978 3182 5045 virulenti
3233 4979 3534 5046 homines
3577 4978 3687 5062 qui
3743 4979 3992 5045 fructus
4035 5000 4295 5047 amaros
4337 4979 4483 5048 Deo

2538 5063 2890 5147 proferant.
2947 5065 3118 5130 Nam
3162 5086 3281 5149 per
3322 5066 3605 5131 radicem
3649 5066 3859 5151 magis
3895 5065 4193 5150 intelligo
4227 5066 4484 5134 occulta

2540 5150 2844 5217 vitiorum
2913 5151 3262 5235 principia,
3329 5151 3564 5236 quibus
3629 5151 3760 5218 nisi
3823 5161 4080 5218 mature
4137 5171 4482 5219 occursum

2523 5236 2768 5316 fuerit,
2812 5235 3098 5304 collectis
3143 5237 3399 5304 viribus
3442 5244 3815 5320 emergunt,
3864 5245 3928 5303 et
3974 5258 4233 5304 sursum
4267 5259 4340 5303 se
4381 5246 4481 5304 at·

2539 5322 2815 5408 tollunt,
2873 5320 3390 5390 dissimulatione
3444 5323 3617 5389 enim
3665 5336 3730 5389 et
3772 5324 4192 5390 conniventia
4248 5326 4482 5392 crescit
