5017 6142
576 428 704 496 447

579 617 660 683 ad
726 614 1183 683 traiiciendum
1243 616 1457 682 fuerat
1521 616 1918 699 praefixum,
1984 635 2061 680 ea
2126 621 2346 681 autem
2401 634 2519 698 spe

578 700 1062 782 deiiciebantur,
1105 722 1283 770 nunc
1326 700 1626 767 hortatur
1659 720 1769 768 eos
1801 700 2012 780 Iosue,
2058 709 2135 766 ιιι
2168 699 2517 767 obstaculis

577 810 653 856 ac
709 788 1199 854 difficultatibus
1254 786 1475 854 valere
1509 787 1734 867 iussis,
1789 787 2026 853 attenti
2069 786 2205 852 sint
2253 784 2335 849 ad
2386 784 2517 852 Dei

576 875 908 941 virtutem.
998 873 1150 939 Etsi
1195 873 1372 939 enim
1428 872 1723 939 nondum
1777 871 2161 957 designatur
2215 870 2518 937 miraculi

576 960 820 1038 forma,
879 957 1037 1025 dum
1079 966 1298 1024 tamen
1357 978 1507 1024 arca
1558 956 1834 1024 foederis
1880 957 2263 1043 producitur
2305 958 2519 1023 instar

577 1044 807 1113 vexilli
849 1044 930 1111 ad
974 1043 1100 1110 iter
1141 1041 1498 1128 regendum
1517 1094 1533 1122 ,
1592 1043 1896 1129 colligere
1953 1054 2327 1127 promptum
2372 1042 2517 1122 fuit,

578 1131 798 1199 Deum
854 1127 1096 1214 aliquid
1154 1129 1489 1196 insolitum
1540 1149 1788 1213 parare.
1878 1130 1976 1196 Ac
2019 1127 2178 1194 dum
2220 1129 2520 1211 suspensi

579 1224 919 1293 tenentur,
973 1217 1210 1281 iterum
1255 1215 1426 1282 serio
1467 1215 1774 1281 examine
1812 1214 2085 1299 probata
2128 1214 2253 1281 fuit
2293 1235 2517 1280 eorum

578 1302 773 1371 fides.-
814 1301 967 1386 quia
1006 1320 1195 1367 rarae
1238 1301 1503 1369 virtutis
1543 1299 1705 1381 fnit,
1749 1309 2095 1386 praecepto
2137 1299 2521 1383 simpliciter

578 1408 826 1455 morem
883 1407 1144 1473 gerere:
1222 1395 1416 1471 atque
1478 1386 1576 1452 ita
1640 1407 1859 1453 arcam
1924 1387 2105 1470 sequi
2171 1406 2375 1469 quum
2440 1384 2522 1451 de

577 1493 882 1541 successu
945 1472 1239 1539 nondum
1291 1472 1487 1556 plane
1543 1471 1753 1539 edocti
1810 1482 2046 1538 essent.
2133 1471 2338 1556 Atqui
2398 1471 2522 1538 hoc

577 1559 999 1644 praecipuum
1055 1564 1157 1625 est
1213 1556 1365 1624 fidei
1421 1567 1619 1643 caput
1634 1608 1650 1636 ,
1705 1578 1838 1624 non
1895 1557 2227 1642 inquirere
2269 1557 2523 1624 curiose

581 1643 736 1729 qnid
803 1644 1097 1711 facturus
1161 1645 1249 1710 sit
1313 1643 1498 1710 Deus
1513 1694 1530 1723 ,
1597 1664 1717 1711 nec
1779 1641 2107 1709 subtiliter
2164 1643 2524 1726 disceptare

580 1729 901 1814 quomodo
941 1730 1084 1796 fieri
1130 1728 1337 1814 possit
1380 1728 1553 1813 quod
1595 1729 2021 1813 pronunciat:
2057 1749 2290 1796 verum
2330 1747 2525 1795 curas

579 1837 808 1883 omnes
886 1814 1125 1900 quibus
1204 1815 1540 1899 angimur,
1620 1814 1887 1882 reiicere
1949 1816 2021 1880 in
2097 1814 2240 1881 eius
2304 1812 2526 1897 provi·

579 1902 903 1969 dentiam:
945 1907 1016 1968 et
1056 1901 1365 1984 quoniam
1406 1901 1727 1967 immensa
1769 1907 1869 1967 est
1909 1900 2053 1966 eius
2094 1900 2404 1985 potentia,
2452 1907 2524 1964 ut

581 1990 650 2054 in
695 2008 841 2053 eam
886 1987 1360 2066 recumbamus,
1404 2006 1638 2053 sensus
1679 1994 1939 2052 nostros
1981 1985 2276 2051 attollere
2319 2004 2525 2068 supra

575 2072 919 2153 mundum,
947 2081 1016 2138 et
1047 2070 1176 2138 fide
1213 2072 1516 2156 amplecti
1549 2070 1722 2155 quod
1758 2072 2010 2138 ratione
2047 2092 2182 2138 non
2205 2070 2519 2154 capimus.

752 2158 811 2225 4.
873 2157 1311 2225 Verumtamen
1365 2159 1788 2224 interstitium.
1879 2156 2101 2239 Quum
2160 2155 2523 2222 minoribus

579 2244 837 2311 Levitis
854 2293 870 2322 ,
924 2243 1156 2328 quibus
1207 2242 1564 2328 gestandae
1618 2262 1809 2309 arcae
1844 2243 2148 2310 iniuncta
2187 2251 2330 2309 erat
2372 2262 2523 2325 pro-

579 2330 814 2411 vincia,
854 2350 1079 2396 severe
1113 2328 1531 2396 interdictum
1567 2328 1769 2395 fuerit
1802 2349 1886 2395 ne
1920 2349 2066 2395 eam
2103 2328 2524 2413 attingerent,

582 2413 687 2483 vel
739 2414 984 2481 nudam
1045 2414 1493 2497 conspicerent
1545 2411 1772 2500 (Num.
1822 2413 1898 2494 4,
1948 2413 2085 2501 15),
2144 2413 2387 2498 vulgus
2441 2413 2523 2478 ab

577 2501 755 2568 illius
799 2520 1060 2568 accessu
1114 2499 1314 2585 longa
1357 2499 1668 2565 distantia
1722 2499 2057 2584 prohiberi
2099 2500 2343 2565 mirum
2387 2518 2523 2563 non

577 2596 696 2654 est.
782 2586 963 2671 Ergo
1006 2584 1502 2652 commendatur
1545 2605 1736 2652 arcae
1780 2583 2087 2670 dignitas,
2137 2584 2297 2650 dum
2340 2582 2523 2649 iube-

578 2680 686 2738 tur
740 2673 1023 2757 populus
1079 2670 1274 2756 longe
1316 2690 1387 2737 se
1430 2669 1514 2737 ab
1571 2671 1714 2737 eius
1771 2690 2034 2738 accessu
2088 2667 2522 2744 subducendo,

576 2758 1063 2825 venerationem
1120 2776 1307 2822 suam
1363 2756 1608 2822 testari.
1695 2756 1786 2822 Et
1835 2757 2078 2824 scimus
2123 2754 2276 2840 quid
2323 2754 2524 2821 Uziae

577 2843 664 2931 (2.
710 2842 822 2911 Sa.
868 2843 943 2921 6,
989 2840 1057 2928 6)
1101 2842 1480 2926 contigerit,
1525 2840 1682 2906 dum
1726 2862 1870 2908 eam
1914 2862 1955 2907 a
1996 2841 2271 2925 petulcis
2314 2840 2525 2906 bobus

577 2929 801 2997 excuti
844 2927 1095 3005 videns,
1141 2927 1280 2993 zelo
1313 2925 1789 2993 inconsiderato
1824 2948 2092 2994 manum
2133 2946 2323 2994 suam
2367 2947 2526 3009 sup·

623 3015 781 3082 cnit.
871 3012 1194 3095 Quamvis
1250 3013 1425 3079 enim
1482 3012 1890 3080 familiariter
1933 3034 2054 3080 nos
2096 3011 2180 3078 ad
2220 3033 2293 3080 se
2335 3010 2525 3078 Deus

574 3100 844 3178 invitet,
888 3098 1131 3164 fiducia
1173 3105 1395 3163 tamen
1441 3099 1860 3166 securitatem
1907 3109 1973 3166 et
2017 3098 2358 3165 audaciam
2401 3097 2524 3163 mi-

579 3187 753 3252 nime
794 3184 1030 3269 gignit,
1075 3184 1232 3267 quin
1277 3185 1495 3271 potius
1536 3204 1793 3267 semper
1836 3187 2185 3251 coniuncta
2227 3193 2330 3250 est
2373 3203 2525 3249 cum

576 3280 780 3337 metu.
868 3270 1015 3335 Hac
1070 3271 1325 3337 ratione
1367 3289 1518 3336 arca
1573 3269 1855 3337 foederis
1900 3291 2105 3338 suave
2149 3269 2412 3355 quidem
2456 3277 2524 3335 et

575 3354 940 3423 iucundum
997 3354 1120 3421 fuit
1175 3355 1427 3440 gratiae
1468 3355 1599 3423 Dei
1652 3355 1925 3442 pignus:
1991 3364 2069 3422 ιιι
2122 3362 2346 3422 tamen
2388 3355 2520 3420 for-

577 3440 905 3508 midabilis
962 3449 1139 3508 esset
1181 3442 1322 3508 eius
1374 3441 1681 3508 maiestas
1723 3441 1807 3508 ad
1863 3441 2258 3509 domandam
2304 3440 2523 3509 carnis

576 3526 965 3611 superbiam.
1054 3527 1262 3593 Porro
1317 3524 1480 3595 haec
1542 3526 1880 3595 humilitas
1935 3535 2004 3595 et
2057 3526 2377 3593 modestia
2432 3525 2524 3591 si-

576 3612 716 3679 mul
776 3611 856 3678 ad
914 3611 1118 3677 fidem
1173 3611 1608 3680 exercendam
1668 3613 1873 3681 valuit
1927 3633 2010 3681 ne
2054 3613 2183 3680 Dei
2282 3612 2522 3679 ratiam

577 3699 775 3764 nimis
838 3697 1137 3782 angustis
1198 3698 1439 3765 finibus
1504 3699 2060 3783 constringerent,
2147 3720 2179 3765 s
2325 3697 2522 3782 longe

577 3784 789 3850 dissiti
853 3781 936 3848 ab
998 3803 1168 3862 arca,
1252 3791 1619 3850 statuerent
1694 3784 2129 3869 propinquam
2192 3785 2315 3851 sibi
2380 3803 2525 3850 esse

575 3868 705 3935 Dei
787 3868 1122 3936 virtutem.
1208 3869 1290 3935 In
1355 3870 1488 3936 fine
1554 3891 1781 3937 versus
1847 3869 2247 3949 ostenditur,
2327 3889 2522 3953 quam

576 3955 1012 4022 necessarium
1075 3954 1208 4021 illis
1264 3954 1352 4021 sit
1406 3954 1721 4022 divinitus
1776 3956 1916 4040 regi
1971 3976 2088 4040 per
2138 3955 2267 4023 iter
2309 3955 2526 4040 incog-

578 4041 819 4108 nitum:
865 4049 941 4106 ut
982 4039 1350 4107 sollicitudo
1395 4048 1463 4106 et
1483 4049 1699 4109 metus
1735 4061 1843 4108 eos
1880 4041 2003 4108 sub
2040 4061 2228 4108 arcae
2270 4051 2524 4126 protec-

579 4127 758 4193 tione
802 4127 1150 4192 contineat.

749 4210 811 4277 5.
884 4210 1157 4278 Dixerat
1210 4211 1417 4278 Iosue.
1503 4212 1846 4280 Insolitam
1903 4213 2167 4297 quidem
2223 4212 2351 4279 Dei
2408 4233 2523 4297 po-

581 4296 859 4362 tentiam
922 4296 994 4361 in
1056 4297 1324 4363 ferendo
1390 4298 1635 4365 auxilio
1700 4299 1975 4382 proponi
2040 4299 2360 4383 oportuit,
2439 4318 2526 4364 ne

581 4382 892 4468 segnities
954 4403 1039 4447 ex
1106 4382 1538 4450 haesitatione
1617 4404 1943 4452 remoram
2000 4385 2314 4451 adferret:
2386 4402 2525 4467 ¹quo

581 4477 804 4535 tamen
860 4467 1221 4551 penderent
1272 4466 1611 4536 Israelitae
1670 4491 1753 4537 ex
1820 4492 1999 4538 mero
2044 4470 2169 4537 Dei
2233 4469 2525 4550 consilio,

578 4554 862 4639 speciem
927 4553 1225 4620 miraculi
1289 4555 1584 4622 nondum
1657 4566 1881 4641 aperte
1944 4556 2247 4639 designat
2309 4553 2526 4636 Inane,

580 4642 709 4706 nisi
767 4640 933 4705 forte
975 4659 1110 4706 uno
1151 4649 1467 4707 contextu
1510 4641 1727 4726 legere
1780 4640 2035 4726 placeat
2089 4639 2259 4725 quod
2324 4641 2526 4726 paulo

579 4736 727 4812 post
803 4725 1113 4809 sequitur.
1215 4728 1437 4810 Atque
1516 4727 1675 4795 haec
1749 4749 1907 4795 vera
1991 4726 2142 4795 fidei
2227 4726 2528 4811 probatio

581 4820 701 4893 est,
734 4813 828 4879 sic
865 4811 1242 4878 recumbere
1264 4811 1337 4877 in
1363 4811 1493 4877 Dei
1526 4811 1890 4890 consilium,
1928 4823 2002 4879 ιιι
2038 4833 2171 4879 non
2205 4811 2525 4878 scisscite·

579 4918 731 4964 mur
774 4897 971 4963 nimis
1013 4899 1211 4963 anxie
1244 4897 1326 4964 de
1358 4898 1568 4964 forma
1611 4898 1848 4983 agendi
1881 4899 1990 4965 vel
2033 4907 2291 4965 eventu.
2350 4897 2530 4980 Quia

579 4984 856 5051 verbum
899 4996 1042 5073 ΨἾΡ
1088 5004 1266 5051 nunc
1309 5003 1698 5067 praeparare
1739 4984 2082 5070 significat,
2125 5003 2301 5050 nunc
2335 5005 2528 5050 sanc·

582 5069 853 5150 tificare,
897 5076 965 5135 et
1008 5076 1284 5152 uterque
1329 5090 1561 5136 sensus
1606 5090 1738 5136 non
1784 5070 1954 5137 male
1996 5071 2322 5151 convenit,
2366 5069 2529 5136 libe-

581 5176 722 5220 ram
765 5155 1092 5239 optionem
1147 5155 1516 5238 relinquere
1571 5155 1790 5222 visum
1833 5165 1950 5222 est.
2040 5155 2214 5222 Nam
2257 5166 2324 5220 et
2366 5155 2529 5222 fides

584 5261 701 5304 nos
766 5239 849 5305 ad
906 5240 1386 5324 percipiendam
1445 5242 1570 5307 Dei
1636 5241 1950 5307 virtutem
2014 5249 2393 5325 praeparat:
2461 5249 2530 5307 et

584 5345 783 5407 quum
828 5347 900 5390 se
957 5328 1222 5411 propius
1280 5326 1741 5395 manifestabat
1796 5325 2014 5408 Deus,
2080 5326 2334 5395 solenni
2394 5327 2526 5392 ritu

1759 424 2503 494 COMMENTARIUS
2549 425 2650 493 IN
2693 424 2973 495 IOSUE
3018 426 3214 493 OAP.
3256 426 3377 492 111.

4429 424 4560 490 448

2619 634 2690 679 se
2738 615 3220 681 consecrabant.
3313 611 3524 682 Sicuti
3583 613 3881 681 videmus
3921 614 3991 679 in
4035 613 4561 698 promulgatione

2618 698 2784 785 legis
2873 700 3105 767 Mosen
3200 698 3329 766 Dei
3428 702 3614 766 iussu
3699 699 4138 766 sanctificasse
4219 697 4560 784 populum.

2619 783 2813 866 Quod
2876 794 3215 870 exponunt
3277 785 3570 870 quidam,
3635 784 3878 870 populo
3939 793 4196 851 tantum
4252 785 4322 850 in
4384 783 4563 850 hunc

2620 872 2818 937 finem
2860 870 3191 952 mandari,
3237 882 3313 937 ut
3354 892 3425 938 se
3467 881 3703 957 purget
3745 871 3827 937 ab
3871 870 4413 956 inquinamentis,
4473 889 4562 935 ne

2621 955 2775 1040 quid
2819 958 3170 1023 transitum
3213 956 3517 1025 Iordanis
3561 955 3906 1040 imffidiat,
3965 954 4224 1023 videtur
4278 976 4423 1023 esse
4463 957 4564 1021 ni·

2621 1043 2748 1109 mis
2790 1043 3183 1109 restrictum.

2792 1128 2852 1194 6.
2921 1127 3245 1211 Loquacitas
3301 1133 3390 1195 est
3443 1129 3531 1195 ad
3592 1129 3952 1196 sacerdotes.
4041 1125 4388 1193 Probabile
4444 1134 4564 1202 est,

2625 1211 2989 1280 admonitos
3044 1214 3245 1281 fuisse
3303 1212 3669 1280 sacerdotes
3687 1265 3702 1295 ,
3767 1233 4077 1298 quorsum
4135 1212 4336 1278 vellet
4375 1211 4566 1278 Deus

2627 1317 2845 1365 arcam
2866 1300 3141 1383 praeire,
3184 1310 3259 1365 ut
3293 1299 3376 1365 ad
3399 1298 3885 1383 exsequendum
3920 1300 4265 1383 imperium
4299 1317 4568 1382 promp-

2625 1384 2823 1450 tiores
2877 1396 3127 1452 essent:
3195 1385 3348 1469 quia
3389 1396 3457 1451 et
3499 1393 3675 1452 totus
3724 1406 3810 1469 po
3855 1385 4005 1451 ulus
4047 1404 4202 1452 mox
4244 1382 4326 1449 de
4368 1384 4570 1449 inter-

2624 1470 2866 1537 cisione
2930 1491 3247 1555 aquarnm
3310 1471 3387 1536 fit
3448 1472 3704 1538 certior.
3827 1491 3935 1536 am
4007 1478 4160 1536 ante
4230 1489 4433 1554 quum
4497 1469 4569 1534 in

2623 1556 2857 1623 castris
2899 1556 3243 1622 edixerant
3283 1557 3609 1640 praefecti,
3655 1564 3727 1622 ut
3761 1576 3983 1624 arcam
4024 1553 4304 1622 foederis
4346 1575 4573 1638 seque-

2626 1650 2808 1707 retur
2885 1641 3197 1726 populus,
3284 1641 3650 1709 sacerdotes
3727 1643 3997 1709 minime
4071 1639 4318 1707 latebat
4395 1639 4570 1724 quod

2627 1725 2863 1792 obituri
2921 1737 3112 1795 erant
3165 1747 3425 1794 munus.
3512 1729 3777 1795 Diserte
3835 1730 4010 1794 enim
4065 1726 4570 1811 pronunciatum

2627 1811 2752 1878 fuit
2785 1813 2979 1881 duces
3025 1812 3130 1880 vel
3174 1813 3635 1899 antesignanos
3674 1813 3832 1880 fore.
3897 1812 4152 1879 Verum
4196 1813 4309 1880 ubi
4342 1830 4570 1877 omnes

2624 1899 2892 1966 fuerunt
2946 1900 3014 1965 in
3070 1899 3437 1982 procinctu,
3506 1899 3721 1982 palam
3777 1898 4093 1983 explicuit
4150 1897 4336 1964 Iosue
4397 1895 4572 1982 quod

2626 1994 2963 2068 acceperat
3043 1984 3399 2052 oraculum.
3490 1984 3715 2069 Neque
3802 1986 3982 2051 enim
4057 1993 4572 2051 consentaneum

2626 2079 2833 2149 esset,
2898 2070 3138 2136 clarius
3197 2070 3396 2155 vulgo
3459 2091 3652 2154 quam
3710 2071 3870 2154 ipsis
3927 2071 4312 2155 patefactam
4369 2069 4576 2135 fuisse

2625 2153 2754 2221 Dei
2811 2156 3113 2240 gratiam.
3200 2155 3403 2239 Atqui
3461 2158 3769 2222 continuo
3812 2166 3965 2240 post
4015 2155 4392 2234 subiicitur,
4456 2174 4572 2238 po·

2625 2240 2852 2325 pulum
2914 2241 2992 2309 de
3047 2242 3361 2309 miraculo
3404 2240 3609 2308 fnisse
3651 2242 3972 2309 edoctum.
4060 2241 4292 2325 Itaque
4335 2249 4573 2317 statuo,

2625 2334 2994 2479 mm
3019 2326 3447 2479 fflffl.
3479 2348 3846 2497 “3332‘32
3876 2327 4578 2482 ffffifflffiffl.

2624 2497 2840 2582 palam
2895 2497 3319 2565 denunciasse
3368 2462 3538 2582 qu'od
3590 2499 3887 2565 facturus
3930 2508 4092 2566 erat.
4177 2499 4406 2565 Primo
4448 2499 4575 2562 ita·

2626 2604 2751 2666 que
2790 2591 3120 2663 narratur,
3164 2582 3608 2652 sacerdotibus
3649 2585 4020 2653 iniunctum
4064 2584 4263 2651 fnisse
4306 2604 4347 2649 a
4379 2581 4576 2650 Iosue

2627 2677 2703 2734 ut
2755 2689 2976 2736 arcam
3033 2678 3374 2754 portarent
3416 2679 3568 2736 ante
3610 2672 3955 2756 populum:
4017 2668 4253 2737 deinde
4301 2689 4387 2735 ne
4428 2669 4578 2753 quis

2624 2763 2905 2838 putaret,
2948 2776 3096 2822 eum
3140 2765 3387 2823 temere
3422 2756 3528 2824 vel
3561 2757 3825 2841 proprio
3859 2756 4133 2823 arbitrio
4166 2755 4234 2821 id
4269 2763 4577 2836 tentasse,

2628 2840 2827 2907 simul
2868 2841 3182 2907 inseritur
3238 2842 3613 2927 promissio,
3672 2863 3804 2926 qua
3858 2843 4222 2910 instructus
4257 2839 4341 2906 ad
4383 2861 4575 2926 prae·

2627 2925 2998 3025 cipiendum
3044 2926 3185 2993 fuit.
3265 2928 3410 2995 Etsi
3462 2936 3680 2994 autem
3723 2928 3860 2994 illic
3901 2926 4143 2995 diserte
4183 2947 4320 2994 non
4363 2927 4580 3013 expri-

2627 3021 2851 3093 mitur,
2893 3013 3248 3097 abruptum
3290 3013 3376 3079 iri
3433 3034 3698 3080 cursum
3738 3013 4079 3081 Iordanis:
4145 3034 4228 3080 ex
4272 3032 4576 3079 sermone

2627 3108 2852 3165 tamen
2894 3097 3087 3165 Iosue
3130 3098 3209 3165 ad
3255 3099 3572 3184 populum
3615 3097 3838 3165 habito
3873 3100 4176 3185 colligere
4207 3099 4382 3179 licet,
4427 3120 4580 3185 pro-

2626 3182 2827 3250 lixius
2859 3183 3207 3268 loquutum
3241 3206 3382 3251 esse
3414 3183 3659 3264 Deum,
3696 3195 3763 3251 et
3796 3185 4163 3253 distinctius
4196 3185 4578 3269 exposuisse

2629 3268 2800 3353 quod
2887 3270 3100 3338 facere
3177 3267 3574 3337 decreverat.
3663 3271 3891 3354 Neque
3969 3273 4149 3337 enim
4261 3269 4574 3355 uidquam

2627 3354 2857 3422 retulit
2877 3355 3072 3423 Iosue
3105 3356 3279 3440 quod
3309 3377 3441 3423 non
3465 3377 3550 3422 ex
3571 3377 3684 3423 ore
3704 3357 3835 3424 Dei
3868 3357 4076 3442 ipsius
4108 3357 4247 3422 inte
4272 3355 4574 3423 lexisset:

2626 3440 2772 3507 Imo
2836 3449 3186 3526 antequam
3250 3463 3393 3508 rem
3459 3443 3668 3526 ipsam
3726 3442 4047 3527 proferat,
4112 3442 4296 3509 iubet
4349 3440 4578 3508 audire

2627 3526 2757 3594 Dei
2801 3527 3027 3607 verba,
3071 3537 3266 3612 atque
3308 3529 3405 3594 ita
3446 3528 3781 3613 praefatur
3817 3529 4116 3595 omnium
4157 3547 4324 3612 quae
4367 3527 4578 3595 dictu·

2627 3633 2743 3679 rus
2788 3621 2888 3679 est
2931 3612 3150 3679 Deum
3192 3611 3314 3680 sibi
3359 3634 3502 3680 esse
3545 3621 3862 3682 autorem.

2801 3699 2903 3765 10.
2971 3697 3058 3765 Ia
3107 3697 3217 3765 hoc
3268 3701 3649 3785 coynoscetie.
3737 3698 4052 3768 Miraculi
4114 3700 4247 3769 vim
4306 3698 4576 3785 longius

2627 3783 2923 3851 extendit
2987 3804 3183 3868 quam
3248 3785 3331 3852 ad
3396 3794 3614 3852 terrae
3684 3785 4086 3870 ingressum:
4174 3793 4244 3852 et
4307 3786 4571 3852 merito:

2628 3870 2780 3954 quia
2821 3869 2955 3938 illis
3012 3877 3271 3936 tantum
3329 3871 3624 3955 patefieri
3666 3872 3794 3938 iter
3838 3871 3910 3938 in
3953 3880 4201 3938 terram
4245 3870 4574 3951 hostilem,

2627 3954 2802 4023 unde
2844 3955 3068 4024 nullus
3112 3954 3345 4023 deinde
3384 3963 3559 4025 esset
3592 3977 3928 4043 regressus
3943 4008 3961 4039 ,
4009 3958 4177 4024 nihil
4209 3955 4389 4023 aliud
4430 3970 4576 4024 erat

2628 4062 2823 4126 quam
2871 4043 2950 4143 ,ιιι
2995 4052 3273 4143 mortem
3327 4043 3581 4128 exponi.
3670 4043 3842 4109 Nam
3900 4052 4016 4144 aut
4072 4042 4460 4145 deprehensi
4503 4045 4577 4110 in

2627 4147 2759 4278 2¹:1³
2762 4135 3804 4297 ⁰325...⁰:.5⁶{¹02¹²f:..3¹²ffi¹155
3845 4127 4575 4283 3⁰¹1¹ssm⁰52¹²⁰2⁶¹⁸⁸m121⁸f3

2628 4307 2937 4384 egestate.
3024 4299 3357 4367 Praedicit
3398 4321 3555 4386 ergo
3596 4300 3812 4381 Iosue,
3855 4322 4057 4385 quum
4098 4302 4284 4368 Deus
4326 4301 4577 4368 flumen

2628 4391 2961 4471 retroaget
2976 4435 2993 4465 ,
3051 4383 3321 4469 perinde
3363 4387 3503 4453 fore
3545 4406 3621 4454 ac
3663 4387 3720 4453 si
3770 4407 4037 4454 manum
4082 4388 4448 4473 porrigeret
4489 4387 4578 4453 ad

2628 4470 3067 4556 profligandos
3100 4491 3326 4538 omnes
3369 4480 3582 4538 terrae
3614 4472 3897 4540 incolas:
3941 4482 4009 4539 et
4042 4470 4218 4557 quod
4251 4475 4323 4538 in
4359 4481 4575 4540 trans·

2627 4556 2729 4622 itu
2771 4555 3074 4622 Iordanis
3129 4557 3462 4640 specimen
3520 4557 3670 4623 edet
3725 4578 3885 4625 suae
3941 4559 4275 4643 potentiae
4292 4608 4308 4637 ,
4373 4559 4578 4624 simul

2629 4641 3021 4708 obtinendae
3077 4651 3309 4708 contra
3363 4664 3591 4710 omnes
3634 4644 3907 4729 populos
3965 4644 4276 4711 victoriae
4317 4656 4576 4711 certum

2628 4728 2766 4794 fore
2807 4729 3242 4812 praesagium.
3330 4727 3510 4796 Hinc
3552 4730 3789 4810 scietis,
3847 4731 4080 4816 inquit,
4127 4730 4341 4796 Deum
4388 4730 4576 4797 vobis

2630 4822 2891 4898 praesto
2936 4834 3099 4881 esse.
3169 4813 3252 4880 In
3332 4834 3484 4880 uem
3519 4814 3763 4881 finem?
3809 4836 3941 4883 non
3971 4814 4184 4882 solum
4221 4824 4298 4882 ut
4336 4815 4578 4900 pedem

2630 4899 2888 4984 ponatis
2943 4899 3014 4965 in
3071 4909 3248 4966 terra
3350 4900 3613 4967 hanaan
3629 4950 3645 4980 ,
3706 4900 3821 4967 sed
3877 4901 4074 4968 etiam
4121 4910 4197 4967 ut
4238 4921 4317 4969 ea
4361 4904 4577 4985 potia·

2629 4985 2812 5051 mini.
2898 4985 3069 5051 Nam
3130 4993 3309 5052 certe
3372 5007 3577 5070 quum
3634 4985 3715 5052 de
3778 4985 4204 5073 profligandis
4268 4987 4577 5072 gentibus

2628 5071 2707 5137 fit
2768 5071 3013 5137 mentio
3028 5122 3045 5152 ,
3110 5071 3464 5156 tranquilla
3527 5083 3595 5139 et
3653 5091 3858 5139 vacua
3912 5073 4232 5157 possessio
4287 5083 4575 5140 notatur.

2627 5155 2860 5240 Itaque
2901 5157 3095 5226 sicuti
3137 5160 3416 5225 fluvium
3460 5158 3815 5226 scindendo
3857 5158 4033 5227 clare
4065 5159 4354 5226 ostendit
4385 5159 4578 5228 Deus

2631 5242 2936 5308 virtutem
2983 5264 3168 5310 suam
3204 5243 3377 5329 apud
3413 5244 3747 5311 Israelitae
3792 5245 4106 5314 residere:
4151 5246 4242 5311 ita
4285 5244 4576 5313 vicissim

2628 5348 2812 5412 spem
2870 5331 3170 5413 perpetui
3216 5329 3441 5398 auxilii
3487 5330 3828 5414 concipere
3873 5331 4098 5398 debuit
4139 5331 4448 5416 populus,
4495 5355 4577 5401 ac
