5017 6142
474 466 595 533 101

647 655 704 721 1.
788 654 975 734 Vade,
1013 655 1286 723 ascende.
1375 655 1666 738 Tempus
1712 652 2425 739 plusquamperfectum

469 741 675 825 posui.
766 740 1019 807 Causae
1062 741 1238 807 enim
1283 739 1563 807 redditio
1595 748 1730 820 est,
1774 760 1904 823 qua
1948 741 2257 806 incitatus
2299 739 2426 805 fuit

468 826 692 894 Moses
759 825 842 892 ad
897 834 1152 893 tantam
1217 824 1528 913 precandi
1595 825 2108 904 vehementiam,
2188 846 2424 909 nempe

469 913 641 997 quia·
668 912 792 979 etsi
833 933 966 979 non
1014 935 1282 998 prorsus
1325 934 1550 980 curam
1598 911 1821 996 populi
1867 912 2054 978 Deus
2096 911 2423 991 abiiceret,

468 999 719 1065 foederi
764 1010 986 1064 tamen
1012 1020 1129 1065 suo
1164 999 1596 1080 renunciavit,
1638 1019 1717 1064 ac
1759 995 2204 1078 denunciavit,
2246 1006 2424 1082 post-

471 1105 670 1170 quam
728 1084 931 1151 semel
987 1084 1331 1151 defunctus
1388 1101 1560 1150 esset
1613 1084 1685 1147 in
1743 1080 1960 1149 danda
2017 1094 2230 1149 terrae
2274 1103 2423 1168 pos·

472 1173 790 1249 sessione,
849 1170 1018 1236 nihil
1076 1170 1202 1237 sibi
1255 1170 1534 1254 amplius
1589 1188 1739 1234 cum
1792 1169 1908 1261 illo
1962 1169 2099 1235 fore
2159 1169 2423 1255 negotii.

471 1257 653 1342 Ergo
696 1256 867 1340 quod
912 1255 1022 1324 hic
1058 1264 1397 1334 narratur,
1446 1254 1675 1321 ordine
1709 1255 2026 1339 temporis
2068 1256 2424 1339 praecessit

472 1343 681 1411 Mosis
735 1343 1212 1426 precationem:
1277 1342 1431 1426 quia
1488 1342 1810 1407 attonitus
1864 1340 2040 1407 tristi
2098 1350 2165 1406 et
2221 1361 2422 1425 prope

471 1429 735 1495 funesto
779 1430 1051 1509 nunci0,
1106 1427 1177 1493 in
1222 1426 1385 1494 illud
1429 1426 1774 1494 confusum
1820 1436 1887 1493 et
1920 1427 2271 1493 erraticum
2308 1448 2420 1494 vo·

473 1527 616 1580 tum
683 1515 1015 1598 prorupit,
1083 1513 1288 1579 deleri
1345 1535 1415 1579 se
1479 1512 1823 1597 postulans
1888 1533 1925 1578 e
1990 1512 2158 1578 libro
2227 1514 2419 1578 vitae.

470 1602 670 1668 Nunc
702 1601 1063 1687 genuinum
1099 1600 1224 1667 loci
1260 1621 1525 1665 sensum
1564 1598 1795 1664 elicere
1830 1608 2177 1665 tentemus.
2239 1597 2423 1664 Dum

470 1686 708 1754 Mosen
743 1685 1064 1771 proficisci
1100 1685 1282 1752 iubet
1327 1686 1512 1751 Deus
1556 1706 1705 1751 cum
1740 1685 2000 1770 populo,
2047 1706 2210 1751 onus
2247 1683 2422 1749 haud

471 1772 670 1839 dubie
712 1793 751 1838 a
809 1793 881 1838 se
928 1772 1139 1837 reiicit
1188 1770 1360 1855 quod
1413 1782 1569 1837 ante
1624 1771 2042 1837 sustinuerat
2133 1771 2420 1837 Tantum

470 1879 544 1925 se
587 1859 914 1925 facturum
971 1858 1295 1941 promittit
1338 1866 1412 1922 ut
1455 1857 1859 1922 haereditate
1916 1856 2238 1940 promissa
2283 1856 2422 1921 fru-

470 1954 690 2025 antur,
734 1966 866 2011 non
910 1956 984 2010 ut
1027 1944 1200 2009 inter
1244 1945 1416 2026 ipsos
1459 1940 1843 2025 praesideat,
1887 1941 2249 2008 incolumes
2288 1941 2425 2009 illic

472 2040 770 2110 tueatur,
838 2039 1036 2114 atque
1100 2030 1299 2095 etiam
1366 2030 1616 2109 foveat,
1683 2036 1759 2093 ut
1816 2039 2002 2112 pater
2043 2028 2240 2095 filios:
2309 2027 2422 2095 sed

472 2126 735 2184 tantum
779 2131 856 2182 ut
890 2116 1086 2182 fidem
1130 2113 1428 2199 patribus
1474 2114 1689 2180 datam
1735 2115 1983 2180 liberet.
2063 2116 2288 2198 Atque
2331 2115 2422 2179 ita

474 2203 833 2269 antevertit
877 2223 1103 2269 eorum
1150 2202 1609 2285 querimonias.
1677 2200 1995 2266 Poterant
2038 2200 2211 2266 enim
2251 2201 2420 2266 exci-

473 2311 660 2375 pere,
725 2290 981 2354 irritam
1047 2287 1254 2372 igitur
1317 2295 1384 2352 et
1451 2307 1690 2351 vanam
1756 2285 1898 2352 fore
1954 2284 2094 2352 eius
2147 2287 2423 2370 promis-

473 2376 746 2441 sionem.
836 2375 967 2441 Per
1011 2373 1541 2456 anticipationem
1588 2372 1765 2451 dicit,
1809 2373 2112 2457 quamvis
2156 2393 2268 2438 eos
2311 2372 2423 2438 ab·

475 2460 682 2541 dicet,
727 2481 798 2526 se
858 2470 1082 2526 tamen
1140 2478 1442 2525 veracem
1499 2457 1670 2524 fore:
1728 2459 1881 2543 quia
1922 2458 2167 2524 incolas
2212 2469 2425 2524 terrae

472 2547 796 2614 Chanaan
839 2547 1071 2624 eiiciet,
1106 2554 1183 2611 ut
1228 2566 1435 2612 vacua
1477 2543 1609 2610 illis
1651 2553 1874 2628 pateat
1915 2544 2255 2611 habitatio.
2342 2544 2424 2609 In

472 2655 751 2713 summa,
787 2631 1087 2716 repudiat
1130 2652 1259 2710 eos,
1305 2651 1389 2696 ne
1431 2629 1700 2713 posthac
1742 2630 2074 2696 confidant
2115 2651 2188 2696 se
2230 2651 2424 2715 pecu-

473 2720 708 2786 liarem
775 2720 916 2784 eius
980 2719 1116 2783 fore
1180 2716 1525 2801 populum,
1606 2724 1721 2782 aut
1795 2714 2144 2800 quidquam
2211 2717 2424 2782 maius

472 2816 860 2889 exspectent
925 2825 1119 2886 quam
1187 2803 1502 2868 extranei.
1593 2802 1956 2868 Iuramenti
2001 2802 2298 2867 meminit
2342 2823 2425 2867 ne

472 2893 688 2976 ipsum
728 2891 939 2955 malae
982 2889 1132 2956 fidei
1176 2888 1591 2954 insimulent:
1638 2908 1713 2955 ac
1757 2889 1815 2954 si
1850 2887 2111 2970 diceret,
2146 2886 2423 2954 liberum

473 2999 547 3043 se
590 2999 667 3044 ac
700 2976 987 3042 solutum
1021 2976 1161 3042 fore
1196 2995 1235 3039 a
1270 2984 1476 3058 pacto,
1512 2973 1627 3039 ubi
1663 2982 1909 3040 terram
1953 2973 2171 3058 adepti
2207 2985 2421 3040 erunt.

475 3066 698 3148 Atque
740 3063 836 3128 ita
879 3083 994 3145 spe
1054 3061 1286 3127 salutis
1330 3075 1395 3127 et
1451 3059 1819 3143 adoptionis
1873 3061 2088 3145 gratia
2143 3081 2252 3126 eos
2296 3060 2425 3143 pri-

474 3147 711 3229 vando,
747 3147 1023 3215 foederis
1059 3159 1278 3213 tamen
1303 3145 1405 3214 sui
1438 3145 1861 3212 stabilitatem
1897 3158 1964 3212 et
1991 3146 2424 3212 constantiam

473 3236 728 3301 asserit.
840 3232 1287 3315 Quamobrem
1367 3232 1584 3316 angeli
1665 3253 1903 3297 nomen
1975 3232 2166 3298 aliter
2231 3253 2424 3316 quam

474 3321 669 3404 paulo
711 3330 863 3386 ante
907 3322 1321 3403 interpretor,
1367 3329 1434 3383 et
1470 3317 1769 3402 pluribus
1810 3317 1970 3385 locis
2011 3317 2208 3384 huius
2251 3317 2422 3383 libri.

471 3407 650 3473 Nam
714 3428 916 3490 quum
974 3405 1193 3491 angeli
1258 3412 1414 3469 ante
1476 3403 1652 3469 facta
1707 3403 1837 3469 fuit
1891 3405 2167 3483 mentio,
2236 3403 2422 3469 fauni-

471 3493 654 3559 liaris
687 3494 814 3559 Dei
849 3491 1221 3576 praesentia
1248 3491 1314 3555 in
1352 3510 1428 3556 eo
1453 3500 1679 3555 notata
1711 3490 1855 3569 fuit,
1889 3490 2023 3555 imo
2058 3489 2424 3572 promiscue

472 3579 648 3645 idem
694 3590 762 3643 et
815 3578 997 3643 Deus
1044 3591 1109 3643 et
1156 3575 1433 3661 angelus
1481 3585 1750 3641 vocatus
1805 3585 1926 3642 est.
2013 3575 2146 3642 Hic
2201 3588 2422 3641 autem

470 3663 659 3731 Deus
702 3664 797 3730 ita
841 3664 1148 3749 angelum
1192 3663 1513 3728 missurus
1558 3662 1827 3740 dicitur,
1875 3673 1945 3728 ut
1990 3684 2060 3729 se
2101 3683 2139 3727 a
2183 3661 2423 3746 populo

467 3751 491 3816 i
543 3773 616 3818 so
657 3759 933 3835 separet.
1021 3750 1173 3815 Non
1214 3747 1562 3815 ascendam
1607 3746 1874 3849 (inquit)
1931 3749 2002 3813 in
2046 3747 2261 3813 medio
2307 3748 2421 3814 tui.

540 3849 568 3901 t
626 3838 968 3904 subiicitur
1023 3835 1233 3901 ratio:
1290 3835 1444 3919 quia
1498 3836 1642 3899 fieri
1692 3857 1821 3899 non
1883 3844 2099 3917 potest
2156 3846 2230 3900 ut
2287 3845 2422 3899 tam

474 3943 686 4007 prava
727 3923 991 4007 ingenia
1035 3921 1282 3988 diutius
1330 3920 1578 3987 toleret.
1669 3920 1923 3986 lterum
1979 3941 2133 3986 vero
2191 3919 2425 3987 simili-

475 4008 707 4075 tudine
761 4009 972 4075 utitur
1013 4029 1053 4074 a
1095 4007 1304 4074 bobus
1363 4005 1764 4074 refractariis
1819 4015 2102 4090 sumpta,
2158 4007 2269 4089 qui
2326 4005 2423 4071 fe·

474 4094 682 4160 rendo
738 4095 893 4180 iugo
935 4093 1271 4159 assuefieri
1316 4102 1670 4177 nequeunt.
1762 4090 2036 4159 Summa
2080 4102 2212 4170 est,
2270 4091 2427 4174 quia

472 4190 637 4247 sunt
690 4180 1167 4258 intractabiles,
1231 4180 1451 4245 Deum
1511 4200 1647 4244 non
1700 4199 1890 4262 posse
1946 4198 2186 4243 munus
2244 4176 2427 4244 ducis

471 4267 674 4346 obire,
720 4268 879 4350 quin
923 4264 1199 4331 subinde
1241 4264 1417 4348 ipsos
1459 4264 1708 4349 perdat.

648 4353 710 4419 4.
778 4352 1069 4419 Audiens
1112 4355 1318 4417 autem
1551 4370 1647 4415 us.
1718 4349 1895 4414 Hinc
1937 4348 2182 4416 clarius
2226 4369 2424 4433 appa-

473 4448 583 4505 ret
615 4438 783 4522 quod
820 4438 978 4517 dixi,
1015 4438 1233 4503 Deum
1270 4433 1741 4519 quodammodo
1775 4434 2178 4516 fulminasse,
2220 4456 2427 4519 quum

474 4546 550 4591 se
586 4546 626 4589 a
659 4526 897 4610 populo
941 4523 1351 4589 subduceret.
1429 4522 1576 4588 Hoc
1612 4521 1786 4586 enim
1834 4521 2193 4587 divortium
2236 4522 2429 4586 innu-

474 4611 679 4677 meris
736 4608 1059 4676 mortibus
1118 4608 1329 4694 magis
1386 4606 1652 4674 exitiale
1698 4615 1816 4673 est.
1906 4607 2120 4674 Dulce
2164 4604 2425 4690 quidem

474 4697 692 4782 primo
734 4697 981 4761 intuitu
1025 4694 1236 4761 videri
1326 4697 1492 4761 otuit
1534 4703 1748 4759 terrae
1793 4692 2030 4757 fertilis
2073 4700 2141 4759 et
2175 4692 2428 4776 opimae

475 4782 624 4849 fieri
666 4779 994 4848 dominos:
1040 4781 1156 4846 sed
1191 4780 1276 4846 he
1359 4789 1490 4845 tem
1535 4779 1774 4862 alioqui
1811 4778 2121 4862 populum
2157 4788 2428 4861 repente

475 4868 757 4953 perculit
810 4869 1029 4947 Deus,
1094 4876 1172 4932 ut
1227 4865 1489 4932 delitiae
1545 4885 1774 4930 omnes
1832 4873 2052 4930 essent
2107 4863 2428 4948 insipidae

478 4965 550 5019 et
600 4954 823 5021 ieiuna
888 4953 1186 5033 ubertas,
1252 4972 1455 5034 quum
1514 4960 1948 5036 agnoscerent
2011 4972 2080 5016 se
2136 4949 2426 5036 saginari

476 5040 561 5107 ad
606 5039 779 5106 diem
822 5038 1256 5106 mactationis
1342 5038 1560 5120 Atque
1618 5036 1774 5104 hinc
1830 5035 2016 5102 utilis
2059 5034 2428 5121 colligenda

480 5135 585 5193 est
641 5125 969 5205 doctrina,
1027 5125 1084 5191 si
1128 5123 1424 5208 neglecto
1468 5122 1595 5188 Dei
1651 5122 1881 5189 favore
1930 5120 2272 5188 dulcedine
2315 5121 2427 5188 be·

478 5213 860 5279 neficiorum
925 5212 1068 5278 eius
1132 5210 1462 5294 capimur,
1527 5208 1805 5274 inescari
1871 5229 2024 5286 nos,
2082 5216 2158 5273 ut
2227 5207 2426 5274 hamo

478 5298 711 5384 pisces.
772 5297 1114 5364 Pollicitus
1159 5305 1259 5363 est
1301 5297 1486 5363 Deus
1529 5293 1848 5361 Israelitis
1894 5294 2064 5378 quod
2110 5295 2191 5361 ad
2226 5294 2426 5360 breve

479 5393 739 5469 tempus
803 5382 1065 5450 allicere
1127 5383 1304 5466 ipsos
1366 5390 1617 5466 posset:
1672 5381 1942 5466 negavit
2006 5379 2179 5464 quod
2236 5380 2429 5447 unice

1901 465 2309 534 REDITUS
2353 465 2480 532 AD
2524 463 3073 533 HISTORIAM.

4363 460 4494 534 102

2530 652 2891 737 optandum
2947 663 3117 735 erat,
3175 674 3245 720 se
3289 655 3419 722 illis
3477 654 3615 722 fore
3657 655 3728 722 in
3786 654 4023 721 Deum.
4115 656 4483 724 Moerorem

2528 738 2753 805 attulit
2816 741 3024 806 tristis
3088 742 3401 808 nuncius:
3465 743 3619 825 quia
3683 751 4033 808 senserunt
4087 761 4223 807 non
4288 742 4486 810 aliter

2527 846 2725 909 quam
2770 827 3051 911 propitio
3094 828 3239 893 Deo
3283 828 3506 894 beatos
3548 848 3693 894 esse
3734 827 4069 895 homines:
4126 829 4261 894 imo
4306 829 4481 895 nihil

2527 933 2671 977 esse
2715 913 3016 977 miserius
3050 934 3246 996 quam
3284 914 3364 978 ab
3396 914 3538 997 ipso
3573 914 3885 980 alienari:
3922 915 4066 981 Deo
4101 914 4484 997 adhaerere,

2527 996 2755 1081 inquid
2804 997 3041 1073 David,
3090 999 3255 1063 mihi
3301 999 3542 1065 bonum
3587 1009 3704 1066 est.
3785 999 3958 1066 Item
4002 1001 4189 1066 alibi:
4227 1000 4482 1069 Beatus

2526 1083 2806 1168 populus
2862 1086 3048 1150 cuius
3112 1084 3361 1151 Iehova
3418 1086 3602 1151 Deus
3668 1094 3801 1152 est:
3866 1107 4165 1163 rursum,
4230 1087 4485 1153 Iehova

2527 1190 2678 1252 pars
2736 1168 3157 1237 haereditatis
3212 1191 3427 1237 meae:
3487 1191 3629 1237 sors
3687 1192 3836 1237 mea
3869 1172 4201 1256 praeclare
4245 1173 4485 1240 cecidit

2525 1254 2727 1341 (Psal.
2791 1256 2901 1333 73,
2960 1256 3044 1321 28
3111 1263 3178 1323 et
3231 1258 3351 1336 33,
3415 1257 3495 1322 12
3547 1268 3613 1323 et
3673 1257 3831 1333 144,
3892 1257 3990 1324 15.
4069 1266 4136 1323 et
4195 1259 4311 1336 16,
4391 1258 4481 1346 5).

2529 1342 2707 1423 Ergo
2752 1341 2911 1408 haec
2954 1344 3250 1408 omnium
3306 1343 3719 1408 miseriarum
3768 1364 4025 1409 summa
4068 1352 4197 1422 est,
4256 1343 4478 1412 Deum

2528 1426 2771 1492 habere
2827 1427 3205 1504 adversum,
3264 1429 3376 1494 ubi
3437 1429 3576 1493 eius
3638 1428 4066 1495 beneficentia
4121 1431 4477 1513 pascimur.

2526 1512 2813 1578 Proinde
2856 1534 3086 1598 sapere
3130 1529 3486 1597 coeperunt
3532 1514 3903 1593 Israelitae,
3963 1514 4076 1580 ubi
4121 1537 4160 1580 a
4205 1526 4480 1583 veterno

2527 1597 3001 1682 expergefacti,
3073 1621 3190 1683 pro
3248 1601 3461 1665 nihilo
3527 1601 3863 1666 duxerunt
3919 1601 4141 1666 omnia
4203 1601 4481 1685 reliqua,

2525 1685 2652 1750 nisi
2712 1686 2894 1751 Deus
2948 1695 3449 1770 prosequeretur
3505 1707 3699 1752 suum
3745 1686 3905 1771 erga
3958 1708 4068 1753 eos
4125 1695 4479 1770 paternum

2524 1772 2832 1837 favorem.
2888 1771 3095 1838 Porro
3131 1794 3213 1838 ex
3249 1791 3469 1838 crassa
3502 1792 3730 1837 eorum
3766 1772 4060 1838 socordia
4094 1771 4484 1858 colligimus,

2526 1857 2849 1942 singulari
2907 1859 3032 1922 Dei
3092 1857 3263 1923 dono
3320 1858 3567 1925 factum
3610 1879 3754 1923 esse
3797 1870 3874 1923 ut
3915 1879 4280 1925 moerorem
4322 1880 4482 1926 con-

2525 1943 2959 2026 ciperent,qui
2981 1941 3064 2008 ad
3087 1943 3423 2010 solennem
3446 1944 3693 2010 luctum
3719 1964 3829 2010 eos
3851 1944 4218 2012 adduceret.
4249 1946 4481 2011 Primo

2527 2028 2684 2094 dicit
2748 2029 2971 2096 Moses
3035 2050 3147 2096 eos
3212 2049 3344 2095 non
3408 2028 3702 2097 induisse
3755 2038 4176 2097 ornamenta:
4247 2029 4484 2098 deinde

2527 2114 2829 2200 adiungit
2891 2115 3103 2182 iussos
3161 2137 3202 2181 a
3259 2115 3403 2181 Deo
3481 2115 3683 2182 fuisse
3747 2137 3826 2182 ea
3906 2116 4250 2200 deponere.
4343 2116 4478 2185 Sed

2530 2202 2777 2284 optime
2832 2202 2979 2267 fluit
3038 2209 3382 2267 contextus
3400 2252 3415 2280 ,
3476 2201 3533 2267 si
3575 2200 3699 2268 hoc
3752 2203 4081 2284 posterius
4125 2204 4483 2289 accipimus

2532 2307 2650 2370 pro
2694 2287 3160 2371 explicatione,
3217 2307 3293 2353 ac
3337 2287 3392 2352 si
3437 2286 3709 2369 diceret,
3767 2308 3900 2354 non
3946 2289 4151 2355 fuisse
4194 2298 4482 2369 ornatos,

2530 2375 2681 2455 quia
2715 2372 2782 2437 id
2818 2382 3123 2439 vetuerat
3164 2371 3368 2452 Deus,
3412 2373 3664 2439 luctum
3698 2374 3858 2456 ipsis
3901 2374 4264 2442 indicendo.
4332 2375 4479 2442 Iam

2529 2459 2684 2525 irati
2743 2457 2980 2526 iudicis
3022 2468 3090 2525 et
3131 2457 3214 2525 ad
3272 2457 3630 2524 vindictam
3686 2459 4078 2525 inflammati
4127 2480 4478 2546 personam

2530 2545 2805 2628 suscipit
2818 2546 3022 2624 Deus,
3039 2544 3147 2611 his
3163 2544 3377 2612 verbis
3390 2564 3406 2609 :
3425 2545 3759 2611 Memento
3772 2548 4141 2624 ascendam,
4157 2554 4233 2612 ιιι
4246 2568 4482 2615 consu·

2529 2651 2705 2696 mam
2730 2643 2829 2697 te:
2868 2640 2941 2696 ut
2976 2652 3085 2696 eos
3123 2639 3335 2697 terror
3368 2632 3579 2715 magis
3605 2631 3928 2710 humiliet,
3958 2639 4027 2697 et
4058 2630 4142 2697 ad
4172 2632 4482 2717 depreca-

2529 2717 2775 2782 tionem
2813 2716 3125 2784 stimulet.
3161 2717 3371 2784 Porro
3403 2727 3751 2783 externum
3786 2718 3999 2783 luctus
4040 2719 4303 2802 insigne
4336 2716 4481 2797 fuit,

2527 2803 2742 2869 iacere
2775 2802 2845 2868 in
2880 2802 3183 2886 squalore
3204 2812 3273 2869 et
3295 2801 3615 2883 sordibus,
3645 2811 3720 2868 ut
3753 2802 3875 2870 hoc
3898 2801 4092 2869 modo
4116 2804 4330 2887 palam
4355 2817 4484 2869 tes-

2530 2898 2666 2954 tata
2701 2890 2886 2954 fieret
2914 2909 3141 2954 eorum
3177 2890 3594 2972 poenitentia.
3633 2889 3859 2972 Neque
3899 2890 4079 2955 enim
4125 2889 4480 2973 quidquam

2530 2975 2845 3040 momenti
2882 2986 3055 3040 esset
3097 2975 3166 3040 in
3211 2976 3345 3042 ritu
3388 2975 3495 3040 vel
3540 2976 3948 3042 caeremonia
3988 2973 4069 3041 ad
4094 2975 4315 3042 Deum
4337 2975 4479 3060 pla·

2529 3060 2845 3140 candum,
2889 3061 3019 3127 nisi
3055 3069 3382 3145 quatenus
3424 3063 3693 3127 interior
3727 3062 3933 3127 animi
3969 3061 4243 3129 affectus
4283 3081 4480 3129 verae

2529 3159 2595 3213 et
2637 3146 2964 3232 ingenuae
3005 3147 3429 3214 confessionis
3488 3146 3801 3215 indicium
3837 3148 4132 3232 protulit.
4220 3147 4480 3214 Tenen·

2529 3230 2687 3298 dum
2758 3233 2935 3299 enim
3006 3233 3326 3299 memoria
3388 3242 3488 3298 est
3552 3232 3725 3317 quod
3786 3234 3992 3318 exigit
4060 3234 4245 3299 Deus
4301 3230 4479 3317 apud

2529 3318 2771 3384 Ioelem
2813 3316 2900 3403 (2,
2948 3317 3075 3405 13),
3118 3327 3193 3384 ut
3230 3317 3607 3386 scindamus
3648 3319 3846 3385 corda
3886 3340 4022 3384 non
4063 3319 4476 3385 vestimenta.

2527 3405 2781 3471 Verum
2843 3414 2918 3470 ut
2970 3405 3252 3488 speciem
3312 3415 3655 3470 externam
3716 3402 3885 3469 nihil
3948 3413 4277 3484 moratur,
4341 3405 4478 3472 imo

2529 3490 2943 3556 abominatur
2995 3489 3404 3575 hypocrisin,
3462 3492 3555 3556 ita
3613 3491 3668 3555 si
3728 3511 3882 3557 vere
3924 3489 4277 3575 resipuerit
4327 3510 4479 3575 pec·

2528 3586 2742 3656 cator,
2802 3576 2944 3641 fieri
2990 3598 3120 3641 non
3163 3585 3374 3661 potest
3416 3578 3574 3660 quin
3636 3576 4018 3660 suppliciter
4060 3575 4322 3660 culpam
4362 3597 4483 3662 ag-

2527 3660 2852 3729 noscendo
2921 3672 3147 3728 reatus
3207 3663 3310 3729 sui
3369 3663 3820 3728 testimonium
3882 3661 4217 3746 adiungat.
4305 3662 4478 3729 Nam

2526 3749 2584 3814 si
2629 3747 2907 3828 Paulus,
2951 3748 3067 3831 qui
3109 3756 3296 3814 extra
3340 3769 3603 3814 omnem
3651 3768 3889 3813 noxam
3932 3756 4110 3826 erat,
4161 3748 4480 3832 lugendos

2525 3835 2651 3900 sibi
2688 3832 2878 3899 duxit
2912 3856 3053 3901 esse
3099 3833 3498 3915 Corinthios,
3540 3854 3701 3918 quos
3735 3833 4194 3900 immunditiae
4228 3846 4295 3899 et
4329 3835 4478 3900 libi·

2526 3919 2700 3986 dinis
2744 3929 2810 3985 et
2852 3918 3293 4004 impudicitiae
3346 3941 3483 3986 non
3541 3920 3983 4003 poenituerat,
4041 3919 4212 4002 quod
4255 3921 4324 3987 in
4372 3941 4480 3986 eo·

2526 4027 2677 4071 rum
2729 4006 2973 4073 scelere
3040 4008 3257 4089 ipsum
3320 4005 3701 4072 humiliaret
3758 4006 3942 4071 Deus
4006 4004 4093 4091 (2.
4161 4004 4312 4071 Oor.
4376 4006 4478 4086 12,

2525 4093 2629 4158 21.
2698 4092 2758 4157 2.
2810 4091 2960 4159 Gor.
3012 4094 3070 4170 7,
3120 4090 3217 4178 9):
3277 4091 3598 4175 quomodo
3647 4092 3897 4158 luctum
3950 4091 4283 4174 publicum
4350 4114 4480 4159 non

2526 4177 2934 4262 susciperent
2975 4178 3087 4261 qui
3121 4178 3245 4244 sibi
3278 4176 3452 4242 male
3486 4177 3762 4252 conscii,
3808 4178 4100 4260 adeoque
4137 4177 4482 4245 hominum

2527 4265 2764 4330 iudicio
2808 4264 3118 4342 convicti,
3167 4263 3247 4328 ad
3286 4264 3413 4328 Dei
3471 4263 3762 4330 tribunal
3810 4261 4146 4329 citantur?
4249 4263 4481 4348 Itaque

2529 4349 2687 4416 alibi
2721 4372 2852 4415 non
2889 4350 3006 4415 abs
3041 4371 3112 4415 re
3148 4349 3502 4429 tristitiam,
3539 4370 3703 4434 quae
3737 4349 4210 4433 poenitentiam
4245 4350 4486 4434 gignit,

2529 4436 2723 4502 simul
2788 4437 2952 4502 alios
3016 4436 3214 4501 etiam
3278 4435 3531 4501 fructus
3595 4436 3887 4520 proferre
3951 4434 4173 4515 docet,
4240 4436 4480 4503 sollici·

2529 4521 2860 4600 tudinem,
2942 4520 3466 4601 excusationem,
3545 4521 4093 4606 indignationem,
4154 4521 4479 4600 timorem,

2531 4608 2960 4685 desiderium,
3025 4606 3559 4687 aemulationem,
3618 4605 3995 4674 vindictam.
4086 4606 4196 4671 Ad
4256 4627 4480 4673 exem·

2528 4694 2710 4777 plum
2755 4715 3008 4779 quoque
3053 4694 3369 4777 pertinet,
3423 4701 3796 4777 peccatores
3849 4712 3983 4757 non
4024 4692 4222 4757 tacite
4265 4691 4478 4756 solum

2529 4801 2792 4864 gemere
2844 4799 3064 4846 coram
3119 4776 3295 4844 Deo:
3353 4778 3466 4845 sed
3519 4778 3921 4863 ignominiae
3979 4797 4253 4861 poenam
4302 4778 4480 4844 ultro

2529 4865 2748 4931 subire
2790 4864 2964 4951 apud
3010 4864 3346 4937 homines:
3390 4872 3467 4930 ut
3508 4886 3579 4931 se
3624 4864 3799 4948 ipsos
3843 4860 4214 4929 damnando
4258 4861 4478 4930 Deum

2528 4951 2860 5019 fateantur
2893 4952 3142 5018 iustum
3187 4971 3330 5017 esse
3372 4950 3678 5034 iudicem,
3723 4950 3886 5016 alios
3928 4948 4010 5013 ad
4045 4948 4479 5015 imitationem

2529 5047 2904 5122 provocent,
2948 5047 3015 5103 et
3059 5037 3390 5104 humanae
3432 5036 3811 5121 fragilitatis
3855 5033 4219 5100 admonitos
4254 5035 4480 5118 prohi-

2530 5124 2729 5189 beant
2781 5145 2821 5189 a
2877 5122 3076 5189 simili
3131 5123 3340 5208 lapsu.
3428 5123 3782 5207 Postquam
3843 5140 3999 5186 vero
4064 5119 4480 5188 formidinem

2528 5209 2807 5275 incussit
2842 5210 3043 5289 Deus,
3090 5221 3311 5276 tamen
3355 5219 3429 5275 ut
3471 5209 3725 5275 animos
3769 5204 4081 5290 colligant
4125 5203 4206 5270 ad
4253 5222 4480 5289 peten-

2530 5293 2679 5359 dam
2725 5296 3021 5375 veniam,
3080 5296 3268 5379 quasi
3318 5295 3545 5361 sedata
3585 5291 3926 5359 iracundia
3970 5289 4476 5360 deliberaturum

2528 5401 2599 5446 se
2636 5381 3026 5465 pronunciat
3059 5378 3217 5465 quid
3261 5379 3343 5446 de
3375 5380 3537 5465 ipsis
3571 5381 3658 5445 sit
3700 5379 4008 5444 facturus.
4076 5376 4223 5442 Etsi
4257 5389 4480 5448 autem

4001 5477 4069 5534 7*
