5017 6142
468 423 592 489 177

467 609 697 676 statuit
741 606 1034 676 ordinem
1055 659 1071 687 ,
1129 607 1237 692 pio
1281 618 1498 674 tamen
1547 604 1869 674 desiderio
1910 607 2083 693 quod
2126 607 2251 676 sibi
2295 607 2410 673 da-

466 707 612 761 tum
656 703 757 762 est
798 697 1277 761 communicare
1321 714 1468 759 cum
1514 694 1661 760 aliis
1704 694 2009 761 omnibus
2025 745 2042 774 ,
2096 703 2170 760 ut
2215 694 2412 760 susti-

467 792 674 848 neant
715 801 856 847 esse
898 780 1213 864 postremi
1250 781 1458 865 magis
1494 800 1691 864 quam
1728 779 2039 847 fratribus
2075 779 2414 863 perfectio-

470 888 622 934 nem
665 866 1023 933 invideant.
1109 865 1190 931 In
1247 886 1536 945 summa,
1593 866 1815 932 Moses
1874 865 2040 931 nihil
2097 865 2219 932 sibi
2272 864 2415 930 fore

469 953 829 1019 iucundius
873 959 1156 1017 testatur
1197 972 1395 1037 quam
1441 952 1496 1017 si
1541 953 1822 1036 gratiam
1871 951 2239 1035 prophetici
2282 950 2413 1035 spi-

467 1040 636 1105 ritus
657 1039 841 1104 Deus
875 1038 945 1103 in
982 1046 1190 1103 totum
1226 1037 1541 1121 populum
1578 1036 1920 1117 diffundat,
1954 1048 2032 1103 ut
2064 1059 2104 1104 a
2140 1037 2415 1103 minimo

469 1144 678 1210 usque
720 1122 801 1189 ad
847 1124 1208 1190 maximum
1251 1124 1393 1189 eius
1437 1122 1575 1189 sint
1618 1123 1989 1207 participes.

988 1479 1119 1546 Ex
1161 1478 1495 1547 EODEM
1539 1478 1897 1547 CAPITE.

643 1650 746 1716 30.
796 1650 1049 1734 Recepit
1103 1655 1311 1716 autem
1366 1670 1431 1716 se
1489 1649 1701 1717 Moses
1755 1651 1844 1718 ad
1883 1657 2125 1734 castra,
2181 1653 2317 1736 ipse
2362 1657 2418 1719 et

469 1738 746 1805 seniores
781 1735 1003 1802 Israel.
1091 1735 1195 1802 31.
1243 1735 1331 1801 Et
1372 1740 1587 1802 ventus
1626 1756 1910 1820 eqressus
1951 1743 2039 1803 est
2080 1760 2123 1804 a
2167 1738 2414 1820 Iehoea,

471 1824 854 1906 adduxitque
908 1823 1246 1890 coturnices
1302 1843 1334 1887 e
1386 1821 1587 1901 mari,
1645 1827 1701 1889 et
1748 1823 2000 1888 demisit
2040 1824 2128 1891 ad
2169 1828 2417 1891 castra.-

471 1910 664 1993 quasi
702 1909 928 1974 itinere
968 1908 1102 1973 diei
1138 1907 1314 1986 hinc,
1367 1913 1426 1973 et
1464 1908 1686 1973 itinere
1725 1908 1854 1974 diei
1894 1907 2097 1989 illinc,
2135 1928 2256 1991 per
2297 1910 2417 1976 cir-

472 1996 709 2062 cuitum
751 1998 1117 2075 castrorum,
1172 1998 1228 2058 et
1265 1994 1399 2077 fere
1443 1993 1531 2059 ad
1569 1994 1728 2060 duos
1769 1992 2002 2060 cubitos
2031 2015 2153 2077 per
2190 1995 2420 2078 faciem

472 2086 697 2146 terrae.
787 2079 889 2145 32.
950 2079 1129 2145 Tunc
1185 2079 1468 2146 surrexit
1514 2077 1794 2163 populus
1845 2083 1964 2145 toto
2023 2080 2128 2146 die
2169 2080 2308 2162 illo,
2361 2086 2420 2147 et

472 2171 600 2232 tota
628 2169 811 2244 nocte,
845 2170 1085 2247 totoque
1117 2165 1220 2231 die
1252 2164 1548 2246 sequenti,
1583 2168 1640 2229 et
1670 2165 2039 2251 collegerunt
2069 2165 2194 2232 sibi
2226 2170 2422 2232 cotur-

472 2253 670 2318 nices:
726 2251 838 2333 qui
877 2252 1213 2333 pauciores
1266 2250 1521 2333 colleqit,
1575 2249 1811 2333 colleqit
1864 2252 2066 2318 decem
2107 2253 2419 2319 cumulos.-

474 2343 534 2404 et
559 2336 991 2418 expanderunt
1009 2336 1133 2402 sibi
1153 2336 1561 2417 expandendo
1571 2356 1693 2418 per
1727 2337 2025 2403 circuitus
2053 2343 2415 2405 castrorum.

472 2423 575 2489 33.
638 2421 803 2489 caro
857 2421 1063 2488 adhuc
1114 2426 1253 2487 erat
1314 2422 1473 2487 inter
1535 2421 1747 2488 dentes
1813 2442 2024 2488 eorum
2083 2428 2421 2506 antequam

471 2508 719 2576 concisa
761 2513 949 2573 esset:
998 2512 1130 2573 tum
1168 2506 1353 2589 furor
1400 2506 1668 2573 Iehovae
1708 2509 1952 2573 exarsit
1991 2510 2063 2573 iu
2098 2509 2419 2592 populum

458 2595 902 2677 percussitque
946 2593 1176 2658 Iehova
1206 2592 1522 2674 populum
1549 2593 1751 2675 playa
2065 2595 2416 2661 admodum.

472 2678 1030 2746 34Etvocatum
1088 2683 1178 2743 est
1230 2678 1832 2745 nomeulociillius
1945 2680 2418 2747 'oth-hathaa-

470 2765 625 2832 vah.-
699 2765 853 2847 quia
926 2763 1017 2829 ibi
1081 2763 1459 2844 sepelierunt
1508 2764 1821 2848 populum
1884 2768 2415 2848 concupiscentem.

474 2850 577 2918 35.
634 2850 735 2917 De
800 2847 1431 2916 Gibroth-hathaavah
1483 2850 1748 2934 profecti
1809 2856 1959 2917 suut
2008 2852 2287 2934 populus
2349 2853 2419 2918 iu

477 2935 807 3016 Hasercth,
851 2940 909 3002 et
948 2935 1351 3002 substiterunt
1391 2935 1464 3001 iu
1502 2956 1570 3002 eo
1612 2935 1755 3004 loco.

650 3108 752 3174 30.
817 3106 1073 3189 Recepit
1126 3111 1330 3173 autem
1372 3127 1454 3174 se.
1543 3106 1939 3192 Quanquam
1999 3109 2419 3194 septuaginta

476 3195 716 3261 creatis
761 3194 1038 3278 quisque
1078 3213 1148 3258 se
1183 3194 1254 3258 in
1288 3193 1636 3259 stationem
1675 3214 1750 3260 ac
1786 3193 2183 3260 domicilium
2221 3215 2417 3260 suum

476 3279 860 3359 contulerit,
916 3278 1185 3344 minime
1240 3290 1461 3344 tamen
1522 3277 1793 3345 dubium
1836 3290 1938 3346 est
1979 3279 2419 3365 praemonitos

477 3366 677 3433 fuisse
721 3365 801 3430 de
844 3364 1066 3430 futuro
1124 3365 1466 3444 miraculo,
1524 3375 1599 3430 ut
1656 3386 1882 3431 omnes
1942 3366 2026 3431 ad
2084 3376 2417 3445 eventum,

478 3452 592 3536 qui
648 3472 804 3516 mox
864 3458 1202 3529 narratur,
1270 3450 1503 3516 attenti
1561 3451 1827 3517 fuerint.
1929 3450 2122 3533 Quod
2178 3450 2419 3518 dicitur

476 3545 721 3603 ventus
774 3557 814 3601 a
868 3534 1012 3602 Deo
1068 3535 1394 3620 profectus
1452 3537 1563 3620 qui
1616 3538 1983 3603 coturnices
2042 3536 2417 3618 adveheret,

475 3643 615 3689 non
660 3622 790 3688 alia
832 3622 1087 3688 ratione
1140 3622 1382 3687 factum
1442 3632 1543 3689 est
1583 3643 1782 3707 quam
1826 3630 1901 3688 ut
1942 3622 2159 3706 palam
2203 3632 2421 3690 osten-

475 3707 664 3774 deret
698 3709 886 3775 Deus
928 3728 1045 3774 eno
1088 3708 1362 3792 imperio
1406 3706 1671 3774 subesse
1714 3708 2033 3793 quidquid
2075 3710 2195 3777 sub
2238 3709 2418 3777 coelo

476 3806 610 3874 est,
674 3802 743 3860 et
800 3804 1060 3877 praesto
1115 3813 1259 3859 esse
1313 3791 1395 3859 ad
1456 3794 1857 3878 obsequium.
1959 3795 2186 3861 Potuit
2241 3804 2419 3862 certe

476 3880 619 3947 solo
685 3887 854 3945 nutu
919 3900 1143 3946 creare
1208 3882 1573 3946 coturnices
1591 3931 1606 3957 ‚
1675 3881 1869 3946 sicuti
1933 3902 2085 3946 man
2146 3903 2183 3947 e
2241 3881 2417 3948 coelo

476 3964 767 4051 pluebat.
853 3964 916 4031 N
918 3986 992 4031 ec
1037 3985 1189 4030 vero
1232 3966 1534 4031 naturale
1576 3965 1710 4031 fuit
1763 3974 2112 4032 ventorum
2168 3966 2420 4051 impetu

480 4059 742 4120 tantam
797 4052 1022 4116 avium
1088 4051 1339 4134 copiam
1408 4051 1480 4116 in
1543 4072 1747 4116 unum
1801 4051 2015 4118 locum
2072 4052 2300 4136 proiici
2353 4061 2420 4119 et

478 4138 868 4217 coacervari,
913 4135 1030 4202 sed
1066 4138 1243 4203 venti
1281 4135 1674 4204 adminiculo
1709 4159 1886 4217 usus,
1925 4144 2234 4204 testatum
2267 4138 2422 4205 fecit

479 4224 651 4309 quod
695 4226 764 4289 in
787 4222 1051 4289 Psalmo
1095 4220 1267 4309 (104,
1315 4221 1383 4310 4)
1428 4222 1759 4289 scribitur:
1809 4224 2060 4289 Ventos
2104 4244 2246 4290 esse
2278 4224 2421 4291 eius

482 4310 787 4388 nuncios,
825 4318 892 4373 et
925 4309 1097 4375 ferre
1131 4308 1345 4391 ipsum
1382 4310 1517 4375 suis
1553 4310 1706 4376 alis:
1751 4310 2055 4393 quoniam
2093 4330 2211 4374 sua
2256 4309 2422 4376 cele-

483 4399 679 4461 ritate
736 4393 948 4460 subito
1007 4394 1089 4460 ab
1149 4402 1298 4460 ortu
1355 4416 1561 4478 usquo
1604 4394 1687 4460 ad
1730 4415 2032 4462 occasum
2082 4396 2422 4479 perferunt

485 4481 628 4547 eius
694 4477 1020 4546 mandata.
1131 4480 1340 4546 Porro
1403 4481 1528 4545 etsi
1592 4483 1659 4546 in
1720 4501 1959 4565 genere
2025 4503 2254 4548 verum
2321 4493 2422 4548 est

485 4575 718 4633 ventos
752 4565 834 4631 ab
868 4566 1009 4650 ipso
1045 4586 1331 4641 manare,
1372 4574 1446 4630 ut
1482 4565 1649 4630 nihil
1685 4566 1862 4631 aliud
1898 4567 2030 4632 sint
2049 4587 2244 4650 quam
2280 4570 2421 4634 eius

484 4654 700 4731 flatus,
744 4672 866 4717 nec
909 4665 1128 4717 aerem
1173 4652 1279 4716 vel
1325 4650 1586 4717 tantillo
1628 4662 1809 4717 motu
1846 4653 2082 4735 agitari
2118 4652 2245 4718 nisi
2280 4655 2420 4718 eius

487 4737 790 4804 arbitrio:
834 4737 941 4804 hic
984 4750 1205 4803 tamen
1226 4736 1561 4802 insolitum
1587 4737 1975 4804 miraculum
2012 4738 2420 4820 exprimitur,

487 4826 659 4890 sicut
716 4832 871 4889 ante
925 4823 996 4889 in
1052 4824 1334 4890 transitu
1395 4824 1595 4889 maris
1640 4823 1838 4889 rubri.
1927 4823 2228 4907 Longius
2270 4845 2419 4906 pro-

488 4908 787 4994 greditur
840 4909 908 4974 in
966 4909 1228 4975 Psalmo
1286 4909 1631 4993 propheta,
1688 4908 1860 4993 quod
1905 4909 2086 4975 Deus
2147 4918 2419 4975 ventum

489 4995 871 5060 orientalem
914 5016 1184 5079 pergere
1229 4996 1455 5061 fecerit
1496 4995 1568 5059 in
1626 4993 1855 5074 coelis,
1914 5004 1981 5060 et
2034 4994 2424 5062 excitaverit

489 5081 734 5147 virtute
789 5101 909 5147 sua
967 5092 1260 5148 austrum
1304 5079 1504 5166 (Psal.
1564 5080 1667 5161 78,
1712 5078 1857 5167 26):
1904 5082 2143 5164 quibus
2200 5081 2420 5148 verbis

489 5167 819 5252 significat
871 5165 1242 5249 perculsum
1285 5167 1486 5234 fuisse
1526 5174 1736 5233 totum
1779 5181 2027 5248 aerem,
2091 5187 2292 5249 quum
2338 5187 2420 5232 ex

492 5252 772 5321 diversis
813 5251 1025 5337 plagis
1067 5252 1282 5319 subito
1323 5255 1526 5320 coorti
1570 5262 1726 5320 sunt
1759 5253 1940 5319 venti
1960 5302 1974 5329 ,
2012 5251 2124 5336 qui
2163 5251 2233 5319 in
2282 5252 2420 5318 enti

490 5338 717 5406 avium
781 5338 967 5422 copia
1031 5347 1272 5404 terram
1338 5340 1628 5425 undique
1690 5339 2112 5423 cooperirent.

670 5438 893 5498 Gabini
923 5454 1111 5511 opera.
1187 5439 1308 5496 Vol.
1341 5440 1535 5499 XXV.

2288 5339 2417 5405 uod

1880 417 2289 488 REDI'JJUS
2339 420 2466 487 AD
2511 416 3059 487 HISTORIAM.

4328 419 4455 485 178

2515 607 2674 674 dicit
2714 607 2948 673 itinere
2991 605 3121 673 diei
3164 608 3359 674 unius
3404 614 3647 674 terram
3692 607 3894 674 fuisse
3934 607 4273 692 repletam,
4317 628 4455 673 non

2512 693 2607 758 ita
2648 692 2947 778 intelligo
2990 713 3067 759 ac
3109 693 3164 758 si
3209 715 3363 759 aves
3407 702 3704 760 mortuae
3748 704 3881 758 tam
3926 693 4155 777 procul
4212 694 4451 761 iacuis-

2512 785 2696 845 sent:
2741 776 2854 845 sed
2891 780 3043 862 quia
3076 777 3298 846 densis
3333 779 3583 847 acervis
3618 787 3877 844 tantum
3914 789 4128 845 terrae
4163 779 4453 864 spatium

2512 864 3008 948 occupaverint,
3070 870 3136 929 et
3191 863 3450 949 quidem
3509 866 3819 932 contiuuo
3876 866 4155 950 agmine.
4253 863 4451 947 Quod

2515 951 2713 1016 etiam
2758 970 2844 1015 ex
2867 949 3130 1016 Psalmo
3172 951 3520 1036 colligitur,
3566 949 3681 1017 ubi
3724 951 3881 1017 dicit
3921 950 4246 1036 propheta
4288 950 4454 1017 ceci·

2517 1036 2688 1102 disse
2730 1036 2804 1101 in
2860 1035 3150 1101 medium
3212 1046 3574 1103 castrorum
3594 1085 3609 1114 ,
3663 1043 3734 1102 et
3779 1035 4067 1121 perlatas
4121 1037 4324 1102 fuisse
4368 1034 4454 1100 ad

2516 1121 2939 1188 tabernacula
2993 1121 3285 1205 ipsorum
3343 1123 3412 1187 in
3468 1122 3764 1189 circuitu.
3855 1120 4047 1205 Quod
4103 1130 4325 1187 tamen
4367 1120 4453 1187 de

2517 1206 2862 1273 altitudine
2904 1206 3182 1273 duorum
3224 1206 3593 1274 cubitorum
3629 1207 3909 1285 additur,
3957 1229 4087 1273 non
4124 1208 4218 1272 ita
4250 1208 4448 1273 inter·

2516 1302 2739 1378 pretor
2795 1302 2868 1358 ut
2927 1292 3217 1377 quidam,
3275 1294 3497 1359 volatu
3555 1293 3805 1360 scilicet
3867 1314 4001 1358 non
4055 1293 4231 1358 ultra
4288 1292 4452 1358 duos

2518 1378 2768 1445 cubitos
2816 1378 3020 1445 elatas
3062 1380 3278 1458 fuisse,
3323 1399 3451 1463 quo
3493 1378 3750 1445 facilius
3788 1379 4094 1445 manibus
4127 1379 4272 1462 capi
4302 1398 4451 1461 pos·

2517 1473 2699 1530 sent:
2759 1464 2874 1530 sed
2920 1472 3171 1529 tantam
3214 1464 3420 1531 fuisse
3463 1465 3785 1550 cogeriem
3823 1474 3903 1529 ut
3946 1463 4190 1548 singuli
4234 1463 4451 1529 aufer-

2517 1557 2666 1614 rent
2710 1560 3025 1633 quantum
3079 1560 3382 1634 poteraut
3439 1558 3715 1635 gestare.
3802 1550 3976 1615 Nam
4022 1559 4087 1615 et
4130 1548 4259 1614 huc
4301 1568 4455 1632 per-

2516 1636 2731 1701 tinent
2772 1636 3121 1720 magnifica
3161 1636 3372 1721 elogia
3406 1636 3639 1720 quibus
3672 1634 4062 1702 miraculum
4096 1635 4166 1700 in
4190 1633 4455 1700 Psalmo

2518 1720 2881 1788 extollitur:
2926 1720 3110 1786 Pluit
3150 1741 3350 1805 super
3392 1743 3502 1788 eos
3545 1723 3728 1806 quasi
3764 1722 4121 1805 pulverem,
4165 1739 4452 1800 carnem,

2517 1813 2586 1873 et
2626 1806 2813 1956 guasi
2854 1827 3121 1872 arenam
3168 1806 3388 1886 maris,
3436 1807 3764 1874 volucrem
3808 1816 4181 1891 pennatam.
4269 1805 4454 1887 Quo-

2518 1913 2624 1957 mo
2669 1912 2709 1957 o
2754 1899 2977 1959 autem
3021 1891 3456 1977 expanderint
3513 1914 3623 1959 eas
3678 1915 3796 1977 per
3852 1894 4226 1971 circuitum,
4291 1890 4459 1957 mihi

2521 1998 2655 2043 non
2714 1978 2876 2043 satis
2929 1977 3169 2061 liquet:
3221 1978 3352 2043 nisi
3405 1977 3576 2043 forte
3631 1979 3701 2043 in
3758 1979 4025 2045 aviariis
4079 1993 4196 2044 aut
4238 1980 4457 2047 caveis

2519 2062 2893 2130 reconditae
2934 2063 3200 2141 fuerint,
3238 2075 3304 2128 et
3337 2064 3624 2148 quotidie
3659 2064 4083 2150 depromptae
4116 2065 4189 2130 in
4225 2064 4464 2131 cibum.

2695 2149 2799 2216 33.
2842 2147 3006 2217 Caro
3040 2148 3243 2216 adhuc
3277 2153 3426 2216 erat.
3487 2147 3684 2215 Diem
3721 2159 3966 2216 certam
4001 2171 4130 2216 non
4163 2150 4471 2235 designat

2522 2233 2758 2313 Moses,
2804 2234 2930 2300 nisi
2976 2234 3148 2318 quod
3172 2234 3355 2302 Deus
3391 2256 3521 2300 uon
3567 2237 3989 2320 exspectavit,
4035 2237 4241 2302 donec
4282 2235 4466 2302 fasti-

2523 2318 2710 2385 dium
2763 2319 3049 2386 adferret
3106 2321 3450 2386 saturitas:
3512 2320 3626 2387 sed
3671 2323 3738 2386 in
3786 2321 4001 2387 media
4044 2320 4277 2387 edendi
4326 2322 4469 2389 avi-

2522 2405 2729 2472 ditate
2765 2426 3039 2490 poenam
3076 2407 3336 2472 inflixit.
3404 2405 3748 2473 Goniicere
3783 2414 4001 2473 tamen
4047 2428 4127 2473 ex
4174 2409 4470 2492 superio·-

2525 2490 2705 2557 ribus
2749 2492 2900 2559 licet
2959 2491 3187 2557 datum
3230 2492 3363 2558 illis
3404 2492 3605 2558 fuisse
3649 2500 3909 2576 tempus
3952 2513 4077 2575 quo
4121 2513 4192 2558 se
4235 2493 4467 2578 ingur-

2525 2577 2830 2661 gitarent.
2919 2576 3114 2644 Unde
3152 2578 3457 2661 cognosci
3501 2586 3715 2661 potest
3755 2577 4168 2662 inexplebilis
4210 2578 4470 2645 voraci-

2524 2671 2659 2743 tas,
2722 2684 2886 2747 quae
2943 2671 3039 2728 tot
3082 2664 3413 2731 continuis
3457 2663 3684 2730 diebus
3740 2665 4018 2742 exarsit,
4075 2684 4194 2730 uec
4250 2665 4467 2747 potuit

2523 2746 2660 2812 ulla
2705 2748 3044 2815 affluentia
3086 2749 3323 2816 sedari.
3411 2750 3596 2817 Deus
3640 2770 3794 2835 ergo
3838 2760 4101 2833 tempus
4145 2750 4467 2816 concessit

2567 2832 2698 2898 uod
2741 2833 2823 2899 ad
2858 2833 3006 2902 illos
3040 2834 3430 2902 saturandos
3466 2834 3726 2901 abunde
3761 2836 4108 2915 sufficeret,
4157 2834 4284 2901 nisi
4320 2854 4468 2918 pro-

2572 2918 2776 3003 'giosa
2819 2919 3054 2986 fuisset
3093 2920 3456 3006 ingluvies:
3502 2929 3570 2986 et
3607 2929 3830 2986 tamen
3874 2941 4098 2986 eorum
4143 2920 4464 3005 intempe-

2523 3004 2808 3070 rantiam
2846 3006 3029 3073 ultus
3074 3014 3176 3073 est
3216 3027 3419 3090 quum
3465 3006 3680 3072 adhuc
3713 3007 3783 3071 in
3818 3007 4112 3090 ipsorum
4147 3027 4260 3072 ore
4295 3012 4468 3073 esset

2523 3089 2725 3156 cibus.
2816 3089 3115 3175 Repente
3159 3092 3367 3178 igitur
3407 3091 3478 3157 in
3532 3092 3675 3175 ipsa
3731 3092 4001 3175 crapula
4044 3092 4311 3158 fuerunt
4356 3090 4468 3157 de·

2524 3166 2850 3258 preh'ensi.
2942 3177 3099 3244 Ideo
3152 3177 3220 3242 in
3266 3178 3532 3244 Psalmo
3589 3177 3857 3257 dicitur,
3919 3177 4206 3243 nondum
4266 3177 4470 3243 fuisse

2523 3260 2844 3328 alienatos
2891 3285 2929 3329 a
2972 3284 3091 3330 suo
3148 3260 3489 3329 desiderio.
3576 3261 3862 3328 Perinde
3907 3282 3984 3328 ac
4026 3263 4085 3329 si
4139 3263 4469 3347 quispiam

2527 3347 2745 3413 helluo
2788 3348 2936 3431 plns
2968 3368 3163 3433 qnam
3209 3357 3439 3434 guttur
3483 3348 3659 3432 capit
3703 3347 4011 3428 vorando,
4056 3367 4128 3414 se
4163 3356 4474 3434 strangu-

2522 3433 2710 3499 laret.
2778 3434 3010 3518 Neque
3043 3434 3110 3499 id
3141 3435 3432 3500 satietati
3469 3446 3811 3519 repugnat,
3847 3435 4031 3501 cuius
4066 3454 4279 3518 nuper
4301 3434 4473 3501 facta

2521 3518 2651 3583 fuit
2706 3520 2979 3585 mentio:
3046 3521 3199 3603 quia
3260 3532 3589 3604 utcunque
3653 3520 3836 3604 copia
3892 3529 4156 3604 turgeat
4205 3527 4456 3600 venter,

2521 3603 2769 3670 furiosa
2834 3605 3073 3671 edendi
3125 3604 3324 3673 libido
3377 3626 3712 3689 nunquam
3767 3607 4214 3692 restinguitur.
4305 3604 4455 3687 Quo

2519 3699 2738 3756 autem
2782 3692 3188 3759 manifestius
3234 3699 3405 3758 esset
3448 3690 3841 3775 exemplum,
3884 3693 3954 3757 in
3997 3694 4139 3776 ipso
4181 3690 4456 3757 articulo

2521 3776 2703 3842 Deus
2752 3796 3032 3860 poenam
3076 3778 3314 3863 exigit:
3360 3777 3513 3862 quia
3556 3777 3741 3843 nulla
3781 3778 3994 3862 potuit
4030 3777 4259 3843 melior
4302 3776 4456 3862 eligi

2519 3864 2987 3946 opportunitas.

2690 3948 2796 4015 34.
2838 3948 2928 4014 Et
2964 3955 3245 4016 vocatum
3297 3954 3386 4015 est
3436 3969 3672 4015 nomn.
3759 3947 3956 4012 'Danti
4014 3945 4276 4011 sceleris
4317 3965 4457 4012 mo·

2522 4043 2912 4100 numentum
2956 4042 3217 4101 exstare
3263 4054 3524 4102 necesse
3566 4036 3709 4112 fuit,
3755 4054 3839 4098 ne
3883 4032 4001 4097 filii
4045 4040 4265 4115 patres
4307 4033 4456 4097 imi-

2522 4125 2843 4185 tarentur.
2910 4120 3251 4187 Hactenus
3293 4121 3437 4187 cibo
3480 4129 3548 4183 et
3589 4117 3873 4185 iucundo
3907 4129 3972 4183 et
4006 4118 4253 4184 salubri
4276 4117 4459 4184 Deus

2520 4205 2696 4287 ipsos
2750 4205 3038 4271 aluerat:
3101 4206 3346 4271 victum
3400 4203 3701 4270 illicitum
3760 4203 4124 4288 appetendo
4186 4204 4461 4269 fuerunt

2521 4291 2591 4355 in
2634 4310 2706 4355 se
2746 4292 2906 4373 ipsis
2951 4291 3258 4357 necandis
3294 4291 3586 4357 venefici.
3654 4290 3860 4355 Porro
3903 4289 4309 4374 ingratitudo
4344 4289 4462 4355 illa

2523 4374 2925 4441 detestabilis
2969 4378 3202 4442 merito
3242 4377 3367 4442 fuit
3411 4376 3583 4459 apud
3629 4386 3962 4460 posteros:
4007 4376 4280 4459 ideoque
4325 4395 4459 4441 non

2522 4460 2765 4544 absque
2807 4463 3081 4545 spiritus
3114 4460 3242 4528 Dei
3276 4463 3592 4529 instinctu
3635 4462 4010 4545 impositum
4055 4462 4179 4526 fuit
4222 4481 4459 4526 nomen

2522 4547 2683 4613 loco.
2773 4547 3005 4632 Itaque
3048 4548 3295 4614 Paulus
3353 4548 3695 4629 admonet,
3752 4549 3823 4612 in
3866 4546 3987 4613 hac
4031 4547 4305 4613 historia
4349 4546 4462 4611 de-

2520 4633 2769 4715 pictum
2813 4653 2957 4700 esse
3000 4634 3187 4700 nobis
3222 4634 3350 4699 Dei
3393 4633 3705 4701 iudicium
3750 4635 4069 4699 adversus
4112 4652 4348 4715 pravas
4391 4639 4458 4696 et

2525 4718 2795 4784 vitiosas
2840 4720 3419 4803 concupiscentias,
3462 4730 3540 4785 ut
3581 4719 3911 4785 discamus
3953 4718 4080 4802 ipsi
4124 4738 4257 4782 non
4301 4736 4455 4782 con·

2522 4804 2869 4886 cupiscere.
2960 4805 3266 4872 Breviter
3327 4814 3544 4871 autem
3605 4807 3875 4889 exposui
3920 4814 4243 4887 quatenus
4287 4800 4460 4866 frae-

2522 4888 2728 4954 nandi
2770 4888 2904 4956 sint
2958 4892 3309 4976 appetitus,
3375 4901 3443 4957 et
3499 4890 3652 4976 quid
3701 4890 3964 4975 proprie
4006 4889 4096 4953 sit
4137 4887 4468 4970 intempe-

2524 4975 2755 5039 rantia.

3979 5434 4047 5487 12
